2746 4228
254 345 297 414 54
581 353 611 420 3·
635 339 807 399 1A1AA02
830 340 863 398 r.

254 503 379 590 δενδρέῳ
396 503 571 585 ἐφεζόμενοι
587 506 648 570 ὄπα
662 507 859 587 λειριόεσσαν
875 509 958 572 ἱεῖσι·

253 612 330 672 τοῖσι
345 608 402 689 ἄρα
416 609 527 690 Τρώων
540 607 685 690 ἡγήτορες
699 609 762 690 ἧντ’
779 610 829 674 ἐπὶ
845 609 956 694 πύργῳ.

253 713 282 774 οἱ
297 709 321 774 δ’
338 710 378 778 ὡς
393 710 446 776 σύν
461 711 568 776 εἴδονθ’
584 711 714 792 Ἑλένην
729 713 779 777 ἐπὶ
795 712 908 795 πύργον
924 715 1038 792 ἰοῦσαν,

253 813 310 892 ἦκα
325 813 399 894 πρὸς
414 812 567 892 ἀλλήλους
581 816 656 880 έπεα
671 815 823 896 πτερόεντ’
840 816 993 898 ἀγόρευον·
1145 840 1192 892 ¹55

255 924 272 952 “
282 917 317 980 ού
332 917 452 996 νέμεσις
467 923 574 999 Τρῶας
589 921 638 984 καὶ
653 919 828 1000 ἐϋκνήμιδας
841 919 986 1002 Ἀχαιοὺς

253 1019 346 1104 τοιῇδ’
362 1022 441 1101 άμφὶ
455 1024 573 1104 γυναικὶ
588 1023 686 1090 πολὺν
699 1025 810 1108 χρόνον
824 1024 922 1107 ἄλγεα
936 1022 1080 1106 πάσχειν·

253 1126 342 1189 αἰνῶς
357 1124 524 1211 ἀθανάτῃσι
540 1128 610 1212 θεῇς
626 1129 668 1194 είς
683 1125 750 1190 ὦπα
765 1127 872 1191 έοικεν·

253 1229 335 1292 ἆλλδ
350 1228 399 1291 καὶ
415 1227 454 1294 ὣς
469 1229 534 1307 τοίη
551 1255 607 1309 περ
625 1229 705 1293 έαΰσ’
721 1231 755 1294 έν
770 1231 858 1309 νηυσὶ
873 1229 997 1306 νεέσθω,

251 1331 318 1412 μηδ’
335 1331 406 1411 ἡμῖν
421 1331 564 1397 τεκέεσσί
576 1334 601 1398 τ’
617 1335 737 1398 ὀπίσσω
753 1337 836 1412 πῆμα
850 1334 1001 1399 λίποιτο.”
1146 1345 1193 1396 160

289 1433 352 1501 Ὣς
366 1433 413 1515 ἄρ’
431 1434 518 1516 έφαν,
534 1438 669 1516 Πρίαμος
686 1433 713 1499 δ’
727 1434 856 1516 Ἑλένην
871 1437 1061 1500 ἐκαλέσσατο
1076 1438 1173 1521 φωνῇ·

253 1545 271 1574 “
281 1542 367 1620 δεῦρο
382 1537 500 1619 πάροιθ’
517 1541 659 1610 ἐλθοῦσα,
675 1538 769 1618 φίλον
784 1537 877 1617 τέκος,
892 1540 954 1617 ίζευ
970 1542 1063 1619 έμεῖο,

253 1643 333 1723 ὄφρα
348 1644 397 1728 ίδῃ
412 1641 557 1724 πρότερόν
571 1665 604 1704 τε
619 1638 712 1706 πόσιν
726 1641 819 1719 πηούς
834 1667 867 1705 τε
882 1644 993 1722 φίλους
1007 1667 1085 1707 τε·-

253 1744 287 1808 αύ
301 1770 330 1808 τι
345 1770 396 1824 μοι
412 1746 490 1824 αἰτίη
506 1743 587 1815 έσσί,
603 1743 669 1807 θεοί
683 1744 718 1807 νύ
731 1767 783 1822 μοι
798 1745 890 1808 αἴτιοί
904 1747 994 1818 εἰσιν,

252 1851 284 1912 οί
295 1873 347 1928 μοι
363 1847 549 1929 ἐφώρμησαν
563 1845 699 1924 πόλεμον
713 1846 901 1926 πολύδακρυν
922 1847 1101 1930 Ἀχαιῶν-
1147 1861 1192 1923 165

252 1953 292 2017 ὥς
305 1975 357 2030 μοι
373 1952 421 2015 καὶ
437 1948 515 2013 τόνδ’
530 1947 624 2030 ἄνδρα
639 1949 789 2029 πελώριον
803 1946 995 2036 ἐξονομήνῃς,

252 2055 285 2121 ός
299 2078 344 2120 τις
359 2052 402 2116 ὅδ’
419 2052 504 2116 ἐστὶν
517 2050 643 2134 Ἀχαιός
656 2052 731 2133 άνηρ
745 2049 798 2131 ἠύς
813 2077 846 2116 τε
860 2051 954 2134 μέγας
969 2077 1011 2117 τε.

252 2157 271 2237 ή
285 2183 332 2221 τοι
346 2158 402 2235 μὲν
418 2155 536 2237 κεφαλῇ
553 2155 601 2218 καὶ
614 2155 749 2233 μείζονες
764 2155 856 2220 ἄλλοι
871 2155 950 2232 έασι,

252 2260 346 2325 καλὸν
360 2259 385 2323 δ’
402 2259 478 2322 ούτω
494 2258 573 2340 ἐγών
587 2258 622 2321 ού
636 2284 684 2322 πω
699 2260 765 2322 ίδον
781 2258 998 2339 ὀφθαλμοῖσιν,

252 2363 311 2426 οὐδ’
328 2364 403 2427 οὕτω
418 2362 554 2444 γεραρόν·
577 2364 709 2440 βασιλῆϊ
723 2361 780 2444 γὰρ
796 2362 881 2444 άνδρὶ
897 2361 1003 2427 έοικε.”
1145 2389 1192 2442 ¹70

293 2465 355 2529 Τὸν
369 2464 394 2529 δ’
411 2463 521 2542 Ἑλένη
536 2463 677 2541 μύθοισιν
692 2464 846 2543 ἀμείβετο,
862 2470 912 2529 δῖα
926 2471 1084 2549 γυναικῶν·

252 2576 269 2604 “
279 2569 392 2634 αἰδοῖός
407 2566 440 2630 τέ
454 2569 508 2645 μοί
522 2568 602 2638 έσσι,
619 2566 694 2648 φίλε
711 2567 804 2648 έκυρέ,
822 2570 920 2635 δεινός
934 2586 977 2633 τε·

251 2674 290 2739 ὡς
305 2675 419 2753 ὄφελεν
433 2670 561 2736 θάνατός
576 2695 628 2747 μοι
643 2672 726 2734 ἁδεῖν
743 2671 832 2738 κακὸς
848 2673 963 2736 ὁππότε
978 2677 1063 2762 δεῦρο

250 2777 309 2840 υἱέι·
323 2777 367 2862 σῷ
383 2776 507 2853 ἑπόμην,
522 2772 659 2853 θάλαμον
673 2774 805 2856 γνωτούς
819 2800 854 2838 τε
869 2780 1004 2839 λιποῦσα

250 2878 343 2944 παῖδά
357 2905 391 2943 τε
405 2877 571 2960 τηλυγέτην
586 2879 636 2941 καὶ
651 2879 810 2957 ὁμηλικίην
825 2875 988 2957 έρατεινήν.
1144 2903 1190 2955 ¹75

251 2985 333 3046 άλλδ
348 2981 385 3045 τά
400 2981 428 3063 γ’
445 2981 497 3044 ούκ
513 2980 662 3063 ἐγένοντο·
686 2981 721 3044 τὸ
736 2982 785 3046 καὶ
801 2983 950 3045 κλαίουσα
964 2977 1083 3058 τέτηκα.

250 3092 337 3150 τοῦτο
353 3084 386 3151 δέ
401 3110 448 3149 τοι
463 3083 546 3167 έρέω,
563 3085 581 3147 ό
594 3083 623 3166 μ’
641 3086 772 3165 ἀνείρεαι
787 3084 840 3162 ἠδὲ
854 3083 1019 3166 μεταλλᾷς·

251 3189 336 3254 οὗτός
350 3187 378 3270 γ’
393 3185 548 3267 Ἀτρείδης
563 3187 738 3269 εύρυιιρείων
751 3184 957 3268 Ἀγαμέμνων,

250 3292 421 3373 ἀμφότερον
435 3288 584 3369 βασιλεύς
599 3287 623 3350 τ’
640 3288 753 3371 ἀγαθός
769 3288 909 3369 κρατερός
923 3286 947 3349 τ’
965 3285 1121 3371 αἰχμητής·

250 3397 324 3476 δαὴρ
340 3393 402 3457 αὕτ’
418 3392 488 3474 έμὸς
503 3394 575 3457 έσκε
591 3392 762 3467 κυνώπιδος,
780 3390 888 3455 εἴπατ’
904 3390 958 3468 έην
971 3389 1035 3473 γε.”
1143 3406 1190 3453 ι8ο

286 3497 349 3564 Ὣς
364 3496 454 3577 φάτο,
469 3494 561 3560 τόνδ’
579 3496 596 3557 ό
610 3494 706 3576 γέρων
720 3492 879 3576 ἠγάσσατο
895 3491 1039 3574 φώνησέν
1053 3512 1096 3558 τε·

249 3600 303 3666 “ὦ
315 3599 413 3683 μάκαρ
426 3597 573 3678 Ἀτρείδη,
589 3597 773 3681 μοιρηγενές,
790 3598 999 3678 ὀλβιόδαιμον,

250 3707 269 3787 ἦ
282 3704 320 3788 ῥά
336 3703 370 3770 νύ
385 3729 432 3768 τοι
447 3709 560 3768 πολλοὶ
575 3700 722 3782 δεδμήατο
739 3707 839 3784 κοῦροι
852 3703 998 3786 Ἀχαιῶν.
