2834 4234
273 341 337 422 690
558 357 606 404 11.
631 341 864 401 ΟΔΎΣΣΕΙΑΣ
891 341 926 400 Λ.

272 505 376 582 τλαίης
391 506 424 568 ἐν
437 504 556 589 μεγάρῳ
573 507 610 568 τδ
626 503 666 568 σὰ
682 503 771 582 κήδεα
785 498 1009 583 μυθήσασθαι.”

314 610 377 672 Τὸν
392 607 417 672 δ’
435 609 678 689 ἀπαμειβόμενος
692 609 833 690 προσέφη
850 607 1014 687 πολύμητις
1026 605 1208 671 Ὀδυσσεύς·’

272 713 438 776 ’(Ἀλκίνοε
454 717 561 794 κρεῖον,
577 711 697 775 πάντων
711 713 873 792 ἀριδείκετε
889 718 982 786 λαῶν,

272 819 332 898 ὥρη
348 819 402 895 μὲν
417 815 537 881 πολέων
551 817 660 895 μύθων,
677 817 737 897 ὥρη
753 819 785 879 δὲ
802 817 851 879 καὶ
866 817 968 882 ύπνου·

273 918 340 984 εἶδ’
356 920 396 984 ἔτ’
413 918 592 999 ἀκουέμεναί
604 946 639 1001 γε
651 921 794 995 λιλαίεαι,
811 921 862 984 οῦκ
879 919 916 983 ἂν
932 920 990 1000 ἑγό
1006 945 1042 1000 γε
1169 933 1218 993 380

272 1024 384 1088 τούτων
401 1050 450 1087 σοι
466 1024 624 1104 φθονέοιμι
642 1027 690 1088 καὶ
707 1023 866 1105 οἰκτρότερ’
882 1020 952 1086 ἀλλ’
969 1023 1139 1104 ἀγορεῦσαι,

273 1124 353 1205 κήδε’
370 1130 449 1206 ἐμῶν
464 1126 584 1209 ἑτάρων,
601 1127 629 1190 οῖ
644 1127 680 1206 δὴ
696 1130 880 1207 μετόπισθεν
894 1129 1014 1203 ὄλοντο,

274 1231 302 1293 οῖ
317 1231 429 1311 Τρόων
443 1233 498 1309 μὲν
512 1229 703 1314 ὑπεξέφυγον
719 1232 908 1296 στονόεσσαν
923 1227 1025 1308 ἀϋτήν,

273 1337 306 1397 ἐν
321 1335 419 1418 νόστῳ
435 1331 460 1398 δ’
475 1335 625 1398 ἀπόλοντο
641 1338 731 1413 κακῆς
746 1336 842 1413 ἰότητι
856 1334 1004 1417 γυναικός.

317 1437 417 1517 Αὐτὰρ
432 1434 498 1501 ἐπεὶ
512 1437 616 1520 ψυχὰς
629 1440 684 1517 μὲν
701 1435 885 1502 ἀπεσκέδασ’
900 1437 1026 1504 ἄλλυδις
1042 1437 1124 1522 ἄλλῃ
1172 1451 1220 1512 385

274 1542 351 1622 ἁγνή
367 1541 582 1622 Περσεφόνεια
595 1547 745 1624 γυναικῶν
760 1542 960 1622 θηλυτεράων,

274 1643 349 1723 ἦλθε
365 1644 389 1708 δ’
407 1646 457 1708 ἐπὶ
472 1645 558 1726 ψυχή
573 1643 798 1726 Ἀγαμέμνονος
812 1643 969 1725 Ἀτρείδαο

274 1746 433 1830 ἀχνυμένη·
465 1746 532 1830 περὶ
548 1747 574 1812 δ’
590 1749 683 1811 ἀλλαι
699 1747 870 1831 ἀγηγέραθ’,
886 1751 977 1810 ὅσσοι
992 1745 1041 1826 ἀμ’
1058 1749 1134 1831 αὐτῷ

274 1853 345 1937 οῖκιρ
362 1853 394 1916 ἐν
408 1854 569 1934 Αἰγίσθοιο
584 1851 675 1916 θάνον
692 1854 740 1916 καὶ
755 1851 871 1931 πότμον
885 1850 1029 1915 ἐπέσπον.

275 1955 352 2037 ἔγνω
368 1953 393 2019 δ’
411 1954 478 2037 αἶψ’
495 1956 547 2034 ἐμὲ
563 1962 667 2034 κεῖνος,
684 1957 749 2020 ἐπεὶ
765 1957 832 2019 πίεν
847 1958 920 2035 αῖμα
936 1957 1086 2019 κελαινόν·
1172 1982 1223 2035 390

277 2065 362 2122 κλαῖε
378 2059 402 2123 δ’
419 2061 435 2120 ὅ
451 2084 486 2140 γε
502 2058 620 2142 λιγέως,
638 2064 765 2140 θαλερὸν
781 2063 856 2124 κατδ
870 2059 997 2141 δάκρυον
1012 2062 1115 2140 εἴβων,

275 2164 381 2228 πιτνὰς
398 2165 440 2228 είς
457 2165 509 2242 ἐμὲ
524 2167 635 2246 χεῖρας,
651 2161 814 2243 ὀρέξασθαι
828 2165 1000 2242 μενεαίνων·

277 2267 348 2329 ἀλλ’
364 2267 397 2330 οῦ
411 2266 468 2349 γάρ
484 2268 513 2328 οί
529 2264 570 2328 ἔτ’
587 2265 623 2345 ήν
636 2268 666 2331 ἲς
682 2268 810 2346 ἔμπεδος
826 2266 893 2330 οὐδέ
907 2291 936 2329 τι
953 2271 1042 2344 κῖκυς,

276 2374 323 2448 οἵη
339 2396 395 2452 περ
410 2369 504 2450 πάρος
519 2371 608 2433 ἔσκεν
624 2371 668 2434 ένὶ
683 2375 864 2452 γναμπτοῖσι
879 2369 1021 2448 μέλεσσι.

276 2476 398 2553 τὸνμὲν
413 2474 472 2555 ἐγὼ
488 2473 620 2554 δάκρυσα
636 2475 706 2536 ἰδδν
722 2472 834 2551 ἐλέησά
848 2499 881 2537 τε
897 2475 985 2557 θυμῷ,
1175 2502 1223 2554 395

277 2579 330 2640 καί
341 2604 393 2656 μιν
408 2576 554 2658 φωνήσας
569 2578 642 2641 έπεα
658 2577 819 2659 πτερόεντα
835 2579 1021 2659 προσηύδων·

321 2687 336 2713 “
346 2678 481 2762 Ἀτρεΐδη
498 2682 627 2757 κύδιστε,
645 2680 723 2760 άναξ
736 2684 857 2761 ἀνδρῶν,
873 2680 1072 2763 Ἀγάμεμνον,

278 2788 321 2852 τίς
338 2785 372 2850 νύ
388 2811 424 2848 σε
440 2786 494 2865 κὴρ
510 2785 666 2865 ἐδάμασσε
681 2784 862 2864 τανηλεγέος
879 2784 1043 2859 θανάτοιο,·

276 2888 311 2967 ἠέ
325 2889 363 2953 σέ
378 2889 404 2972 γ’
422 2891 454 2953 ἐν
470 2889 579 2968 νήεσσι
594 2889 774 2953 Ποσειδάων
789 2887 961 2967 ἐδάμασσεν

279 2995 371 3074 ὄρσας
387 2994 543 3076 ἀργαλέων
559 2994 675 3074 ἀνέμων
693 2991 861 3074 ἀμέγαρτον
877 2991 999 3074 ἀῦτμήν,
1175 3021 1225 3070 400

278 3096 314 3177 ήέ
329 3096 358 3159 σ’
375 3097 514 3178 ἀνάρσιοι
529 3097 633 3178 ἀνδρες
648 3095 828 3174 ἐδηλήσαντ’
844 3098 894 3161 ἐπὶ
910 3097 1022 3180 χέρσου

278 3205 355 3279 βοῦς
371 3202 622 3283 περιταμνόμενον
638 3199 683 3278 ἠδ’
699 3203 772 3264 οῖιῦν
787 3201 871 3264 πόεα
887 3199 974 3274 καλό,

279 3304 313 3382 ἠὲ
326 3306 394 3386 περὶ
410 3306 534 3370 πτόλιος
550 3304 755 3386 μαχεούμενον
770 3304 822 3383 ἠδὲ
837 3309 986 3386 γυναικῶν
995 3328 1005 3377 ,·
1017 3301 1034 3329 ”

316 3407 379 3474 Ὣς
394 3409 522 3489 ἐφάμην,
540 3410 556 3470 ὁ
571 3406 604 3472 δέ
616 3408 647 3485 μ’
662 3407 755 3472 αὐτίκ’
772 3408 971 3488 ἀμειβόμενος
987 3408 1160 3489 προσέειπε·

279 3519 296 3546 “
310 3514 442 3595 διογενὲς
458 3513 634 3594 Λαερτιάδη,
651 3511 839 3595 πολυμήχαν’
854 3510 1014 3589 Ὀδυσσεῦ,
1177 3538 1226 3587 405

280 3617 340 3680 οὔτ’
356 3615 408 3695 ἐμέ
420 3615 448 3698 γ’
463 3617 497 3680 ἐν
512 3615 621 3692 νήεσσι
638 3615 815 3680 Ποσειδάων
831 3612 1012 3695 ἐδάμασσεν,

282 3719 389 3809 [ὄρσας
406 3717 564 3802 ἀργαλέων
579 3719 697 3800 ἀνέμων
712 3718 878 3801 ἀμέγαρτον
894 3718 1029 3808 άῦτμήν,]
