2834 4234
502 344 552 391 τι.
575 331 809 413 οΔυΣΣρικΣ
832 333 868 397 Λ.
1088 331 1150 414 697

206 500 306 581 ἔρρεεν
323 501 355 563 ἐκ
370 498 497 582 μελέων,
515 501 599 578 κονίη
615 497 689 564 δ’ἐκ
706 506 811 582 κρατὸς
826 499 939 581 ὀρώρει.
1102 515 1152 565 600

246 603 310 667 Τδν
326 605 358 667 δὲ
372 601 436 686 μέτ’
454 603 616 683 εἰσενόησα
631 604 706 683 βίην
721 601 934 684 Ἡρακληείην,

205 707 342 770 εἴδωλον·
366 705 454 773 ούτδς
470 709 502 770 δὲ
517 705 581 785 μετ’
598 704 775 771 ἀθανάτοισι
793 711 889 770 θεοῖσι

205 811 343 887 τέρπεται
358 811 390 872 ἐν
406 811 514 896 θαλίῃς
529 806 578 872 καὶ
595 809 660 892 έχει
676 811 889 891 καλλίσφυρον
898 808 1007 889 Ἥβην

207 908 316 998 [παῖδα
332 913 406 979 Διὸς
421 913 567 995 μεγάλοιο
585 911 633 976 καὶ
643 909 741 993 Ἥρης
757 911 1002 1001 χρυσοπεδίλου]

205 1012 283 1095 ἀμφὶ
303 1015 337 1081 δέ
347 1041 399 1094 μιν
415 1016 532 1098 κλαγγὴ
548 1015 659 1079 νεκύων
676 1015 713 1093 ἧν
728 1017 842 1078 οἰωνῶν
857 1017 906 1092 ὥς,
1102 1028 1152 1092 605

206 1117 332 1181 πάντοσ’
350 1118 545 1197 ἀτυζομένων·
570 1120 586 1182 ὁ
602 1116 626 1182 δ’
644 1119 752 1206 ἐρεμνῇ
767 1116 848 1184 νυκτὶ
863 1119 976 1197 ἐοικός,

205 1221 317 1301 γυμνὸν
332 1220 420 1300 τόξον
435 1221 516 1304 έχων
531 1223 579 1285 καὶ
595 1218 645 1284 ἐπὶ
660 1224 804 1302 νευρῆφιν
820 1222 934 1297 ὀϊστόν,

206 1323 303 1388 δεινδν
318 1325 505 1403 παπταίνων,
521 1325 579 1388 alei
595 1324 742 1403 βαλέοντι
759 1324 872 1392 ἐοικός.

206 1426 390 1505 σμερδαλέος
407 1427 441 1491 δέ
456 1430 485 1491 οἱ
501 1428 580 1510 ἀμφὶ
596 1426 664 1510 περὶ
680 1426 849 1506 στήθεσσιν
863 1426 972 1510 ἀορτήρ

205 1530 334 1611 χρύσεος
350 1530 387 1610 ήν
403 1533 550 1611 τελαμών,
566 1533 616 1596 ἵνα
633 1531 765 1596 θέσκελα
782 1532 855 1614 ἔργα
870 1531 999 1608 τέτυκτο,
1103 1544 1153 1594 610

206 1633 307 1713 άρκτοι
323 1632 349 1696 τ’
364 1635 521 1718 ἀγρότεροί
535 1661 567 1699 τε
585 1634 655 1701 ούες
669 1637 803 1716 χαροποί
816 1660 848 1699 τε
863 1635 996 1713 λέοντες,

205 1739 329 1815 ὑσμῖναί
341 1763 374 1802 τε
389 1737 485 1821 μάχαι
500 1764 533 1802 τε
549 1740 639 1820 φόνοι
653 1739 678 1800 τ’
694 1739 906 1819 ἀνδροκτασίαι
922 1765 964 1803 τε.

205 1841 245 1919 μή
263 1839 487 1924 τεχνησάμενος
502 1841 568 1921 μηδ’
585 1842 664 1905 ἄλλο
680 1868 709 1905 τι
724 1839 916 1923 τεχνήσαιτο,

206 1943 239 2009 ὃς
256 1951 355 2009 κεῖνον
370 1951 529 2023 τελαμῶνα
544 1946 578 2030 έῇ
599 1944 760 2027 ἐγκάτθετο
775 1944 877 2030 τέχνῃ.

206 2049 283 2128 ἔγνω
300 2045 325 2110 δ’
342 2048 444 2111 αὐτίκα
460 2053 567 2123 κεῖνος,
583 2045 648 2111 ἐπεὶ
663 2048 727 2111 ἴδεν
742 2048 943 2128 ὀφθαλμοῖσι,
1104 2063 1152 2127 615

207 2152 256 2214 καί
270 2149 301 2231 μ’
318 2151 543 2232 ὀλοφυρόμενος
559 2152 634 2215 ἔπεα
651 2152 814 2231 πτερόεντα
828 2152 993 2232 προσηύδα·

250 2260 267 2287 “
281 2256 426 2337 Διογενὲς
443 2252 626 2335 Λαερτιάδη,
641 2252 829 2336 πολυμήχαν’
847 2252 1008 2331 Ὀδυσσεῦ,

206 2359 224 2420 ά
241 2357 326 2437 δείλ’,
343 2358 362 2438 ή
377 2357 444 2424 τινὰ
461 2356 509 2423 καὶ
526 2358 565 2422 σὺ
581 2358 674 2422 κακὸν
688 2359 782 2438 μύρον
797 2357 970 2439 ἡγηλάζεις,

206 2464 241 2524 ὀν
257 2488 312 2542 περ
329 2464 406 2544 ἐγὼν
420 2462 568 2544 ὀχέεσκον
582 2461 632 2525 ὑπ’
648 2463 742 2543 ούγάς
757 2462 883 2540 ήελίοιο.

206 2570 304 2648 Ζηνὸς
318 2569 374 2646 μὲν
390 2565 460 2632 πάϊς
476 2566 514 2646 ήο
531 2567 700 2646 Κρονίονος,
716 2565 808 2646 αὐτὰρ
824 2564 906 2643 ὀϊζὺν
1102 2580 1153 2629 6ιο

207 2669 292 2752 εἶχον
308 2671 494 2749 ἀπειρεσίην·
517 2668 600 2749 μάλα
615 2672 673 2750 γὰρ
689 2668 767 2732 πολὺ
782 2671 896 2750 χείρονι
912 2671 991 2749 φωτὶ

207 2771 368 2852 δεδμήμην,
385 2774 401 2834 ὁ
417 2773 450 2836 δέ
467 2798 518 2852 μοι
536 2772 692 2855 χαλεποὺς
706 2770 878 2855 ἐπετέλλετ’
894 2773 1028 2839 ἀέθλους.

207 2878 257 2938 κοί
271 2876 344 2941 ποτέ
357 2876 387 2956 μ’
405 2875 502 2941 ἐνθάδ’
519 2877 639 2958 έπεμψε
655 2875 716 2940 κύν’
733 2874 842 2955 ἄξοντ’·
867 2877 900 2940 ού
915 2880 972 2959 γδρ
989 2876 1030 2940 ἔτ’
1047 2878 1144 2941 ἀλλον

207 2979 337 3060 φράζετο
353 2980 440 3044 τοῦδέ
454 2982 485 3042 τί
498 3006 550 3057 μοι
567 2980 781 3062 χαλεπώτερον
797 2981 874 3044 εἶναι
893 2980 1013 3044 ἄεθλον.

207 3084 258 3146 τὸν
272 3086 329 3161 μὲν
344 3085 422 3166 ἐγὼν
438 3082 574 3148 ἀνένεικα
589 3085 639 3148 καὶ
653 3083 769 3166 ἤγαγον
784 3082 821 3162 ἐξ
833 3082 948 3147 Ἀίδαο·
1103 3099 1151 3160 625

206 3185 344 3267 Ἑρμείας
360 3186 393 3249 δέ
406 3185 436 3266 μ’
453 3187 591 3267 ἐπεμψεν
607 3188 651 3250 ἰδὲ
666 3192 838 3268 γλαυκῶπις
853 3185 998 3265 Ἀθήνη.”

245 3289 308 3355 Ὧς
324 3291 416 3354 είπδυ
431 3291 447 3352 ό
462 3291 519 3370 μὲν
532 3289 615 3356 ούτις
631 3291 688 3370 ,ἔβη
705 3295 797 3370 δύμον
809 3289 912 3356 Ἀΐδας
928 3292 1011 3368 είσω,

208 3394 300 3473 ούτδρ
317 3394 395 3474 ἐγὼν
409 3393 499 3456 αὐτοῦ
514 3392 606 3473 μένον
622 3394 761 3474 ἔμπεδον,
778 3393 863 3460 εἴτις
881 3393 921 3457 ἔτ’
938 3393 1022 3458 ἔλθοι

207 3499 323 3577 ἀνδρῶν
338 3495 450 3576 ήρύων,
467 3497 495 3560 οδ
510 3497 546 3576 δή
562 3502 596 3560 πδ
612 3498 746 3577 πρόσθεν
763 3499 879 3561 ὄλοντο.

207 3600 257 3663 καί
273 3597 309 3664 νύ
324 3597 349 3661 κ’
367 3600 412 3662 ἔτι
428 3599 588 3682 προτέρους
602 3600 666 3664 ἴδον
683 3597 800 3680 ἀνέρος,
817 3598 868 3666 οὓς
881 3601 990 3666 ἔθελόν
1006 3623 1070 3681 περ·
1101 3613 1151 3675 630

207 3705 314 3782 Θησέα
330 3704 491 3780 Πειρίθοόν
505 3730 548 3782 τε,
565 3708 640 3768 θεῶν
656 3702 790 3785 ἐρικυδέα
806 3704 901 3769 τέκνα·
