2788 4230
473 353 523 400 ιο.
547 338 780 400 omma
811 340 848 400 τ.
1068 335 1130 418 837

183 506 254 592 τῇδε
269 508 326 589 γδρ
342 506 379 569 αθ
393 531 444 586 μοι
459 508 542 571 νυκτὶ
556 506 742 589 παρέδραθεν
758 509 874 572 εἴκελος
886 507 974 593 αὐτῷ,

183 615 263 676 τοῖος
279 611 336 674 ἐὼν
352 612 414 676 οἶος
428 609 482 697 ᾖεν
498 609 559 689 άμα
573 614 703 696 στρατῷ·
727 607 817 691 αὐτὰρ
833 612 904 690 ἐμὸν
922 614 976 692 κῆρ

182 713 271 796 χαῖρ’,
286 710 351 777 ἐπεὶ
367 714 420 777 ούκ
436 712 555 796 ἐφάμην
572 715 645 796 ὄναρ
660 714 791 794 ἔμμεναι,
807 712 877 776 ἀλλ’
892 714 970 795 ύπαρ
984 712 1070 793 ἤδη.”
1094 743 1128 793 90

219 815 283 884 Ὣς
299 817 394 898 ἔφατ’,
411 818 515 882 αὐτίκα
531 819 564 881 δέ
578 819 781 900 χρυσόθρονος
792 815 904 896 ήλυθεν
917 813 1007 884 Ἠώς.

181 923 235 999 τῆς
250 919 275 984 δ’
292 921 349 1002 ἀρα
365 923 530 1002 κλαιούσης
545 922 606 985 όπα
621 922 746 985 σύνθετο
762 926 824 988 δῖος
840 919 1018 988 Ὀδυσσεύς·

116 1028 120 1038 “
180 1023 338 1107 μερμήριζε
354 1025 379 1090 δ’
395 1027 507 1106 ἔπειτα,
523 1025 634 1105 δόκησε
648 1026 683 1090 δέ
697 1028 726 1089 οἱ
743 1024 816 1089 κατὰ
832 1029 925 1105 θυμὸν

180 1127 235 1208 ήδη
251 1131 463 1211 γιγνώσκουσα
478 1129 700 1211 παρεστάμεναι
717 1131 884 1210 κεφαλῆφι.

180 1237 310 1314 χλαῖναν
324 1235 379 1312 μὲν
396 1234 533 1297 συνελὼν
549 1234 596 1296 καὶ
612 1234 699 1310 κώεα,
715 1237 815 1296 τοῖσιν
829 1234 957 1309 ἐνεῦδεν,
1093 1259 1125 1310 95

180 1337 210 1402 ἐς
224 1335 353 1419 μέγαρον
368 1336 528 1415 κατέθηκεν
544 1337 594 1401 ἐπὶ
610 1337 725 1416 θρόνου,
741 1337 774 1398 ἐκ
790 1338 823 1399 δέ
838 1336 944 1415 βοείην

179 1441 253 1517 θῆκε
267 1440 373 1519 θύραζε
388 1439 499 1521 φέρων,
518 1437 570 1503 Διὶ
586 1439 610 1503 δ’
628 1437 735 1518 εὔξατο
748 1443 852 1521 χεῖρας
870 1438 1023 1521 ἆνασχόν·

178 1549 197 1577 “
209 1547 267 1606 Ζεῦ
282 1541 384 1625 πάτερ,
399 1544 428 1608 εί
440 1541 471 1623 μ’
488 1542 644 1608 ἐθέλοντες
660 1544 710 1606 ἐπὶ
724 1539 876 1624 τραφερήν
890 1568 925 1606 τε
940 1545 988 1606 καὶ
1003 1541 1096 1625 ὑγρὴν

178 1643 259 1728 ἤγετ’
273 1646 348 1726 ἐμὴν
363 1648 393 1712 ἐς
408 1651 509 1730 γαῖαν,
524 1647 591 1711 ἐπεί
603 1645 634 1726 μ’
651 1647 822 1709 ἐκακώσατε
837 1646 920 1724 λίην,

179 1749 283 1830 φήμην
297 1751 342 1816 τίς
357 1775 408 1830 μοι
425 1751 534 1830 φάσθω
551 1749 748 1833 ἐγειρομένων
764 1750 929 1830 ἀνθρώπων
1075 1776 1124 1811 100

179 1844 307 1932 ἔνδοθεν,
324 1853 468 1918 ἔκτοσθεν
483 1856 517 1917 δὲ
533 1859 607 1919 Διὸς
623 1852 709 1932 τέρας
725 1851 804 1914 ἀλλο
821 1849 974 1932 φανήτω.”

214 1955 278 2021 Ὣς
294 1955 381 2037 ἔφατ’
398 1958 567 2038 εὐχόμενος·
590 1959 642 2018 τοῦ
657 1954 682 2019 δ’
699 1955 788 2018 ἔκλυε
802 1956 928 2032 μητίετα
943 1955 1027 2033 Ζεύς,

178 2061 283 2124 αὐτίκα
299 2058 323 2124 δ’
341 2060 526 2142 ἐβρόντησεν
542 2057 592 2122 ἀπ’
609 2057 786 2140 αἰγλήεντος
801 2053 968 2139 Ὀλύμπου,

176 2163 294 2245 ύψόθεν
309 2165 342 2227 ἐκ
359 2162 485 2243 νεφέων·
508 2161 624 2246 γήθησε
640 2163 672 2226 δέ
688 2167 750 2227 δῖος
764 2161 940 2228 Ὀδυσσεύς.

177 2265 280 2348 φήμην
296 2265 321 2331 δ’
339 2265 375 2345 ἐξ
387 2267 480 2330 οἴκοιο
495 2265 569 2349 γυνὴ
585 2265 731 2346 προέηκεν
746 2265 866 2346 ἀλετρὶς
1076 2291 1122 2340 105

177 2371 317 2450 πλησίον,
334 2369 395 2434 ἔνθ’
411 2370 469 2451 άρα
485 2372 513 2434 οἱ
528 2371 621 2452 μύλαι
636 2369 711 2447 ήατο
726 2367 846 2447 ποιμένι
861 2375 955 2445 λαῶν,

177 2475 265 2559 τῇσιν
279 2476 391 2538 δώδεκα
407 2479 504 2539 πᾶσαι
520 2475 704 2556 ἐπερρώοντο
718 2478 856 2556 γυναῖκες

177 2578 291 2659 ἀλφιτα
307 2579 467 2662 τεύχουσαι
484 2575 532 2642 καὶ
549 2579 684 2649 ἀλείατα,
699 2574 811 2655 μυελὸν
826 2577 949 2657 ἀνδρῶν.

177 2684 207 2746 αἱ
225 2683 280 2762 μέν
295 2679 340 2760 ἀρ’
356 2682 450 2745 άλλαι
466 2681 560 2759 εὗδον,
578 2681 644 2744 ἐπεὶ
664 2682 740 2743 κατὰ
755 2685 848 2762 πυρὸν
863 2679 1011 2756 ἄλεσσαν,

175 2785 194 2862 ή
211 2788 242 2850 δὲ
257 2785 306 2866 μί’
321 2785 356 2848 ού
370 2810 417 2848 πω
433 2784 544 2859 παύετ’,
561 2783 753 2866 ἀφαυροτάτη
770 2781 796 2846 δ’
813 2782 959 2847 ἐτέτυκτο·
1075 2811 1122 2847 110

176 2889 196 2967 ῆ
212 2891 250 2970 ῥα
264 2890 363 2969 μύλην
378 2887 520 2967 στήσασα
535 2888 606 2954 ἔπος
622 2887 710 2969 φάτο,
727 2890 808 2964 σῆμα
826 2887 940 2952 άνακτι·

176 2999 192 3028 “
205 2999 264 3058 Ζεθ
279 2994 381 3077 πάτερ,
402 2995 434 3060 ός
451 3019 484 3058 τε
500 2998 598 3058 θεοῖσι
613 2989 661 3056 καί
676 2994 881 3074 ἀνθρώποισιν
896 2991 1049 3073 ἀνάσσεις,
1128 3041 1130 3048 ·

175 3098 194 3178 ή
208 3097 316 3181 μεγάλ’
332 3100 520 3178 ἐβρόντησας
536 3095 587 3160 ἀπ’
604 3098 728 3179 ούρανοῦ
744 3096 949 3177 ἀστερόεντος,

175 3201 243 3266 οὐδέ
256 3205 327 3265 ποθι
343 3202 437 3283 νέφος
454 3201 532 3264 ἐστί·
555 3200 641 3280 τέρας
657 3199 693 3264 νύ
706 3225 763 3284 τειρ
779 3200 848 3264 τόδε
863 3201 989 3281 φαίνεις.

175 3310 282 3386 κρῆνον
300 3311 352 3371 νῦν
368 3303 415 3370 καὶ
431 3306 498 3384 ἐμοὶ
514 3304 600 3388 δειλῆ
615 3304 695 3381 ἔπος,
711 3305 774 3368 όττι
791 3330 841 3368 κεν
857 3286 941 3368 είπω·
1074 3331 1120 3380 115

173 3412 339 3490 μνηστῆρες
354 3410 488 3488 πύματόν
502 3434 535 3472 τε
551 3409 599 3471 καὶ
615 3408 744 3472 ύστατον
758 3405 848 3488 ἤματι
863 3408 939 3493 τῷδε

174 3515 207 3579 ἐν
221 3514 363 3595 μεγάροις
379 3511 530 3591 Ὀδυσῆος
547 3511 667 3576 ἑλοίατο
684 3509 759 3575 δαῖτ’
773 3510 937 3592 ἐρατεινήν,

173 3617 202 3680 οδ
218 3614 254 3695 δή
272 3641 324 3696 μοι
339 3617 458 3701 καμάτῳ
475 3613 619 3699 θυμαλγέι·
633 3615 752 3698 γούνατ’
768 3614 882 3679 ἔλυσαν

173 3719 288 3803 ἄλφιτα
304 3720 463 3807 τευχούσῃ·
487 3726 540 3786 νῦν
554 3721 668 3784 ύστατα
683 3717 907 3800 δειπνήσειαν.”
