2788 4230
457 377 506 426 ιο.
530 364 766 424 offlam
798 365 833 424 ς.
1065 362 1129 446 835

179 527 347 605 νωλεμέως·
372 529 446 609 ἀτὰρ
462 528 549 595 αὐτὸς
567 529 710 592 ἐλίσσετο
726 529 798 592 ἔνθα
815 525 863 592 καὶ
879 529 961 593 ἔνθα.

180 630 219 697 ῶς
234 629 260 695 δ’
276 633 325 695 ὅτε
340 629 462 714 γαστέρ’
477 632 552 712 ἀνὴρ
567 632 678 698 πολέος
694 637 785 712 πυρὸς
801 633 982 713 αἰθομένοιο,
1097 661 1127 708 ²5

181 737 327 813 ἐμπλείην
346 736 449 810 κνίσης
464 760 497 801 τε
514 733 563 800 καὶ
579 737 712 813 αἵματος,
728 736 801 800 ἔνθα
818 733 865 799 καὶ
882 737 954 800 ένθα

181 840 302 925 αἰόλλῃ,
320 837 404 919 μάλα
421 839 448 903 δ’
462 837 525 902 ῶκα
539 840 691 904 λιλαίεται
707 840 880 916 ὀπτηθῆναι,

181 943 220 1007 ῶς
235 942 281 1022 ἄρ’
296 940 356 1025 ὅγ’
374 943 445 1006 ἔνθα
465 941 513 1007 καὶ
531 945 602 1008 ἔνθα
620 947 765 1008 ἐλίσσετο
780 943 966 1025 μερμηρίζων

181 1047 285 1113 ὅππως
300 1047 336 1126 δή
351 1051 541 1128 μνηστῆρσιν
557 1048 695 1112 ἀναιδέσι
708 1053 815 1130 χεῖρας
830 1046 939 1128 ἐφήσει

180 1155 287 1230 μοῦνος
307 1151 365 1215 ἐῶν
379 1150 502 1215 πολέσι.
535 1153 683 1235 σχεδόθεν
700 1151 733 1215 δέ
748 1152 778 1213 οἱ
794 1150 888 1230 ήλθεν
904 1150 1018 1228 Ἀθήνη
1096 1177 1129 1224 30

182 1255 342 1335 οὐρανόθεν
359 1258 528 1334 καταβᾶσα·
551 1254 643 1334 δέμας
659 1251 684 1318 δ’
698 1253 783 1332 ἤϊκτο
798 1255 928 1335 γυναικί·

181 1361 237 1434 στῆ
253 1357 277 1421 δ’
295 1357 340 1438 ἄρ’
355 1359 429 1438 ὑπὲρ
445 1359 582 1439 κεφολῆς
598 1358 649 1420 καί
662 1381 715 1435 μιν
731 1358 805 1439 πρδς
820 1362 915 1436 μῦθον
932 1357 1025 1422 ἐειπε·

181 1459 286 1525 “τίπτ’
302 1459 365 1524 αὖτ’
381 1459 552 1543 ἐγρήσσεις,
569 1460 689 1526 πάντων
705 1464 773 1543 περὶ
790 1461 921 1542 κάμμορε
937 1467 1072 1542 φωτῶν,·

183 1671 231 1733 καὶ
246 1669 324 1747 πάϊς,
341 1669 406 1732 οἶόν
423 1671 481 1732 πού
499 1695 543 1735 τις
560 1667 692 1732 ἐέλδεται
708 1669 834 1748 ἔμμεναι
848 1666 927 1732 υἶα.”
1096 1695 1127 1743 35

223 1773 289 1851 Τήν
304 1769 330 1835 δ’
345 1773 589 1852 ἀπαμειβόμενος
606 1773 746 1853 προσέφη
768 1772 935 1851 πολύμητις
950 1771 1127 1838 Ὀδυσσεύς·

182 1878 255 1940 “νοὶ
271 1877 306 1955 δὴ
323 1874 466 1957 ταῦτάγε
482 1873 590 1953 πάντα,
607 1874 670 1952 θεά,
687 1877 762 1938 κατά
775 1880 885 1955 μοῖραν
901 1875 1009 1940 ἔειπες·

181 1980 264 2043 ἀλλά
280 1982 309 2042 τί
323 2004 374 2057 μοι
389 1981 458 2043 τόδε
474 1984 565 2058 θυμὸς
581 1981 625 2042 ἐνὶ
641 1981 735 2058 φρεσὶ
749 1978 935 2058 μερμηρίζει,

181 2083 286 2148 ὅππως
301 2082 337 2161 δὴ
353 2087 542 2164 μνηστῆρσιν
557 2082 695 2146 ἀναιδέσι
709 2087 812 2162 χεῖρας
827 2081 944 2162 ἐφήσω,

181 2190 289 2266 μοῦνος
306 2186 372 2250 ἐῶν·
396 2183 466 2250 οἶδ’
484 2188 548 2250 αἰὲν
565 2184 692 2252 ἀολλέες
708 2184 796 2250 ἔνδον
811 2185 889 2248 ἔασι.
1096 2213 1130 2261 40

182 2294 256 2369 πρὸς
272 2289 297 2352 δ’
313 2289 357 2353 ἐτι
373 2287 422 2352 καὶ
440 2289 509 2354 τόδε
522 2290 625 2368 μεῖζον
640 2289 684 2353 ἐνὶ
700 2289 792 2371 φρεσὶ
806 2288 985 2369 μερμηρίζω·

182 2395 209 2455 εἴ
225 2418 281 2474 περ
295 2395 353 2475 γὰρ
370 2395 516 2472 κτείναιμι
532 2393 607 2458 Διός
622 2418 655 2455 τε
672 2393 762 2458 σέθεν
776 2417 809 2457 τε
826 2392 919 2470 έκητι,

182 2497 222 2580 πῇ
240 2521 290 2560 κεν
304 2497 563 2580 ὑπεκπροφύγοιμι
577 2522 588 2571 ,·
612 2494 648 2558 τά
663 2523 701 2560 σε
717 2495 886 2577 φράζεσθαι
902 2492 1033 2578 άνωγα.”

224 2599 286 2663 Τὸν
302 2600 327 2663 δ’
343 2599 413 2664 αὖτε
429 2599 593 2681 προσέειπε
611 2599 665 2664 θεά
680 2605 854 2683 γλαυκῶπις
869 2597 993 2678 Ἀθήνη·

181 2707 197 2734 “
207 2703 341 2785 σχέτλιε,
359 2702 407 2766 καὶ
420 2703 474 2780 μέν
490 2706 534 2770 τίς
548 2730 581 2768 τε
594 2705 725 2785 χερείονι
740 2702 852 2767 πείθεθ’
870 2704 987 2788 ἑταίρῳ,
1096 2731 1129 2778 45

181 2806 214 2871 ὅς
233 2833 287 2888 περ
304 2808 411 2886 θνητός
431 2804 457 2870 τ’
472 2807 538 2872 ἐστὶ
553 2809 602 2872 καὶ
619 2807 653 2871 οὐ
668 2808 744 2870 τόσα
759 2805 854 2888 μήδεα
870 2807 960 2872 οἶδεν·

182 2909 272 2992 αὐτὰρ
289 2912 347 2994 ἐγὼ
368 2911 434 2976 θεός
450 2913 519 2992 είμι,
536 2913 695 2992 διαμπερὲς
710 2911 730 2990 ή
746 2936 783 2973 σε
798 2909 951 2992 φυλάσσω

182 3017 215 3078 ἐν
230 3013 380 3078 πάντεσσι
396 3015 509 3080 πόνοις.
556 3014 629 3096 ἐρέω
645 3015 680 3080 δέ
693 3039 741 3077 τοι
756 3012 974 3095 ἐξαναφανδόν·

182 3118 279 3201 εἴπερ
294 3117 479 3198 πεντήκοντα
493 3119 583 3202 λόχοι
598 3119 739 3200 μερόπων
755 3118 919 3201 ἀνθρώπων

181 3227 235 3285 νῶϊ
250 3227 433 3303 περισταῖεν,
449 3226 561 3285 κτεῖναι
575 3229 731 3301 μεμαῶτες
744 3218 842 3303 Ἀρηϊ,

182 3327 233 3389 καί
247 3351 297 3390 κεν
312 3330 372 3390 τῶν
388 3326 515 3390 ἐλάσαιο
530 3325 608 3405 βόας
624 3322 673 3388 καὶ
688 3327 758 3405 ίφια
771 3327 863 3405 μῆλα.

181 3428 251 3490 ἀλλ’
267 3427 361 3492 ἑλέτω
377 3454 414 3493 σε
429 3429 479 3492 καὶ
493 3430 592 3492 ὕπνος·
616 3429 683 3506 ιἰνίη
700 3429 797 3492 καὶτὸ
813 3429 987 3510 φυλάσσειν

180 3529 334 3614 πάννυχον
350 3531 545 3615 ἐγρήσσοντα,
561 3537 659 3596 κακῶν
673 3530 699 3594 δ’
714 3531 877 3596 ὑποδύσεαι
893 3530 980 3612 ήδη.”

218 3633 281 3700 Ὣς
296 3634 387 3715 φάτο,
403 3637 453 3700 καί
465 3635 505 3718 ῥά
520 3638 548 3700 οἱ
563 3637 657 3699 ὕπνον
672 3632 722 3698 ἐπὶ
736 3635 944 3718 βλεφάροισιν
960 3637 1074 3720 ἔχευεν,

181 3737 254 3818 αιἰτὴ
270 3738 295 3803 δ’
311 3737 359 3821 ἂψ
374 3741 405 3806 ἐς
418 3737 577 3821 Ὄλυμπον
592 3739 719 3820 ἀφίκετο
736 3743 785 3802 δῖα
800 3739 905 3804 θεάων.
1096 3765 1126 3814 55

608 3856 630 3905 E
647 3865 665 3906 e
682 3861 699 3908 2
