2788 4230
248 358 309 436 848
530 375 579 419 ιι.
602 358 836 420 οΔυΣΣυικΣ
867 357 904 416 ο.

248 529 278 593 αῖ
295 527 330 608 δή
347 531 375 592 οί
392 529 441 592 καὶ
457 529 560 592 ἔπειτα
576 528 670 608 φόνος
687 524 734 590 καὶ
750 532 837 607 μοῖρα
852 524 985 607 γένοντο,

247 630 313 696 ἐπεὶ
331 632 366 711 δὴ
384 631 458 698 Διὸς
473 633 538 695 νὶδν
555 632 680 711 ἀφίκετο
696 630 923 712 καρτερόθυμον,

248 735 324 817 φῶθ’
341 733 510 816 Ἡρακλῆα,
525 733 666 817 μεγάλων
681 735 839 812 ἐπιίστορα
855 734 958 814 ἔργων,

249 841 347 918 όςμιν
364 838 462 916 ξεῖνον
477 839 565 900 ἐόντα
583 836 759 901 κατέκτανεν
775 833 798 921 ᾧ
815 835 859 899 ένῖ
876 837 957 920 οίκῳ,

248 941 399 1024 σχέτλιος,
417 943 484 1006 οὐδὲ
500 945 578 1006 θεῶν
594 942 664 1004 ὄπιν
679 937 800 1025 ᾐδέσατ’
820 941 888 1004 οὐδὲ
902 938 1060 1021 τράπεζαν,

248 1047 303 1124 τὴν
318 1045 355 1124 ἥν
372 1047 400 1108 οί
415 1043 587 1127 παρέθηκεν·
611 1045 713 1106 ἔπειτα
729 1045 762 1106 δὲ
778 1043 877 1123 πέφνε
893 1045 942 1105 καὶ
959 1042 1056 1116 αὐτόν,

248 1152 357 1214 ἵππους
372 1147 398 1212 δ’
416 1148 503 1214 αι’ντδς
519 1148 572 1230 ἔχε
589 1147 814 1229 κρατερώνυχας
829 1147 863 1209 έν
876 1145 1045 1228 μεγάροισι.
1160 1173 1196 1220 30

248 1255 300 1318 τδς
316 1251 408 1334 έρέων
421 1249 550 1329 Ὀδυσῆϊ
565 1249 736 1328 συνήντετο,
755 1254 831 1314 δῶκε
845 1250 878 1312 δὲ
894 1247 990 1327 τόξον,

248 1356 282 1420 τὸ
299 1354 369 1435 πρὶν
383 1353 438 1432 μέν
452 1353 482 1436 ῥ’
500 1355 604 1435 ἐφόρει
620 1353 714 1434 μέγας
730 1353 867 1432 Εὔρυτος,
885 1351 975 1433 αὐτὰρ
992 1354 1008 1415 ὁ
1024 1345 1107 1414 παιδὶ

251 1457 373 1523 κάλλιπ’
391 1455 592 1542 ἀποθνῄσκων
608 1459 640 1520 έν
656 1458 790 1536 δώμασιν
805 1459 963 1538 ὑψηλοῖσι

249 1570 289 1647 τῷ
305 1560 330 1625 δ’
346 1561 490 1626 Ὀδυσεὺς
506 1559 596 1640 ξίφος
611 1559 666 1637 όξδ
682 1562 731 1624 καὶ
746 1560 875 1638 άλκιμον
890 1560 981 1642 ἔγχος
997 1559 1115 1635 έδωκεν,

250 1665 346 1749 ἀρχὴν
362 1664 533 1743 ξεινοσύνης
548 1662 744 1743 προσκηδέος·
768 1662 837 1726 οὐδὲ
851 1662 979 1748 τραπέζῃ
1164 1690 1198 1738 35

249 1769 366 1850 γνώτην
382 1765 536 1846 ἀλλήλων·
562 1767 634 1846 πρὶν
647 1764 705 1848 γὰρ
722 1771 795 1832 Διὸς
809 1765 873 1833 υίδς
888 1767 1022 1848 ἔπεφνεν

247 1871 364 1954 Ἴφιτον
380 1870 551 1951 Εὐρυτίδην,
568 1870 738 1934 ἐπιείκελον
753 1868 956 1946 ἀθανάτοισιν,

251 1977 284 2042 ὅς
300 1978 329 2038 οἱ
345 1973 434 2054 τόξον
450 1975 550 2037 ἔδωκε.
595 1979 631 2036 τὸ
647 1972 672 2037 δ’
689 1973 723 2036 ού
739 1998 813 2037 ποτε
828 1978 890 2041 δῖος
907 1972 1074 2040 Ὀδυσσεὺς

252 2079 413 2161 ἐρχόμενος
429 2079 600 2156 πόλεμόνδε
614 2076 786 2157 μελαινάων
802 2076 851 2142 ἐπὶ
867 2082 947 2157 νηῶν

250 2181 352 2271 ᾑρεῖτ’,
369 2181 438 2245 ἀλλ’
454 2182 543 2244 αὐτοῦ
561 2182 658 2261 μνῆμα
674 2179 783 2259 ξείνοιο
798 2182 903 2262 φίλοιο

252 2284 367 2351 κέσκετ’
384 2287 426 2350 ένὶ
440 2283 610 2364 μεγάροισι,
627 2285 716 2365 φόρει
731 2284 765 2348 δέ
777 2310 829 2363 μιν
844 2285 880 2364 ῆς
896 2285 946 2347 έπὶ
960 2285 1057 2366 γαίης.

292 2389 332 2452 Ἥ
349 2390 374 2452 δ’
391 2389 440 2454 ότε
456 2388 491 2467 δῆ
508 2386 644 2465 θάλαμον
659 2394 711 2452 τδν
730 2389 855 2470 ἀφίκετο
871 2392 918 2451 δῖα
933 2397 1091 2470 γυναικῶν,

252 2493 339 2556 οὐδόν
354 2517 387 2556 τε
405 2492 523 2572 δρύϊνον
539 2490 762 2572 προσεβήσετο,
777 2493 831 2557 τόν
845 2515 918 2556 ποτε
932 2491 1044 2558 τέκτων

251 2594 363 2674 ξέσσεν
380 2593 587 2673 ἐπισταμένως
603 2596 651 2658 καὶ
669 2596 718 2658 έπὶ
734 2594 873 2675 στάθμην
886 2595 996 2674 ἴθυνεν,

252 2701 284 2765 έν
300 2701 331 2764 δέ
349 2697 500 2776 σταθμοὺς
516 2697 599 2779 άρσε,
619 2698 708 2778 θύρας
723 2696 747 2762 δ’
763 2698 891 2776 ἐπέθηκε
907 2697 1043 2780 φαεινάς·

252 2801 344 2866 αὐτίκ’
360 2800 404 2883 ἀρ’
422 2801 441 2880 ἥ
456 2799 484 2884 γ’
503 2800 610 2880 ἱμάντα
626 2806 702 2866 θοῶς
718 2801 854 2866 ἀπέλυσε
870 2804 1011 2883 κορώνης,

252 2907 284 2969 έν
300 2908 331 2969 δὲ
349 2900 444 2982 κληῗδ’
459 2903 651 2984 ῆκε,’θυρε’ων
666 2903 692 2969 δ’
709 2905 872 2970 ἀνέκοπτεν
888 2906 982 2989 ὀχῆας

252 3008 327 3072 άντα
342 3007 548 3088 τιτυσκομένη·
571 3007 609 3072 τὰ
625 3011 649 3072 δ’
667 3009 839 3092 ἀνέβραχεν
855 3007 926 3088 ἠύτε
941 3015 1047 3091 ταῦρος

252 3115 442 3192 βοσκόμενος
457 3118 593 3192 λειμῶνι·
615 3113 681 3175 τόσ’
698 3113 811 3194 έβραχε
828 3117 905 3176 καλὰ
922 3115 1047 3196 θύρετρα

252 3215 406 3296 πληγέντα
421 3209 530 3292 κληῗδι,
548 3214 745 3294 πετάσθησαν
761 3216 794 3280 δέ
810 3219 838 3280 οἱ
854 3215 924 3281 ὦκα.

253 3317 270 3396 ῆ
288 3315 313 3382 δ’
329 3317 374 3399 ἄρ’
390 3319 439 3399 ἐφ’
454 3320 577 3400 ὑψηλῆς
592 3321 714 3386 σανίδος
730 3323 782 3401 βῆ·
807 3321 880 3385 ἔνθα
895 3324 928 3385 δὲ
943 3317 1034 3405 χηλοὶ

254 3423 395 3500 ἕστασαν,
411 3423 444 3485 έν
459 3421 485 3486 δ’
499 3421 556 3504 ἀρα
572 3423 641 3508 τῇσι
658 3425 772 3488 θυώδεα
788 3423 883 3506 εἵματ’
899 3425 1004 3489 ἔκειτο.

254 3526 340 3590 ένθεν
357 3523 520 3606 ὀρεξαμένη
537 3528 596 3590 άπδ
611 3527 775 3592 πασσάλου
790 3531 890 3592 αίνυτο
906 3526 995 3606 τόξον

255 3629 334 3716 αὐτῷ
350 3632 484 3714 γωρυτῷ,
501 3631 535 3695 ὅς
550 3632 580 3693 οῖ
596 3632 747 3712 περίκειτο
763 3633 896 3712 φαεινός.

255 3733 375 3814 ἑζομένη
393 3734 426 3795 δὲ
441 3731 504 3794 κατ’
521 3733 598 3812 αύθι,
615 3737 719 3814 φίλοις
735 3737 785 3798 ἐπὶ
799 3734 925 3817 γούνασι
942 3740 1037 3815 θεῖσα,
