2738 4226
480 365 529 412 11.
555 351 725 411 ΙΛΙΑΔΟΣ
748 351 782 411 Λ
1044 366 1105 430 219

197 516 259 584 Ὠς
278 517 372 582 είπδν
388 519 404 581 ό
418 520 474 596 μὲν
489 516 566 601 ἦρχ’,
583 519 599 580 ὃ
615 515 641 581 δ’
657 515 707 596 ἀμ’
723 517 834 581 ἕσπετο
851 517 970 583 ἰσόθεος
987 519 1061 599 φάς.

161 621 245 700 εὗρον
261 617 353 683 ἔπειτ’
370 617 505 699 Ὀδυσῆα
520 623 665 702 διίφιλου·
690 620 768 701 ἀμφὶ
783 617 809 683 δ’
825 617 872 701 ἄρ’
888 620 978 684 αὐτὸν

159 727 259 803 Τρῶες
275 721 375 787 ἕπονθ’
394 723 433 788 ῶς
449 726 478 787 εί
491 747 523 789 τε
539 721 680 804 δαφοινοὶ
694 728 768 789 θῶες
784 724 914 804 ὄρεσφιν

160 824 236 906 ἀμφ’
251 826 370 907 ἔλαφον
386 825 493 908 κεραὸν
507 825 714 907 βεβλημένον,
734 827 769 889 ὄν
783 822 810 888 τ’
828 823 917 905 ἔβαλ’
937 826 1011 906 ἀνῆρ
1056 849 1103 902 475

160 930 194 1013 ἰῷ
212 929 271 993 ἀπὸ
287 934 403 1010 νευρῆς·
427 929 481 994 τάν
495 931 552 1010 μέν
566 930 593 992 τ’
607 928 701 1009 ἤλυξε
716 930 847 992 πόδεσσι

146 1031 288 1113 φεύγων,
307 1029 376 1112 ὄφρ’
393 1033 466 1110 αίμα
481 1032 588 1114 λιαρὸν
604 1031 652 1095 καὶ
668 1028 788 1114 γούνατ’
805 1031 910 1117 ὄρῶρῃ·

160 1134 251 1215 αάτάρ
264 1135 329 1197 ἐπεὶ
346 1135 381 1213 δὴ
398 1137 450 1197 τόν
467 1161 503 1216 γε
519 1135 707 1212 δαμάσσεται
724 1136 798 1200 ὠκὺς
814 1136 924 1210 ὀϊστός,

160 1235 317 1319 ὠμοφάγοι
331 1262 385 1315 μιν
399 1240 474 1304 θῶες
490 1237 522 1297 έν
538 1235 641 1316 οὔρεσι
657 1232 879 1315 δαρδάπτουσιν

162 1344 192 1406 ἓν
207 1339 290 1420 νέμεϊ
306 1341 425 1424 σκιερῷ·
450 1338 501 1401 ἐπί
516 1363 549 1402 τε
564 1342 615 1401 λῖν
629 1336 726 1420 ἤγαγε
741 1337 855 1415 δαίμων
1053 1351 1103 1412 480

161 1445 276 1522 σίντην·
300 1447 375 1510 θῶες
390 1441 446 1523 μέν
461 1466 495 1506 τε
510 1440 678 1523 διέτρεσαν,
696 1439 788 1520 αάτάρ
805 1441 821 1502 δ
837 1437 953 1502 δάπτει·

162 1549 201 1612 ῶς
214 1549 252 1628 ῥα
268 1543 332 1609 τότ’
349 1541 426 1626 ἀμφ’
442 1543 579 1622 Ὀδυσῆα
594 1542 742 1624 δαΐφρονα
758 1540 976 1620 ποικιλομήτην

160 1654 258 1730 Τρῶες
275 1649 349 1712 ἕπον
365 1648 479 1712 πολλοί
493 1671 526 1711 τε
542 1647 590 1710 καὶ
607 1647 739 1725 ἄλκιμοι,
756 1646 849 1726 αιἰτάρ
865 1643 924 1727 ὅγ’
941 1645 1018 1725 ἥρως

160 1751 277 1815 ἀίσσων
293 1749 316 1836 ᾦ
333 1752 419 1834 ἔγχει
435 1749 562 1829 ἀμύνετο
578 1752 684 1828 νηλεὲς
700 1748 786 1831 ῆμαρ.

161 1859 234 1922 Αίας
250 1852 276 1918 δ’
293 1857 419 1937 ἐγγύθεν
435 1852 509 1932 ῆλθε
529 1852 630 1934 φέρων
646 1851 740 1918 σάκος
753 1850 824 1931 ἠύτε
844 1850 967 1932 πύργον,
1055 1866 1102 1926 485

161 1961 217 2037 στῆ
232 1961 265 2022 δὲ
281 1955 385 2037 παρέξ·
407 1961 508 2038 Τρῶες
524 1958 557 2020 δὲ
572 1954 730 2037 διέτρεσαν
745 1955 870 2019 ἄλλυδις
885 1953 988 2019 ἄλλος.

163 2056 180 2136 ῆ
194 2083 240 2122 τοι
255 2058 308 2123 τὸν
324 2058 483 2124 Μενέλαος
500 2055 620 2140 Ἀρῆϊος
637 2055 718 2139 ἔξαγ’
735 2058 843 2137 ὁμίλου

160 2160 260 2243 χειρδς
278 2163 367 2245 ἔχων,
390 2159 444 2238 ῆος
463 2161 601 2243 θεράπων
617 2160 730 2243 σχεδὸν
745 2159 862 2239 ῆλασεν
876 2161 994 2225 ίππονς.

204 2266 277 2330 Αἴας
292 2267 325 2328 δὲ
339 2265 500 2345 Τρώεσσιν
516 2262 685 2343 ἐπάλμενος
701 2264 766 2327 είλε
782 2263 939 2338 Δόρυκλον

161 2368 337 2448 Πριαμίδην,
353 2369 444 2432 νόθον
458 2367 532 2444 υἱόν,
550 2367 654 2431 ἔπειτα
670 2369 702 2430 δὲ
719 2365 877 2430 Πάνδοκον
894 2365 974 2443 οὖτα,
1051 2396 1100 2444 490
1170 2389 1172 2395 ⁴

161 2470 231 2533 οὖτα
245 2473 278 2534 δὲ
293 2471 469 2552 Λύσανδρον
485 2470 534 2534 καὶ
551 2469 695 2553 Πύρασον
711 2470 764 2550 ἠδὲ
780 2469 950 2552 Πυλάρτην.

161 2573 198 2640 ὡς
213 2571 239 2638 δ’
256 2574 349 2638 ὁπότε
364 2571 490 2652 πλήθων
505 2575 638 2654 ποταμὸς
654 2575 793 2638 πεδίονδε
808 2572 925 2637 κάτεισι

160 2674 337 2758 χειμάρρους
353 2675 417 2738 κατ’
434 2677 572 2758 ὄρεσφιν,
590 2677 775 2755 ὀπαζόμενος
791 2676 866 2742 Διδς
880 2679 993 2761 ὄμβρῳ,

160 2780 277 2844 πολλάς
292 2781 324 2843 δὲ
340 2783 409 2861 δρῦς
425 2777 563 2856 ἀζαλέας,
582 2782 701 2844 πολλὰς
716 2779 749 2843 δέ
764 2805 798 2842 τε
811 2779 922 2845 πεύκας

161 2879 330 2963 ἐσφέρεται,
346 2879 463 2945 πολλὸν
478 2880 513 2945 δέ
526 2880 552 2943 τ’
569 2881 742 2962 ἀφυσγετὸν
759 2883 801 2947 είς
816 2880 877 2944 ἀλα
891 2881 1015 2961 βάλλει,
1054 2910 1099 2958 495

162 2985 199 3051 ῶς
213 2986 311 3067 ἔφεπε
325 2985 459 3050 κλονέων
473 2986 578 3050 πεδίον
592 2988 661 3050 τότε
678 2987 821 3067 φαίδιμος
836 2989 921 3062 Αἴας,

162 3086 267 3166 δαΐζων
282 3090 393 3155 ἵππους
407 3114 441 3153 τε
457 3090 505 3152 καὶ
522 3088 639 3170 ἀνέρας·
664 3089 733 3153 οὐδέ
749 3116 795 3154 πω
807 3090 924 3170 Ἕκτωρ

162 3187 286 3270 πεύθετ’,
302 3192 370 3254 έπεί
383 3193 422 3274 ῥα
436 3191 535 3275 μάχης
552 3190 599 3255 ἔπ’
615 3194 760 3275 ἀριστερὰ
773 3192 906 3274 μάρνατο
921 3192 1029 3271 πάσης,

163 3294 253 3376 ὄχθας
267 3295 327 3374 πὰρ
343 3299 489 3372 ποταμοῖο
507 3293 708 3376 Σκαμάνδρου,
725 3297 760 3382 τῆ
777 3298 815 3377 ῥα
829 3295 963 3374 μάλιστα

162 3397 274 3477 ἀνδρῶν
288 3401 381 3460 πῖπτε
397 3395 519 3478 κάρηνα,
535 3398 596 3477 βοὴ
612 3397 640 3461 δ’
657 3398 813 3477 ἄσβεστος
829 3397 934 3477 όρόρει
1053 3423 1100 3466 ,τοο

162 3495 301 3580 Νέστορά
316 3499 341 3562 τ’
358 3500 436 3579 ἀμφὶ
450 3499 546 3582 μέγαν
561 3500 609 3563 καὶ
625 3498 730 3580 ἀρήϊον
746 3497 909 3578 Ἰδομενῆα.

158 3599 271 3684 Ἕκτωρ
285 3604 342 3682 μέν
355 3605 432 3683 μετά
447 3607 546 3665 τοῖσιν
561 3603 659 3681 ὁμίλει
673 3601 805 3684 μέρμερα
818 3601 911 3686 ῥέζων

164 3704 245 3788 ἔγχεΐ
260 3704 287 3769 θ’
305 3705 458 3791 ἱπποσύνῃ
474 3729 515 3779 τε,
533 3704 607 3771 νέων
623 3705 647 3769 δ’
664 3704 799 3783 ἀλάπαζε
815 3710 985 3787 φάλαγγας·
