2758 4228
442 363 492 424 24.
515 349 748 411 ΟΔΎΣΣΕΙΑΣ
776 351 817 410 Ω.
1045 348 1107 435 897

159 515 240 578 ἀλλο
255 515 289 578 δέ
303 539 349 578 τοι
365 513 446 598 ἔρέω,
463 516 502 580 σδ
516 518 550 581 δὲ
564 517 604 596 μὴ
620 518 717 601 χόλον
732 518 817 582 ἔνθεο
833 516 937 604 θυμῷ·’

159 619 250 684 αὐτόν
266 618 294 682 α’
310 619 361 684 οὐκ
378 621 475 703 ἀγαθὴ
492 622 597 702 κομιδὴ
614 623 690 705 ἔχει,
707 621 777 684 ἀλλ’
794 621 855 701 ἀμο
865 626 963 706 ’γῆρας

161 722 272 806 λυγρὸν
288 724 368 808 ἔχεις
383 725 506 808 αὐχμεῖς
525 750 557 789 τε
573 730 669 791 κακῶς
685 723 733 790 καὶ
748 725 849 790 ἀεικέα
865 723 964 793 ἕσσαι.
1058 755 1107 803 250

121 900 123 903 ¹
160 827 194 890 οὐ
208 831 263 908 μὲν
278 829 398 911 ἀεργίης
413 855 448 911 γε
462 828 542 909 άνοξ
553 828 629 894 ἕνεκ’
647 829 681 893 ού
695 855 734 894 σε
749 831 869 911 κομίζει,

159 931 228 996 οὐδέ
242 933 272 995 τί
288 957 334 996 τοι
350 932 488 1004 δούλειον
503 932 662 1014 ἐπιπρέπει
678 931 876 1015 εἰσοράασθαι

158 1035 237 1101 εἶδος
253 1037 300 1098 καὶ
315 1035 450 1118 μέγεθος·
473 1040 605 1117 βασιλῆϊ
619 1038 678 1119 γὰρ
694 1035 777 1118 ἀνδρὶ
793 1038 900 1103 ἔοικας.

158 1139 282 1222 τοιούτω
298 1142 331 1203 δὲ
349 1140 460 1218 ἔοικας,
475 1138 540 1204 ἔπεί
555 1141 701 1204 λούσαιτο
716 1141 811 1223 φάγοι
827 1166 868 1220 τε,

159 1243 311 1322 εὑδέμεναι
325 1249 477 1324 μαλακῶς·
495 1243 513 1322 ἡ
530 1243 587 1327 γὰρ
600 1245 666 1325 δίκη
685 1244 753 1307 ἐστὶ
766 1245 924 1327 γερόντων.
1060 1271 1106 1321 25⁵

158 1345 229 1409 ἀλλ’
245 1346 301 1428 ἀγε
315 1372 367 1426 μοι
382 1350 451 1411 τόδε
467 1348 533 1412 είπέ
549 1345 596 1411 καί
613 1347 758 1429 ἀτρεκέως
774 1345 950 1426 κατάλεξον,

157 1455 207 1514 τεῦ
223 1452 301 1529 δμιύς
317 1453 360 1516 εἰς
376 1453 491 1532 ἀνδρῶν
504 1477 515 1526 ,-
541 1456 592 1516 τεῦ
606 1452 631 1516 δ’
647 1453 777 1536 ὄρχατον
792 1452 1010 1531 ἀμφιπολεύεις
1025 1476 1036 1525 ,·

159 1554 210 1616 καί
221 1579 271 1635 μοι
285 1554 363 1617 τοῦτ’
380 1554 545 1636 ἀγόρευσον
560 1553 713 1636 ἐτήτυμον,
733 1555 802 1638 ὄφρ’
819 1555 852 1620 ἔδ
868 1557 946 1632 εἰδῶ,

158 1658 185 1720 εἰ
200 1659 285 1722 ἔτεύν
299 1657 328 1740 γ’
343 1657 461 1738 Ἰθάκην
476 1658 555 1739 τήνδ’
572 1658 695 1740 ἱκόμεθ’,
711 1661 750 1726 ὥς
765 1686 816 1739 μοι
833 1661 932 1724 ἔειπεν
1045 1703 1054 1711 1-

157 1760 242 1826 οὗτος
258 1761 331 1842 ἀνὴρ
347 1767 401 1826 νῶν
415 1762 451 1842 δὴ
468 1760 679 1844 ξυμβλήμενος
695 1763 793 1827 ἔνθάδ’
810 1764 895 1841 ἰόντι,
1058 1775 1107 1824 260

158 1863 191 1926 ού
206 1889 234 1926 τι
248 1864 321 1944 μάλ’
337 1867 496 1947 ἀρτίφρων,
515 1863 580 1930 ἔπεί
596 1866 630 1929 ού
645 1867 799 1945 τόλμησεν
813 1865 924 1930 ἕκαστα

158 1969 254 2032 εἰπεῖν
268 1968 313 2046 ἠδ’
329 1970 496 2032 ἐπακοῦσαι
512 1968 584 2050 ἔμδν
600 1970 682 2048 ἔπος,
698 1968 737 2035 ὡς
755 1968 885 2049 ἐρέεινον

157 2071 236 2150 ἀμφί
252 2071 338 2155 ξείνῳ
355 2072 423 2156 ἔμῶ,
438 2069 457 2150 ἥ
472 2096 530 2134 που
547 2072 613 2148 ξύει
627 2096 661 2135 τε
676 2072 725 2134 καί
742 2071 837 2148 ἔστιν,
884 2131 886 2138 ,

157 2173 247 2252 ἦῆδη
263 2173 388 2254 τέθνηκε
405 2172 453 2238 καὶ
471 2177 516 2238 εἰν
531 2173 637 2239 Ἀίδαο
653 2175 802 2256 δόμοισιν.
850 2221 851 2226 1

157 2279 190 2340 ἐκ
204 2277 263 2360 γάρ
278 2302 323 2340 τοι
339 2276 423 2359 ἐρέω,
442 2277 481 2340 σδ
496 2280 529 2342 δὲ
545 2279 654 2343 σύνθεο
670 2280 720 2342 καί
733 2304 789 2359 μευ
803 2279 943 2342 ἄκουσον·
1057 2293 1103 2356 ²⁶5

156 2381 249 2463 ἄνδρα
265 2381 331 2445 ποτ’
345 2380 502 2461 ἔξείνισσα
518 2383 596 2468 φίλη
612 2383 646 2445 ἔν
661 2383 780 2464 πατρίδι
795 2385 866 2468 γαίῃ

156 2484 327 2567 ἡμέτερόνδ’
345 2487 484 2564 ἐλθόντα,
497 2483 546 2551 καί
562 2484 597 2549 ού
612 2486 657 2549 πεύ
673 2510 718 2552 τις
733 2485 842 2568 βροτὸς
858 2485 953 2552 ἀλλος

157 2587 263 2668 ξείνων
277 2595 453 2667 τηλεδαπῶν
468 2590 581 2672 φιλίων
596 2592 668 2669 ἔμδν
682 2591 763 2653 ἵκετο
779 2593 872 2668 δῶμα·

157 2693 262 2777 εὔχετο
278 2693 304 2758 δ’
318 2693 355 2772 ἔξ
366 2693 485 2772 Ἰθάκης
498 2693 587 2777 γένος
601 2694 733 2774 ἔμμεναι,
748 2693 841 2775 αὐτὰρ
857 2693 975 2774 ἔφασκε

157 2796 292 2880 Λαέρτην
306 2787 514 2879 Ἀρκεισιάδην
530 2796 632 2878 πατέρ’
647 2797 771 2876 ἔμμεναι
786 2797 871 2884 αὐτῷ.
1055 2822 1103 2874 ²70

157 2907 209 2964 τὸν
223 2905 278 2981 μὲν
292 2902 351 2984 ἐγὼ
367 2907 441 2984 πρδς
456 2900 563 2980 δώματ’
576 2901 659 2984 ἀγων
674 2899 706 2964 ἔδ
723 2899 887 2980 ἔξείνισσο,

157 3005 298 3071 ἐνδυκέως
313 3004 440 3085 φιλέων,
455 3010 579 3071 πολλῶν
594 3003 668 3067 κατὰ
683 3004 767 3069 οἰκον
782 3005 901 3085 ἔόντων,

157 3111 209 3174 καί
222 3111 251 3171 οἱ
268 3113 346 3191 δῶρα
361 3108 455 3189 πόρον
471 3106 594 3186 ξεινήϊα,
610 3109 658 3171 οία
674 3105 769 3192 ἔφκει.

156 3217 271 3295 χρυσοῦ
284 3211 341 3292 μέν
356 3214 385 3276 οἰ
401 3209 469 3276 δῶκ’
489 3211 624 3293 εὐεργέος
641 3214 718 3274 ἔπτὰ
732 3209 875 3290 τάλαντα,

156 3321 235 3380 δῶκα
251 3315 284 3379 δέ
299 3317 328 3379 οἱ
343 3319 472 3398 κρητῆρα
488 3315 676 3397 πανάργυρον
692 3314 884 3394 ἀνθεμόεντα,
1055 3342 1101 3398 27⁵

156 3421 268 3483 δώδεκα
284 3419 310 3482 δ’
325 3417 472 3485 ἁπλοΐδας
488 3419 625 3501 χλαίνας,
641 3418 770 3484 τόσσους
785 3420 817 3482 δὲ
833 3417 973 3498 τάπητας,

155 3522 255 3586 τόσσα
270 3525 303 3586 δὲ
319 3520 417 3604 φάρεα
431 3523 519 3601 καλά,
536 3522 642 3587 τόσους
657 3519 683 3585 δ’
698 3523 748 3586 ἔτί
763 3526 843 3584 τοῖσι
858 3529 1000 3605 χιτῶνας,

155 3623 247 3708 χωρὶς
263 3624 288 3688 δ’
303 3625 374 3690 αὖτε
388 3631 531 3708 γυναῖκας
547 3625 682 3708 ἀμύμονα
697 3625 768 3707 ἔργα
787 3625 881 3690 ἰδυίας

156 3727 307 3811 τέσσαρας
322 3729 487 3812 εἰδαλίμας,
505 3730 540 3796 ἀς
555 3727 666 3810 ἤθελεν
679 3727 766 3795 αύτδς
783 3727 934 3792 ἑλέσθαι.”

594 3851 659 3920 Gg
