2758 4228
466 311 517 371 24.
536 297 771 358 οοκνυυιιν
800 300 840 360 α.
1060 299 1122 380 895

174 480 290 540 κτεῖνον
306 474 541 556 ἐπιστροφάδην,
558 479 665 539 τῶνδὲ
682 476 790 541 στόνος
806 476 908 557 ὤρνυτ’
924 477 1026 556 ἀεικής

173 581 287 658 κράτων
302 579 501 658 τυπτομένων,
518 577 647 644 δάπεδον
661 579 687 642 δ’
703 579 783 643 άπαν
798 581 901 660 αἵματι
916 586 993 646 θῦεν.
1074 595 1120 657 185

173 684 211 749 ώς
226 682 322 761 ῆμεῖς,
336 681 534 763 Ἀγάμεμνον,
551 681 731 760 ἀπωλόμεθ’,
747 686 789 746 ὧν
805 683 849 746 ἐτι
865 685 913 747 καὶ
928 689 981 749 νῦν

172 784 283 864 σώματ’
299 783 409 862 ἀκηδέα
425 790 519 849 κεῖται
534 783 578 848 ἐνὶ
594 785 736 866 μεγάροις
751 785 911 865 Ὀδυσῆος·

171 888 205 950 ού
223 888 279 967 γάρ
294 914 340 952 πω
355 889 444 952 ίσασι
460 890 549 969 φίλοι
565 892 640 952 κατά
655 888 766 965 δώμαθ’
784 888 922 969 ἑκάστου,

171 994 201 1053 οί
215 992 240 1054 κ’
256 993 458 1072 ἀπονίψαντες
474 990 590 1072 μέλανα
604 993 719 1072 βρότον
736 991 772 1070 ἐξ
785 992 935 1059 ἀπειλέων

171 1094 345 1174 κατθέμενοι
355 1094 487 1177 γοάοιεν·
510 1094 528 1159 δ
541 1099 599 1179 γὰρ
614 1094 705 1178 γέρας
719 1092 785 1158 ἐστὶ
802 1096 982 1162 θανόντων.”
1068 1125 1117 1178 ¹90

212 1197 274 1262 Τδν
289 1198 314 1261 δ’
331 1199 400 1262 αὖτε
416 1199 503 1282 ψυχῆ
519 1199 734 1279 προσεφώνεεν
749 1197 915 1278 Ἀτρείδαο·

169 1305 186 1332 “
197 1303 287 1379 ὄλβιε
302 1301 439 1382 Λαέρταο
455 1302 518 1380 πάϊ,
534 1300 722 1385 πολυμήχαν’
737 1301 898 1380 Ὀδυσσεῦ,

169 1404 260 1485 ἦάρα
276 1403 332 1468 σὺν
346 1404 465 1491 μεγάλῃ
481 1405 570 1489 ἀρετῇ
585 1403 702 1483 ἐκτήσω
718 1403 842 1468 άκοιτιν·

169 1508 208 1574 ὡς
224 1506 334 1590 ἀγαθαὶ
350 1508 458 1590 φρένες
474 1508 553 1588 ἦσαν
568 1509 694 1587 ἀμύμονι
711 1511 916 1597 Πηνελοπείῃ,

169 1612 257 1698 κούρῃ
273 1612 409 1692 Ἰκαρίου·
433 1611 472 1678 ὡς
489 1612 522 1676 εὖ
536 1613 656 1692 μέμνητ’
672 1613 830 1692 Ὀδυσῆος,
1069 1641 1115 1693 ¹95

168 1715 274 1796 ἀνδρὸς
289 1717 443 1796 κουριδίου.
489 1717 529 1800 τῷ
546 1718 574 1780 οἱ
591 1717 679 1782 κλέος
695 1715 810 1779 οὔποτ’
827 1717 943 1779 ὀλεῖται

167 1817 202 1895 ῆς
217 1819 332 1898 ἀρετῆς,
347 1818 484 1897 τεύξουσι
500 1820 525 1883 δ’
540 1820 763 1903 ἐπιχθονίοισιν
778 1820 883 1896 ἀοιδὴν

167 1920 309 1985 ἀθάνατοι
323 1926 496 2004 χαρίεσσαν
512 1921 657 2006 ἐχέφρονι
673 1922 879 2007 Πηνελοπείῃ,

166 2025 222 2107 οὐχ
237 2023 274 2088 ὡς
289 2025 457 2107 Τυνδαρέου
476 2026 565 2106 κούρη
583 2027 659 2088 κακδ
673 2024 791 2104 μήσατο
808 2024 889 2106 ἔργα,

166 2130 314 2208 κουρίδιον
330 2129 473 2193 κτείνασα
488 2129 590 2207 πόσιν,
606 2129 735 2209 στυγερὴ
752 2127 785 2192 δέ
800 2128 825 2191 τ’
842 2129 927 2208 ἀοιδὴ
1063 2159 1113 2198 200

165 2230 266 2294 ἔσσετ’
281 2231 327 2295 ἐπ’
344 2234 527 2313 ἀνθρώπους,
543 2232 683 2315 χαλεπήν
699 2233 732 2297 δέ
746 2256 779 2295 τε
795 2235 891 2313 φῆμιν
906 2230 1039 2297 ὀπάσσει

164 2334 344 2422 θηλυτέρῃσι
359 2336 487 2418 γυναιξί,
505 2332 552 2399 καὶ
567 2336 587 2414 ῆ
604 2335 628 2398 κ’
645 2335 764 2416 εὐεργὸς
780 2333 896 2421 ἐῃσιν.”

201 2437 264 2504 Ὣς
279 2442 308 2502 οί
322 2442 377 2516 μὲν
391 2446 513 2503 τοιαῦτα
529 2446 602 2520 πρὸς
617 2437 771 2517 ἀλλήλους
786 2439 938 2520 ἀγόρευον,

165 2542 282 2605 ἑσταότ’
301 2545 346 2606 εἰν
361 2541 465 2607 Ἀίδαο
481 2545 591 2622 δόμοις,
606 2543 665 2606 ὑπὸ
681 2542 801 2606 κεύθεσι
815 2544 912 2623 γαίης·

164 2648 191 2708 οἱ
208 2646 233 2708 δ’
248 2647 314 2710 ἐπεὶ
327 2650 360 2710 ἐκ
375 2647 482 2714 πόλιος
498 2645 640 2727 κατέβαν,
653 2645 732 2728 τάχα
748 2643 772 2710 δ’
789 2645 881 2727 ἀγρὸν
896 2648 995 2711 ίκοντο
1063 2675 1111 2725 ²05

164 2755 255 2811 καλὸν
271 2750 404 2831 Λαέρταο
420 2749 608 2831 τετυγμένον,
624 2751 658 2812 ὄν
672 2748 711 2830 ῥά
726 2748 790 2812 ποτ’
807 2748 895 2815 αὐτὸς

163 2851 297 2933 Λαέρτης
313 2853 500 2930 κτεάτισσεν,
518 2855 582 2917 ἐπεὶ
596 2851 678 2933 μάλα
694 2852 787 2916 πόλλ’
804 2853 964 2934 ἐμόγησεν.

163 2956 233 3019 ἔνθα
248 2958 276 3019 οἱ
292 2957 371 3022 οἶκος
387 2957 450 3035 ἔην,
468 2955 536 3038 περὶ
551 2959 584 3021 δέ
600 2959 720 3021 κλίσιον
736 2956 784 3019 θέε
800 2956 905 3041 πάντῃ,

162 3061 196 3123 ἐν
209 3063 249 3144 τῷ
262 3060 440 3124 σιτέσκοντο
457 3059 504 3124 καὶ
523 3063 626 3138 ἵζανον
644 3061 696 3140 ήδέ
712 3063 795 3124 ἴαυον

161 3169 254 3238 δμῶες
270 3165 436 3242 ἀναγκαῖοι,
451 3165 499 3227 τοί
515 3167 543 3227 οἱ
558 3168 638 3246 φίλα
652 3164 820 3246 ἐργάζοντο.
1060 3191 1108 3231 210

161 3270 193 3329 ἐν
209 3270 241 3330 δέ
256 3268 330 3349 γυνή
346 3268 459 3345 Σικελή
474 3266 565 3350 γρηδς
580 3267 682 3346 πέλεν,
697 3269 717 3346 ή
730 3271 769 3350 ῥα
784 3267 911 3350 γέροντα

161 3372 304 3437 ἐνδυκέως
320 3371 482 3449 κομέεσκεν
498 3371 544 3435 ἐπ’
560 3373 659 3453 ἀγροῦ,
677 3373 771 3454 νόσφι
787 3373 912 3448 πόληος.

159 3474 221 3537 ἔνθ’
236 3474 381 3541 Ὀδυσεὺς
396 3476 532 3554 δμώεσσι
549 3476 598 3540 καὶ
613 3473 670 3538 υἱέϊ
684 3480 780 3552 μῦθον
798 3475 908 3540 έειπεν·

159 3583 177 3611 “
187 3578 270 3655 ὑμεῖς
284 3582 339 3657 μὲν
354 3584 406 3641 νῦν
422 3579 518 3643 ἔλθετ’
535 3580 712 3664 ἐϋκτίμενον,
723 3580 815 3659 δόμον
832 3578 915 3656 εἴσω,

158 3686 281 3746 δεῖπνον
296 3681 325 3760 δ’Ι
337 3681 417 3763 αἶψα
432 3690 512 3748 συῶν
530 3683 682 3764 ἱερεύσατε
697 3683 731 3752 ἀς
746 3707 790 3770 τις
805 3682 938 3764 ἀριστος·
1060 3707 1086 3744 21
1092 3710 1106 3758 5
