2874 4234
290 355 353 424 572
598 358 629 417 4.
653 342 888 404 οοςννοιλν
916 343 954 402 ο.

290 515 334 592 φῆ
349 510 379 591 ῥ’
395 509 497 588 ἀέκητι
514 514 590 574 θεῶν
603 509 730 592 ’φυγέειν
744 511 820 594 μέγα
839 516 952 590 λαῖτμα
967 477 1145 590 θαλάσσης.Ι

290 619 342 676 τοῦ
360 615 392 678 δὲ
409 615 586 678 Ποσειδάων
600 614 707 697 μεγάλ’
724 617 830 678 ἔκλυεν
845 613 1041 694 αὐδήσαντος·
1187 638 1236 688 505

290 717 383 780 αῦτίκ’
398 719 502 781 ἔπειτα
517 721 652 798 τρίαιναν
666 719 747 784 ἔλδν
761 716 849 800 χερσὶ
865 719 1050 805 στιβαρῇσιν
1072 742 1076 746 ’

289 821 388 900 ήλασε
403 823 531 901 Γυραίην
546 821 665 902 πέτρην,
685 822 744 886 ἀπὸ
760 823 785 886 δ’
803 823 931 909 ἔσχισεν
946 822 1046 902 αὐτήν·

291 926 386 988 καὶτὸ
400 928 456 1004 μὲν
472 925 574 988 αὐτόθι
588 930 679 1005 μεῖνε,
692 931 725 988 τδ
740 929 773 990 δὲ
787 926 900 1006 τρύφος
916 927 1030 1006 ἔμπεσε
1041 927 1150 1010 πόντῳ,
1170 957 1171 960 “

292 1031 333 1113 τῷ
348 1029 379 1110 ῥ’
396 1031 471 1095 Αἴας
486 1029 520 1092 τὸ
536 1035 653 1109 πρῶτον
668 1031 849 1110 ἐφεζόμενος
864 1029 929 1112 μέγ’
946 1029 1056 1108 ἀάσθη·

291 1138 343 1196 τὸν
358 1133 384 1195 δ’
400 1133 503 1213 ἔφόρει
520 1132 594 1195 κατὰ
609 1133 722 1197 πόντον
738 1133 881 1213 ἀπείρονα
898 1135 1087 1214 κυμαίνοντα.
1188 1158 1237 1207 51⁰

293 1232 348 1322 [ὣς
364 1238 380 1299 ὁ
394 1237 450 1314 μὲν
467 1234 528 1299 ἔνθ’
543 1237 713 1314 ἀπόλωλεν,
727 1233 791 1301 ἐπεὶ
807 1237 876 1300 πίεν
891 1237 1025 1318 ἁλμυρὸν
1035 1232 1140 1322 ὕδωρ]

292 1339 346 1406 σδς
363 1339 396 1402 δέ
411 1364 469 1403 που
485 1340 598 1422 ἔκφυγε
614 1343 703 1421 κῆρας
718 1340 869 1421 ἀδελφεὸς
884 1341 929 1420 ἠδ’
942 1339 1095 1418 ῦπόλυξεν

292 1444 324 1505 ἔν
343 1445 432 1522 νηυσὶ
447 1443 633 1528 γλαφυρῇσι·
654 1441 761 1507 σάωσε
777 1445 810 1507 δὲ
826 1444 932 1509 πότνια
942 1442 1033 1524 Ἥρη.

292 1547 364 1608 ἀλλ’
380 1548 430 1610 ὅτε
445 1547 481 1625 δὴ
498 1546 563 1628 τάχ’
579 1547 691 1624 ἔμελλε
703 1546 869 1610 Μαλειάων
881 1549 951 1628 ύρος
968 1548 1040 1611 αίπῦ
1083 1591 1085 1596 -

292 1649 422 1727 ἵξεσθαι,
439 1651 507 1712 τότε
522 1649 557 1729 δή
572 1676 623 1730 μιν
642 1648 841 1732 ἀναρπάξασα
856 1653 971 1715 θύελλα
1190 1675 1238 1725 515

293 1755 403 1817 πόντον
418 1751 464 1816 ἔπ’
480 1753 639 1836 ἰχθυόεντα
655 1753 744 1835 φέρεν
759 1754 857 1836 βαρίοι
874 1752 1069 1837 στενάχοντα,

294 1859 386 1938 ἀγροῦ
403 1855 448 1920 ἔπ’
465 1856 621 1940 ἐσχατιήν,
634 1859 685 1920 όθι
700 1858 821 1937 δόματα
837 1863 901 1922 ναῖε
914 1859 1053 1936 Θυέστης
1166 1915 1167 1918 ,

294 1967 328 2024 τὸ
343 1961 423 2041 πρίν,
440 1959 514 2040 ἀτὰρ
529 1959 590 2025 τότ’
604 1962 685 2025 ἔναιε
699 1960 890 2039 Θυεστιάδης
905 1963 1059 2044 Αἴγισθος.

294 2063 364 2127 ἀλλ’
376 2065 426 2127 δτε
442 2064 477 2144 δὴ
495 2066 543 2130 καὶ
560 2069 659 2130 κεῦθεν
674 2066 813 2145 ἔφοίνετο
830 2065 935 2132 νόστος
952 2062 1087 2145 ἀπήμων,

294 2167 341 2249 ἀφ
357 2170 390 2231 δὲ
406 2165 468 2231 θεοί
484 2168 571 2248 οῦρον
586 2168 731 2249 στρέψαν,
748 2166 796 2232 καῖ
812 2167 905 2232 οἴκαδ’
920 2170 1030 2246 ἴκοντα,
1192 2193 1241 2241 5²0

295 2271 314 2351 ἦ
332 2297 378 2334 τοι
395 2274 410 2335 ὁ
425 2274 482 2349 μὲν
496 2273 610 2354 χαίρων
626 2270 798 2351 ἐπεβήσετο
813 2274 953 2353 πατρίδος
968 2276 1044 2351 αἴης,

296 2377 344 2438 καὶ
361 2377 440 2438 κύνει
456 2376 623 2454 ἁπτόμενος
639 2373 676 2454 ἣν
690 2377 827 2456 πατρίδα·
851 2375 956 2439 πολλὰ
972 2373 997 2439 δ’
1013 2372 1063 2438 ἀπ’
1076 2374 1169 2436 αὐτοῦ

295 2478 406 2558 δάκρυα
421 2478 514 2559 θερμὰ
528 2477 637 2560 χέοντ’,
653 2480 719 2543 ἔπεὶ
735 2480 894 2546 ἀσπασίως
908 2481 954 2543 ἴδε
969 2483 1068 2560 γαῖαν.

296 2582 348 2646 τδν
364 2580 389 2645 δ’
406 2580 450 2663 ἄρ’
466 2583 525 2647 ἀπδ
541 2586 669 2660 σκοπιῆς
685 2583 745 2647 εἶδε
761 2583 885 2658 σκοπός,
901 2584 936 2646 ἀν
947 2584 985 2664 ῥα
1001 2586 1142 2646 καθεῖσεν

297 2687 441 2768 Αἴγισθος
457 2686 617 2765 δολόμητις
632 2685 724 2769 ἀγων,
738 2685 796 2751 ὑπὸ
813 2684 838 2750 δ’
853 2686 964 2769 ἔσχετο
975 2687 1089 2765 μισθὸν
1194 2709 1241 2760 525

296 2795 411 2872 χρυσοῦ
429 2793 495 2853 δοιδ
510 2787 652 2854 τάλαντα·
675 2791 821 2871 φύλασσε
836 2787 862 2853 δ’
877 2791 895 2852 ό
910 2788 937 2872 γ’
954 2793 996 2856 είς
1012 2787 1155 2863 ἐνιαυτόν,

297 2893 337 2974 μή
355 2897 368 2957 ἔ
383 2892 473 2957 λάθοι
488 2894 614 2976 παριύν,
630 2894 778 2975 μνήσαιτο
794 2897 827 2957 δὲ
843 2893 978 2974 θούριδος
993 2894 1108 2971 ἀλικής.γ

297 3001 339 3077 βῆ
356 2996 381 3061 δ’
395 3001 463 3074 ἴμεν
479 2997 634 3079 ἀγγελέων
649 2996 722 3078 πρὸς
738 2999 859 3078 δόματα
874 2997 993 3074 ποιμένι
1009 3003 1101 3059 λαῶν.

298 3102 403 3165 αὐτίκα
418 3099 443 3164 δ’
459 3101 607 3180 Αἴγισθος
621 3101 724 3179 δολίην
741 3101 917 3182 ἐφράσσατο
934 3100 1052 3182 τέχνην·

299 3203 472 3284 κρινάμενος
488 3208 563 3268 κατά
578 3207 671 3285 δῆμον
686 3205 799 3268 ἐείκοσι
814 3211 918 3285 φῶτας
934 3205 1072 3286 ἀρίστους
1193 3229 1244 3278 530

299 3310 365 3372 εἴσε
379 3310 486 3392 λόχον,
503 3308 622 3386 ἑτέρωθι
640 3306 665 3372 δ’
681 3308 790 3390 ἀνύγει
806 3313 891 3372 δαῖτα
907 3309 1061 3372 πένεσθαι.

299 3413 391 3494 αὐτὰρ
407 3415 476 3492 δβῆ
493 3413 608 3477 καλέων
623 3409 839 3497 Ἀγαμέμνονα,
855 3411 982 3490 ποιμένα
996 3416 1089 3486 λαῶν,

300 3520 440 3582 ἵπποισιν
457 3516 505 3579 καὶ
521 3519 662 3599 ὄχεσφιν,
675 3516 775 3581 ἀεικέα
790 3514 983 3597 μερμηρίζων.

299 3621 352 3684 τὸν
369 3618 461 3683 δὀὐκ
477 3618 565 3683 εἰδότ’
580 3622 707 3700 ὄλεθρον
722 3617 864 3702 ἀνήγαγε,
882 3615 929 3682 καὶ
945 3619 1115 3698 κατέπεφνε

300 3722 489 3799 δειπνίσσας,
506 3722 546 3786 ὥς
561 3725 606 3788 τίς
621 3747 654 3785 τε
670 3721 826 3788 κατέκτανε
842 3727 920 3800 βοῦν
936 3723 986 3786 ἐπὶ
1001 3720 1110 3808 φάτνῃ.
1195 3745 1242 3796 535
