2792 4232
482 339 530 407 17.
555 329 725 388 ικιλοος
749 331 780 388 P.
1043 329 1106 413 349

157 497 309 574 Μέσθλην
327 521 360 560 τε
375 499 512 560 Γλαῦκόν
528 521 560 562 τε
577 496 719 561 Μέδοντά
734 523 768 561 τε
784 498 981 580 Θερσίλοχόν
996 524 1037 571 τε,

154 600 376 681 Ἀστεροπαῖόν
389 625 422 662 τε
438 598 611 680 Δεισήνορά
626 599 651 662 θ’
668 599 833 663 Ἱππόθοόν
848 625 891 675 τε,

157 706 275 786 Φόρκυν
290 728 323 765 τε
339 703 472 782 Χρομίον
487 729 521 767 τε
536 705 585 767 καὶ
597 702 748 784 Ἔννομον
764 703 934 781 οἰωνιστήν·

157 807 224 872 τοὺς
240 803 300 888 ὅγ’
317 799 487 887 ἐποτρύνων
502 806 576 870 ἐπεα
592 807 755 887 πτερόεντα
774 807 938 889 προσηύδα·

159 917 177 943 “
188 910 319 989 κέκλυτε,
334 911 424 991 μυρία
438 916 524 990 φῦλα
539 911 736 990 περικτιόνων
755 911 929 991 ἐπικούρων·

159 1013 263 1094 οὐγὰρ
280 1015 338 1096 ἐγὼ
355 1013 474 1092 πληθὺν
489 1012 643 1091 διζήμενος
660 1013 728 1076 ούδέ
743 1015 873 1095 χατίζων
948 1017 952 1028 ‘

159 1115 255 1180 ἐνθάδ’
272 1117 324 1198 ἀφ’
341 1117 490 1198 ὑμετέρων
505 1117 623 1180 πολίων
637 1115 743 1200 ἤγειρα
758 1117 896 1191 ἕκαστον,

159 1219 228 1281 ἀλλ’
244 1222 293 1284 ἵνα
308 1247 360 1299 μοι
374 1221 485 1301 Τρώων
501 1220 633 1302 ἀλόχους
649 1221 697 1283 καὶ
713 1218 805 1298 νήπια
821 1220 909 1284 τέκνα

159 1323 351 1402 προφρονέως
365 1324 488 1405 ῥύοισθε
503 1323 740 1404 φιλοπτολέμων
754 1323 803 1388 ὑπ’
819 1324 961 1408 Ἀχαιῶν.

159 1426 194 1488 τὰ
209 1426 347 1507 φρονέων
361 1428 484 1507 δώροισι
500 1427 672 1509 κατατρύχω
690 1428 738 1491 καὶ
753 1429 847 1514 ἐδωδῇ

159 1532 257 1608 λαούς,
274 1531 419 1613 ύμέτερον
433 1534 466 1596 δὲ
482 1531 611 1596 ἑκάστου
627 1537 720 1613 θυμόν
736 1531 823 1611 ἀέξω.

159 1638 197 1718 τῷ
213 1661 257 1702 τις
273 1642 325 1700 νῦν
342 1636 405 1701 ἰθὺς
420 1620 652 1716 τετραμμένοςή
672 1635 835 1699 ἀπολέσθω

158 1739 191 1816 ἠὲ
211 1738 366 1818 σαωθήτω·
389 1739 482 1821 ἡγὰρ
496 1739 631 1818 πολέμου
650 1740 799 1821 ὀαριστύς.

159 1841 190 1908 ὃς
205 1843 238 1906 δέ
254 1869 287 1907 κε
303 1842 484 1924 Πάτροκλον
499 1840 548 1906 καὶ
563 1842 716 1921 τεθνηῶτά
732 1868 788 1924 περ
805 1844 900 1923 ἔμπης

158 1951 261 2026 Τρῶας
277 1948 308 2013 ἐς
325 1946 511 2026 ἱπποδάμους
527 1947 627 2032 ἐρύσῃ,
645 1945 710 2032 εἴξῃ
727 1946 760 2009 δέ
778 1949 806 2009 oz
828 1950 911 2018 Αἴας,

159 2050 249 2128 ἥμισυ
265 2053 305 2135 τῷ
322 2049 435 2131 ἐνάρων
451 2049 674 2128 ἀποδάσσομαι,
690 2049 784 2128 ήμισυ
800 2047 826 2112 δ’
844 2050 931 2115 αὐτὸς

160 2154 214 2232 ἔξω
231 2156 301 2237 ἐγώ·
325 2154 358 2217 τδ
378 2148 411 2217 δέ
426 2156 454 2216 οἱ
471 2152 559 2218 κλέος
576 2154 701 2216 ἔσσεται
717 2155 814 2217 ὅσσον
830 2155 900 2233 ἐμοί
914 2153 997 2235 περ.”

194 2257 257 2324 Ὣς
273 2255 372 2338 ἔφαθ’,
388 2259 416 2319 οἱ
432 2256 457 2320 δ’
475 2255 537 2321 ἰθὺς
555 2262 684 2320 Δαναῶν
698 2258 863 2336 βρίσαντες
879 2257 1007 2336 ἔβησαν,

160 2359 273 2442 δούρατ’
293 2348 506 2442 ἀνασχόμενοι·
529 2357 612 2437 μάλα
627 2358 661 2422 δέ
677 2366 787 2440 σφισιν
803 2362 913 2424 ἔλπετο
929 2363 1020 2440 θυμὸς

159 2466 261 2546 νεκρὸν
275 2465 324 2528 ὑπ’
341 2466 469 2528 Αἴαντος
485 2463 581 2543 ἐρύειν
595 2462 840 2543 Τελαμωνιάδαο,

160 2567 270 2646 νήπιοι·
294 2567 313 2646 ἦ
328 2593 361 2632 τε
374 2566 527 2631 πολέσσιν
542 2565 587 2629 ἐπ’
606 2566 683 2650 αὐτῷ
697 2572 789 2646 θυμὸν
805 2568 931 2649 ἀπηύρα.

160 2675 207 2736 καὶ
222 2672 283 2735 τότ’
300 2669 346 2752 ἀρ’
362 2673 438 2736 Αίας
453 2671 519 2734 εἶπε
534 2671 615 2749 βοήν
630 2671 744 2751 ἀγαθδν
760 2671 930 2735 Μενέλαον·

161 2774 209 2838 “ώ
225 2775 332 2846 πέπον,
349 2771 379 2836 ὦ.
389 2774 529 2838 Μενέλαε
545 2774 711 2854 διοτρεφές,
726 2775 824 2838 οὐκέτι
841 2781 893 2838 νῶϊ

160 2879 288 2959 ἔλπομαι
305 2877 382 2940 αύτώ
398 2904 453 2959 περ
469 2876 656 2955 νοστησέμεν
672 2880 704 2941 ἐκ
721 2878 876 2958 πολέμοιο.

160 2984 192 3045 ού
207 3009 235 3047 τι
250 2984 344 3045 τόσον
359 2981 462 3047 νέκυος
477 2982 642 3062 περιδείδια
657 2985 857 3063 Πατρόκλοιο,

160 3088 191 3152 ός
206 3113 239 3149 κε
257 3085 336 3167 τάχα
350 3085 462 3166 Τρώων
479 3083 574 3165 κορέει
591 3086 679 3151 κύνας
694 3083 739 3164 ἠδ’
756 3085 887 3156 οίωνούς,
955 3093 956 3098 '

160 3190 255 3253 ὅσσον
270 3192 325 3276 ἐμῇ
342 3190 460 3274 κεφαλῇ
477 3190 650 3269 περιδείδια,
667 3187 707 3266 μή
724 3214 753 3252 τι
769 3188 892 3274 πάθῃσι,

160 3297 206 3358 καὶ
223 3296 271 3382 σῇ,
290 3293 355 3358 ἐπεὶ
371 3293 519 3372 πολέμοιο
539 3293 632 3374 νέφος
651 3294 718 3374 περὶ
734 3292 834 3358 πάντα
849 3294 1002 3373 καλύπτει,

155 3397 280 3480 Ἕκτωρ,
299 3397 370 3477 ἡμῖν
386 3395 412 3460 δ’
429 3395 491 3460 αὖτ’
507 3398 706 3478 ἀναφαίνεται
722 3397 810 3462 αἰπὺς
825 3397 958 3478 ὄλεθρος.

160 3500 228 3564 ἀλλ’
244 3501 291 3583 ἄγ’
310 3503 456 3581 ἀριστῆας
472 3506 601 3564 Δαναῶν
617 3499 714 3575 κάλει,
729 3498 767 3578 ἥν
782 3525 827 3566 τις
846 3496 991 3587 ἀκούση.”

194 3604 258 3672 Ὣς
273 3602 378 3686 ἔφατ’,
388 3602 448 3667 οὐδ’
464 3605 597 3681 ἀπίθησε
611 3603 691 3682 βοήν
707 3603 817 3684 ἀγαθὸς
834 3603 1000 3676 Μενέλαος,

159 3710 249 3788 ἤϋσεν
265 3713 298 3774 δέ
314 3710 492 3790 διαπρύσιον
508 3713 658 3773 Δαναοῖσι
674 3709 822 3790 γεγωνώς·
861 3761 865 3769 .
