2848 4296
256 421 318 486 392
572 423 620 485 19.
645 407 816 465 ΙΛΙΑΔΟΣ
838 407 873 466 T.

298 575 360 637 Τὸν
376 572 402 637 δ’
420 574 489 638 αδτε
504 573 686 654 προσέειπεν
703 573 781 653 ἄναξ
795 577 910 654 ἀνδρῶν
923 573 1130 654 Ἀγαμέμνων·

257 685 274 712 “
284 680 380 760 χαίρω
400 684 463 750 σεῦ,
481 676 659 759 Λαερτιάδη,
675 678 727 741 τδν
741 682 836 757 μΰθον
852 678 991 742 ἀκούσας·
1156 691 1199 750 185

256 783 289 844 ἐν
304 785 393 866 μοίρῃ
408 781 466 863 γὰρ
482 780 580 844 πάντα
596 783 688 846 διίκεο
705 783 754 846 καὶ
770 779 942 859 κατέλεξας.

256 890 347 946 ταῦτα
363 882 388 947 δ’
405 886 482 965 ἐγὼν
499 885 593 948 ἐθέλω
610 886 730 971 ὀμόσαι,
748 884 868 948 κέλεται
884 882 917 948 δέ
932 911 970 965 με
989 886 1089 964 θυμός,

256 987 316 1050 οὐδ’
334 987 503 1066 ἐπιορκήσω
520 988 594 1069 πρὸς
609 990 758 1067 δαίμονος.
804 990 895 1068 αὐτὰρ
910 987 1074 1070 Ἀχιλλεὺς

255 1089 386 1171 μιμνέτω
404 1093 507 1154 αὐτόθι
530 1096 599 1168 τῆος
616 1095 811 1172 ἐπειγόμενός
827 1119 882 1172 περ
896 1091 1016 1172 Ἀρηος·

255 1197 378 1273 μίμνετε
395 1195 419 1257 δ’
437 1195 529 1258 ἄλλοι
545 1195 655 1261 πάντες
671 1195 808 1268 ἀολλέες,
827 1197 907 1276 ὄφρα
924 1220 956 1257 κε
972 1199 1051 1274 δῶρα
1157 1219 1202 1266 190

258 1302 289 1360 ἐκ
307 1299 427 1376 κλισίης
443 1299 551 1384 ἔλθῃσι
568 1300 616 1362 καὶ
633 1301 719 1380 ὅρκια
735 1302 831 1363 πιστὰ
845 1299 992 1376 τάμωμεν.

257 1402 308 1464 σοὶ
323 1402 348 1464 δ’
366 1402 442 1486 αὐτῷ
459 1402 519 1465 τόδ’
537 1403 615 1485 ἐγὼν
631 1402 829 1482 ἐπιτέλλομαι
844 1403 897 1480 ἠδὲ
913 1402 1034 1466 κελεύω·

258 1506 430 1585 κρινόμενος
445 1505 589 1586 κούρητας
604 1508 747 1588 ἀριστῆας
762 1511 949 1590 Παναχαιῶν

257 1613 336 1688 δῶρα
352 1611 425 1687 ἐμῆς
441 1613 521 1690 παρὰ
536 1617 607 1687 νηὸς
624 1609 786 1689 ἐνεικέμεν,
803 1610 873 1673 ὅσσ’
888 1610 1013 1691 Ἀχιλῆϊ

256 1713 363 1794 χθιζὸν
378 1712 549 1792 ὑπέστημεν
565 1714 687 1786 δαίσειν,Ι
702 1713 814 1796 ἀγέμεν
829 1739 862 1777 τε
877 1719 1028 1796 γνναῖκας.
1157 1737 1201 1787 195

256 1816 432 1896 Ταλθύβιος
447 1815 481 1879 δέ
495 1841 547 1895 μοι
563 1814 625 1880 ῶκα
641 1820 716 1880 κατὰ
731 1823 861 1898 στρατὸν
877 1817 963 1898 εὐρὺν
977 1816 1111 1899 Ἀχαιῶν

258 1918 372 2000 κάπρον
388 1919 586 1999 ἑτοιμασάτω,
603 1920 728 2001 ταμέειν
740 1923 795 1984 Διί
809 1920 833 1984 τ’
853 1922 967 2006 Ἠελίῳ
983 1919 1044 1984 τε.”

301 2028 364 2087 Τὸν
380 2021 404 2086 δ’
418 2025 662 2105 ἀπαμειβόμενος
678 2023 819 2106 προσέφη
836 2027 931 2091 πόδας
943 2025 1018 2090 ὠκὺς
1029 2021 1204 2106 Ἀχιλλεύς·

260 2135 277 2162 “
288 2126 423 2208 Ἀτρείδη
441 2129 570 2207 κύδιστε,
586 2127 665 2207 ἅναξ
678 2130 792 2211 ἀνδρῶν
809 2127 1008 2211 Ἀγάμεμνον,

258 2229 372 2293 ἄλλοτέ
391 2258 447 2313 περ
463 2233 512 2296 καὶ
526 2237 646 2311 μάλλον
662 2232 814 2314 ὀφέλλετε
830 2238 922 2296 ταῦτα
937 2231 1093 2307 πένεσθαι,
1156 2257 1205 2291 200

258 2336 373 2398 ὁππότε
388 2360 433 2401 τις
448 2336 671 2417 μεταπαυσωλὴ
687 2336 835 2416 πολέμοιο
849 2335 973 2419 γένηται

259 2439 307 2501 καὶ
322 2437 413 2518 μένος
431 2439 466 2500 ού
481 2441 575 2502 τόσον
589 2438 663 2525 ήσιν
681 2441 726 2504 ἐνὶ
742 2437 910 2517 στήθεσσιν
925 2441 1035 2517 ἐμοῖσι.

259 2547 310 2607 νῶν
325 2542 350 2604 δ’
367 2545 396 2606 οἱ
410 2543 466 2622 μέν
483 2541 585 2607 κέαται
601 2542 798 2625 δεδαϊγμένοι,
817 2541 867 2607 οὓς
882 2541 1054 2622 ἐδάμασσεν

254 2645 372 2727 Ἕκτωρ
388 2647 566 2727 Πριαμίδης,
583 2648 634 2710 ὅτε
649 2649 678 2709 ol
694 2645 770 2711 Ζεὺς
785 2650 871 2711 κῦδος
888 2645 1005 2717 ἔδωκεν,

258 2752 340 2829 ὑμεῖς
356 2751 380 2813 δ’
398 2752 429 2816 ἐς
443 2749 563 2832 βρωτὺν
579 2750 744 2830 ὀτρύνετον·
776 2747 835 2827 ἦτ’
850 2747 887 2811 δν
903 2749 961 2831 ἐγό
976 2775 1013 2832 γε
1153 2774 1201 2823 ²05

259 2859 312 2919 νῦν
326 2856 382 2934 μὲν
397 2856 542 2937 ἀνόγοιμι
557 2853 748 2933 πτολεμίζειν
763 2854 829 2918 νίας
843 2851 977 2934 Ἀχαιῶν

260 2956 384 3035 νήστιας
400 2957 558 3037 ἀκμήνους,
574 2957 635 3036 ἀμα
651 2954 677 3020 δ’
693 2957 785 3041 ήελίιρ
803 2955 960 3019 καταδύντι
1125 3037 1128 3046 y

259 3059 417 3139 τεύξεσθαι
432 3061 511 3144 μέγα
526 3063 647 3142 δόρπον,
664 3061 740 3140 ἐπήν
755 3062 917 3139 τισαίμεθα
931 3060 1048 3139 λώβην.

260 3165 330 3245 πρὶν
346 3165 370 3227 δ’
388 3165 423 3228 ού
438 3193 500 3232 πως
516 3166 554 3230 ἂν
569 3167 674 3248 ἐμοιγε
692 3166 786 3246 φίλον
803 3167 878 3229 κατὰ
893 3161 1005 3241 λαιμὸν
1018 3164 1074 3241 ἰείη

259 3268 294 3330 οὗ
309 3270 400 3334 πόσις
417 3271 486 3333 οὐδὲ
501 3276 628 3352 βρῶσις,
645 3271 762 3351 ἑταίρου
778 3275 952 3348 τεθνηῶτος,
1157 3293 1206 3328 ιιο

260 3373 293 3438 ός
304 3397 355 3451 μοι
371 3374 416 3437 ἐνὶ
433 3375 538 3458 κλισίῃ
553 3372 745 3454 δεδαϊγμένος
761 3372 825 3452 ὀξέϊ
839 3372 944 3455 χαλκῷ

261 3480 355 3538 κεῖται
372 3476 429 3539 ἀνὰ
445 3478 594 3558 πρόθυρον
609 3475 817 3557 τετραμμένος,
834 3476 912 3556 ἀμφὶ
929 3476 953 3538 δ’
972 3478 1083 3554 ἐταῖραι

259 3581 411 3660 μύρονται·
442 3580 478 3641 τό
492 3605 543 3658 μοι
559 3578 594 3641 ού
609 3605 638 3642 τι
652 3578 727 3657 μετὰ
743 3579 835 3660 φρεσὶ
851 3583 943 3640 ταῦτα
957 3577 1099 3657 μέμηλεν,

261 3685 343 3745 ἀλλὰ
359 3683 454 3763 φόνος
469 3707 502 3746 τε
518 3683 568 3746 καὶ
584 3684 658 3761 αἷμα
673 3683 721 3744 καὶ
737 3680 887 3763 ἀργαλέος
903 3682 1011 3748 στόνος
1027 3677 1174 3762 ὀνδρῶν.”

304 3786 367 3852 Τὸν
381 3785 407 3850 δ’
425 3785 670 3866 ἀπαμειβόμενος
685 3783 825 3865 προσέφη
842 3785 1009 3866 πολύμητις
1027 3785 1205 3850 Ὀδυσσεύς·
