2760 4232
274 365 339 432 970
677 353 825 415 ΎΜΝΟΙ.

315 521 361 607 Τῇ
372 523 405 585 δέ
421 522 469 585 καὶ
485 521 557 608 αὐτῇ
574 521 649 588 Ζεὺς
664 521 780 604 γλυκὺν
794 525 897 604 ἵμερον
912 522 1031 603 ἔμβαλε
1046 522 1136 606 θυμῷ,
1190 549 1227 599 4⁵

272 623 355 705 ἀνδρὶ
372 628 544 710 καταθνητῷ
559 624 750 708 μιχθήμεναι,
767 628 849 708 όφρα
864 625 994 710 τάχιστα

269 726 337 806 μηδ’
353 729 424 808 αδτὴ
439 729 568 810 βροτέης
585 731 669 806 εὐνῆς
685 730 872 812 ἀποεργμένη
890 731 945 807 εἵη,

271 835 322 896 καί
336 831 401 895 ποτ’
418 834 603 913 ἐπευξαμένη
620 836 689 920 εἵπη
704 837 780 913 μετὰ
796 839 873 897 πᾶσι
890 839 1016 913 θεοῖσιν,

269 935 324 1014 ἡδὺ
340 937 540 1019 γελοιήσασα,
557 938 757 1019 φιλομμειδὴς
772 934 947 1019 Ἀφροδίτη,

269 1043 309 1106 ὥς
323 1042 362 1123 ῥα
377 1042 464 1108 θεοὺς
478 1041 619 1120 συνέμιξε
634 1042 836 1127 καταθνητῇσι
850 1041 977 1122 γυναιξί,
1188 1068 1222 1117 50

270 1145 321 1207 καί
333 1171 366 1208 τε
383 1145 583 1225 καταθνητοὺς
598 1148 671 1211 υἱεῖς
685 1145 775 1210 τέκον
796 1144 1003 1224 ἀθανάτοισιν,

269 1249 309 1314 ὥς
324 1274 357 1312 τε
372 1252 443 1315 θεδς
459 1247 601 1329 συνέμιξε
616 1253 809 1327 καταθνητοῖς
824 1250 1001 1326 ἀνθρώποις.

311 1352 466 1436 Ἀγχίσεω
482 1353 506 1416 δ’
524 1353 582 1433 ἀρα
597 1354 626 1416 οἵ
642 1352 753 1433 γλυκὺν
769 1355 872 1433 ἵμερον
889 1353 1008 1432 ἔμβαλε
1024 1353 1115 1437 θυμῷ,

270 1452 303 1521 δς
318 1455 378 1518 τότ’
396 1458 428 1519 έν
444 1457 625 1536 ἀκροπόλοις
640 1458 745 1536 ὄρεσιν
759 1455 968 1520 πολυπιδάκου
978 1456 1061 1534 Ἴδης

267 1560 491 1636 βουκολέεσκεν
507 1564 592 1637 βοῦς,
608 1558 697 1637 δέμας
713 1560 909 1624 ἀθανάτοισιν
923 1560 1036 1626 ἐοικός.
1187 1585 1218 1636 55

267 1667 319 1726 τδν
334 1662 370 1739 δὴ
385 1663 488 1726 ἔπειτα
504 1664 610 1726 ίδοΰσα
626 1665 829 1743 φιλομμειδὴς
844 1662 1010 1744 Ἀφροδίτη

267 1765 402 1846 ἠράσατ’,
418 1764 578 1849 ἐκπάγλως
593 1767 626 1830 δὲ
642 1766 718 1829 κατὰ
734 1768 846 1850 φρένας
861 1768 963 1848 ἵμερος
983 1769 1075 1832 εἶλεν.

268 1870 297 1935 ές
314 1869 434 1950 Κύπρον
450 1869 474 1934 δ’
491 1873 625 1934 έλθοΰσα
639 1871 754 1934 θυώδεα
769 1872 842 1948 νηὸν
858 1871 969 1949 ἔδυνεν,

267 1974 297 2038 ές
312 1973 433 2053 Πάφον·
457 1974 529 2038 ἔνθα
544 1973 577 2038 δέ
591 1976 620 2037 οἱ
636 1973 758 2054 τέμενος
773 1975 879 2054 βωμός
893 2000 926 2038 τε
942 1975 1065 2054 θυόδης·

266 2075 327 2141 ἔνθ’
341 2078 362 2157 ἥ
376 2077 403 2160 γ’
422 2079 605 2142 εἰσελθοῦσα
620 2077 709 2160 θύρας
726 2077 855 2157 ἐπέθηκε
870 2077 1007 2157 φαεινάς.
1184 2091 1219 2139 6ο

266 2181 337 2246 ἔνθα
353 2180 387 2244 δέ
400 2207 452 2259 μιν
466 2181 595 2263 Χάριτες
610 2187 726 2246 λοῦσαν
742 2183 789 2246 καὶ
804 2186 916 2266 χρῖσαν
931 2183 1023 2266 έλαίιρ

266 2286 419 2368 ἀμβρότῳ,
437 2287 485 2348 οἵα
500 2284 585 2350 θεοὺς
600 2287 781 2364 ἐπενήνοθεν
796 2289 863 2350 αἵὲν
878 2287 992 2360 ἐόντας,

266 2389 425 2471 ἀμβροσίῳ
441 2391 529 2473 ἑανῷ,
545 2389 580 2452 τό
591 2387 630 2472 ῥά
645 2391 674 2453 οἱ
691 2391 877 2469 τεθυωμένον
892 2388 953 2468 ήεν.

266 2491 419 2572 ἑσσαμένη
435 2490 460 2556 δ’
477 2492 508 2556 εὖ
525 2492 623 2556 πάντα
638 2491 705 2576 περὶ
721 2493 791 2576 χροὶ
806 2495 910 2571 εἵματα
926 2494 1013 2571 καλά,

263 2596 367 2678 χρυσῷ
382 2599 571 2677 κοσμηθεῖσα
586 2597 786 2677 φιλομμειδὴς
802 2596 965 2678 Ἀφροδίτη
1181 2607 1215 2671 ⁶5

264 2697 366 2765 σεύατ’
383 2697 431 2763 έπὶ
447 2701 557 2782 Τροίης
573 2696 753 2781 προλιποῦσ’
769 2699 880 2763 εὐώδεα
897 2699 1027 2781 Κάπρον,

263 2804 320 2884 ὕψι
335 2806 410 2885 μετὰ
426 2801 554 2882 νέφεσιν
566 2804 665 2884 ῥίμφα
680 2801 861 2883 πρήσσουσα
877 2802 1029 2868 κέλευθον.

259 2905 343 2984 Ἴδην
358 2907 383 2970 δ’
398 2908 500 2970 ἵκανεν
517 2907 716 2982 πολυπίδακα,
730 2904 845 2986 μητέρα
860 2911 967 2986 θηρῶν,

263 3012 306 3087 βῆ
323 3010 348 3073 δ’
364 3008 427 3074 ίθδς
448 3013 594 3090 σταθμοῖο
610 3006 647 3072 δι’
663 3008 772 3090 οὔρεος·
796 3011 825 3072 οἱ
841 3011 873 3073 δὲ
889 3009 953 3088 μετ’
969 3008 1060 3086 αὐτὴν

264 3113 420 3178 σαίνοντες
435 3114 539 3176 πολιοί
552 3138 587 3176 τε
602 3113 688 3176 λόκοι
703 3113 834 3196 χαροποί
847 3139 881 3177 τε
895 3112 1029 3190 λέοντες,
1181 3137 1213 3187 70

263 3214 366 3296 ἀρκτοι
381 3215 543 3298 παρδάλιές
558 3241 591 3280 τε
606 3217 673 3279 θοαὶ
688 3216 845 3294 προκάδων
859 3217 1000 3299 ἀκόρητοι

263 3316 363 3397 ήϊσαν·
385 3317 403 3397 ή
421 3319 446 3382 δ’
462 3320 582 3401 ὁρόωσα
597 3322 673 3399 μετὰ
688 3322 781 3400 φρεσὶ
796 3319 921 3400 τέρπετο
938 3320 1040 3399 θυμόν,

263 3420 311 3487 καὶ
327 3425 389 3488 τοῖς
405 3425 438 3485 έν
453 3421 603 3501 στήθεσσι
617 3421 691 3504 βάλ’
708 3425 820 3506 ἵμερον,
837 3425 867 3487 οἱ
886 3424 911 3488 δ’
928 3423 989 3504 άμα
1002 3422 1112 3488 πάντες

294 3618 324 3668 5²
337 3600 432 3664 ἀνέμιξε
444 3601 603 3662 codd.;corr.
612 3602 734 3653 Schaeser.
801 3601 832 3664 63
845 3603 950 3665 ἑθανᾷΕ
966 3613 1020 3666 ¹7²·
1087 3600 1211 3664 66τροῖης

261 3683 304 3740 Μ;
322 3679 402 3744 τροίην
413 3696 454 3745 xp.
528 3680 560 3743 67
577 3681 668 3741 itaM;
686 3678 798 3743 νεφέεσσι
809 3680 867 3729 θοιῖις
878 3695 920 3744 xp.
998 3679 1094 3729 68—112
1107 3695 1157 3730 om.
1170 3679 1209 3730 M.

262 3769 289 3821 71
309 3757 434 3820 παρδάλεις
445 3773 470 3821 p.
549 3767 578 3821 7²
596 3756 674 3818 ήεσαν
685 3759 774 3819 ποδός
791 3775 852 3809 corr.
865 3759 947 3824 Ilgen.
