2792 4232
495 343 544 408 16.
569 346 739 407 ΙΛΙΑΔΟΣ
763 349 803 406 Π.
1056 359 1116 423 341

209 515 271 581 Ὣς
287 515 345 597 ἄρα
358 539 410 594 μιν
426 515 551 579 εἰπόντα
566 515 654 581 τέλος
670 514 810 578 θανάτοιο
830 514 959 598 κάλυψε·
1072 532 1120 592 855

171 619 256 701 ψυχή
273 616 299 682 δ’
319 622 350 682 ἔκ
366 616 478 700 ῥεθέων
494 617 628 696 πταμένη
642 617 786 683 Ἀϊδόσδε
800 619 942 700 βεβήκει,

172 720 206 785 δν
221 721 337 801 πότμον
350 722 483 804 γοόωσα,
499 721 622 785 λιποῦσ’
640 722 805 803 ἀνδροτῆτα
820 723 869 786 καὶ
884 723 975 802 ἥβην.

171 825 223 889 τὸν
239 823 287 888 καὶ
302 829 454 902 τεθνηῶτα
473 825 629 906 προσηύδα
645 828 788 905 φαίδιμος
799 825 926 907 Ἕκτωρ·

173 936 190 963 “
203 929 399 1011 Πατρόκλεις,
416 929 446 991 τί
462 928 496 993 νύ
510 954 562 1009 μοι
577 929 737 1009 μαντεύεαι
753 929 842 994 αἰπὺν
858 931 1011 1010 όλεθρον;

172 1033 216 1097 τίς
231 1033 255 1097 δ’
273 1033 327 1096 οἶδ’
345 1035 374 1098 εἴ
389 1032 414 1096 κ’
431 1031 587 1115 Ἀχιλεύς,
605 1032 732 1098 Θέτιδος
748 1036 818 1098 παῖς
834 1033 986 1112 ἠϋκόμοιο,
1072 1047 1121 1096 860

173 1134 255 1222 φθήῃ
272 1139 332 1222 ε’μῷ
349 1139 406 1200 ὑπὸ
425 1135 506 1219 δουρὶ
522 1138 624 1203 τυπεὶς
640 1135 700 1200 άπδ
716 1137 808 1215 θυμὸν
825 1135 956 1201 ὀλέσσαι
968 1163 979 1212 ,·
989 1135 1008 1162 ”

209 1239 273 1308 Ὣς
288 1241 345 1322 άρα
360 1240 506 1322 φωνήσας
522 1243 592 1323 δόρυ
607 1240 742 1326 χάλκεον
757 1241 793 1320 ἐξ
807 1243 932 1321 ὠτειλῆς

94 1430 96 1438 ¹
174 1348 273 1427 εἴρυσε
288 1343 349 1424 λὰξ
364 1345 514 1427 προσβάς,
530 1345 584 1408 τὸν
602 1345 626 1409 δ’
642 1347 749 1411 ὕπτιον
764 1342 818 1408 ὦτ’
836 1347 895 1411 ἀπὸ
912 1349 1024 1430 δουρός.

173 1448 277 1513 αὐτίκα
292 1451 324 1514 δὲ
341 1448 395 1528 ξὺν
411 1452 493 1531 δουρὶ
507 1449 571 1529 μετ’
589 1447 799 1529 Αὐτομέδοντα
813 1448 954 1530 βεβήκει,

174 1553 310 1617 ἀντίθεον
326 1553 495 1636 θεράποντα
510 1554 661 1619 ποδώκεος
676 1553 830 1617 Αἰακίδαο·
1072 1569 1120 1632 865

174 1657 235 1720 ἵετο
250 1657 308 1739 γὰρ
323 1656 459 1738 βαλέειν·
483 1663 536 1721 τὸν
552 1655 576 1721 δ’
594 1657 723 1737 ἔκφερον
739 1656 829 1724 ὠκέες
844 1662 933 1721 ἵπποι

175 1758 331 1843 ἄμβροτοι,
351 1759 401 1826 οδε
418 1763 521 1839 Πηλῆϊ
537 1756 601 1824 θεοὶ
615 1759 710 1826 δόσαν
726 1761 827 1843 ἀγλαὰ
842 1766 930 1843 δῶρα.
