2874 4234
506 366 535 429 9.
559 349 796 410 ΟΔΎΣΣΕΙΑΣ
826 350 850 410 1.
1091 342 1155 424 643

207 520 288 598 ὄφρα
302 519 358 596 μὲν
373 516 433 596 ἠὼς
448 515 485 596 ήν
501 514 549 580 καὶ
564 516 668 594 ἀέξετο
684 519 764 597 ίερδν
778 515 865 596 ἦμαρ,

207 621 304 702 τόφρα
320 620 345 684 δ’
361 618 539 701 ἀλεξόμενοι
553 620 682 699 μένομεν
700 617 830 686 πλέονάς
844 644 901 700 περ
916 620 1028 683 ἐόντας·

207 723 281 804 ήμος
298 723 323 788 δ’
337 721 440 802 ήέλιος
455 724 651 804 μετενίσσετο
666 724 860 802 βουλυτόνδε,

209 825 257 891 καὶ
273 828 340 890 τότε
355 828 392 907 δὴ
408 829 533 893 Κίκονες
549 833 655 892 κλῖναν
671 826 857 905 δαμάσαντες
872 825 1024 908 Ἀχαιούς.

208 928 244 1009 ἐξ
257 931 283 994 δ’
298 931 351 1012 ἀφ’
370 931 498 1009 ἑκάστης
514 931 583 1010 νηὸς
600 929 772 1011 ἐϋκνήμιδες
787 934 900 1010 ἑταῖροι

209 1034 326 1098 ὤλονθ’·
356 1037 384 1099 οἱ
400 1034 425 1098 δ’
442 1034 534 1098 ἀλλοι
551 1033 686 1117 φύγομεν
705 1032 835 1098 θάνατόν
850 1059 882 1097 τε
896 1033 991 1114 ’μόρον
1005 1057 1045 1097 τε.
1063 1035 1065 1040 ’

248 1137 358 1203 Ἔνθεν
373 1138 555 1220 δέπροτέρω
570 1137 705 1217 πλέομεν
720 1135 904 1222 ἀκαχήμενοι
920 1135 999 1217 ήταρ,

208 1241 335 1320 ἄσμενοι
353 1247 385 1307 ἐκ
401 1242 551 1317 θανάτοιο,
565 1242 679 1323 φίλους
698 1240 863 1307 ὀλέσαντες
878 1242 1020 1322 ἑταίρους.

209 1345 270 1408 οὐδ’
285 1345 342 1427 άρα
356 1372 407 1427 μοι
423 1345 556 1427 προτέρω
573 1349 641 1425 νῆες
657 1348 722 1409 κίον
737 1344 952 1427 ἀμφιέλισσαι,

208 1449 278 1529 πρίν
292 1475 362 1514 τινα.
373 1456 433 1513 τῶν
449 1455 557 1514 δειλῶν
573 1448 686 1530 ἑτάρων
700 1449 764 1529 τρὶς
779 1449 908 1513 ἕκαστον
923 1437 1023 1524 ἀῧσαι,

208 1552 237 1615 οδ
254 1553 345 1617 θάνον
364 1555 398 1618 ἐν
412 1554 504 1636 πεδίῳ
522 1552 655 1617 Κικόνων
670 1554 728 1616 ύπο
740 1552 913 1636 δῃωθέντες.

209 1657 296 1736 νηυσὶ
312 1658 338 1722 δ’
350 1659 460 1740 έπῶρσ’
476 1659 586 1738 άνεμον
602 1658 716 1740 Βορέην
732 1656 955 1740 νεφεληγερέτα
972 1656 1046 1722 Ζεὺς

208 1762 338 1825 λαίλαπι
354 1764 513 1848 θεσπεσίῃ,
529 1762 586 1826 σὺν
601 1765 633 1826 δέ
649 1762 794 1844 νεφέεσσι
811 1761 932 1843 κάλυψε

209 1869 300 1948 γαῖαν
318 1867 391 1945 ὁμοῦ
407 1865 455 1929 καὶ
470 1867 589 1932 πόντον·
623 1867 729 1948 ὀρώρει
745 1865 770 1929 δ’
787 1866 949 1946 οὐρανόθεν
964 1863 1025 1942 νύξ.

210 1972 241 2033 αί
256 1970 312 2049 μέν
327 1969 419 2032 ἔπειτ’
435 1967 569 2050 ἐφέροντ’
585 1968 764 2050 ἐπικάρσιαι,
782 1970 866 2032 ἱστία
881 1967 913 2031 δέ
931 1975 1007 2050 σφιν

210 2071 319 2156 τριχθά
333 2097 367 2134 τε
383 2069 430 2135 καὶ
445 2071 595 2154 τετραχθὰ
611 2071 769 2156 διέσχισεν
781 2071 810 2138 ἲς
826 2072 957 2152 ἀνέμοιο.

212 2177 259 2238 καὶ
275 2178 312 2238 τδ
327 2177 381 2256 μέν
397 2177 427 2241 ἐς
443 2179 516 2253 νῆας
532 2175 669 2255 κάθεμεν,
685 2176 840 2240 δείσαντες
856 2177 991 2254 ὄλεθρον,

210 2278 300 2344 αύτάς
315 2279 340 2342 δ’
356 2279 530 2350 ἐσσυμένως
549 2278 778 2360 προερέσσαμεν
791 2277 957 2358 ἤπειρόνδε.

211 2382 283 2446 ἔνθα
298 2383 357 2446 δύω
373 2383 479 2449 νύκτας
495 2384 552 2447 δύο
562 2383 587 2446 τ’
601 2382 700 2463 ἤματα
717 2386 841 2462 συνεχὲς
857 2383 916 2446 αἰεὶ

212 2486 330 2567 κείμεθ’,
346 2487 420 2564 ὁμοῦ
435 2486 554 2572 καμάτῳ
569 2512 603 2551 τε
618 2484 665 2550 καὶ
680 2486 791 2568 ἀλγεσι
807 2486 899 2567 θυμὸν
910 2485 1037 2550 έδοντες.
1149 2488 1151 2494 ’

212 2590 282 2653 ἀλλ’
298 2591 348 2654 ὅτε
364 2591 400 2669 δὴ
416 2591 516 2671 τρίτον
532 2590 610 2671 ήμαρ
627 2592 816 2669 ἐϋπλόκαμος
831 2589 933 2653 τέλεσ’
947 2589 1017 2668 ήιίς,

213 2692 314 2759 ίσταὺς
330 2694 513 2774 στησάμενοι
528 2693 585 2758 ἀνά
600 2693 626 2756 θ’
643 2695 726 2757 ίστία
740 2693 822 2758 λεύκ’
838 2694 1009 2776 ἐρύσαντες

212 2797 317 2877 ἥμεθα·
349 2795 401 2863 τὰς
416 2797 441 2862 δ’
456 2796 565 2878 ἀνεμός
581 2823 614 2861 τε
629 2799 810 2879 κυβερνῆταί
821 2798 847 2860 τ’
862 2799 973 2862 ἴθυνον.

214 2902 265 2963 καί
278 2901 312 2964 καί
328 2925 378 2965 κεν
397 2901 533 2980 ἀσκηθὴς
549 2900 654 2981 ίκόμην
671 2904 702 2968 ἐς
718 2903 845 2981 πατρίδα
860 2906 959 2985 γαῖαν,

213 3002 295 3066 ἀλλά
308 3030 346 3083 με
362 3009 438 3083 κῦμα
451 3005 520 3087 ῥόος
536 3010 568 3069 τε
584 3003 845 3087 περιγνάμπτοντα
861 3003 1004 3068 Μάλειαν

213 3108 261 3172 καὶ
277 3106 387 3189 Βορέης
401 3107 531 3188 ἀπέωσε,
547 3107 759 3191 παρέπλαγξεν
773 3111 805 3172 δέ
821 3106 976 3189 Κυθήρων.

253 3213 363 3276 Ἔνθεν
378 3212 403 3276 δ’
419 3213 547 3293 ἐννῆμαρ
563 3215 699 3294 φερόμην
713 3214 816 3279 όλοοῖς
831 3213 971 3294 ἀνέμοισι

213 3317 325 3380 πόντον
340 3315 387 3378 ἐπ’
399 3316 566 3399 ἰχθυόεντα·
595 3315 668 3396 ἀτὰρ
684 3316 792 3403 δεκάτῃ
809 3315 966 3397 ἐπέβημεν

213 3421 301 3502 γαίης
316 3419 519 3501 Λωτοφάγων,
537 3421 569 3484 οί
582 3419 607 3482 τ’
622 3421 745 3486 ἀνθινον
760 3422 842 3501 εἶδαρ
858 3422 990 3486 ἔδουσιν.

214 3524 287 3588 ένθα
303 3523 328 3586 δ’
343 3523 390 3586 ἐπ’
405 3523 527 3605 ἠπείρου
541 3526 641 3604 βῆμεν
657 3525 705 3587 καὶ
720 3523 914 3605 ἀφυσσάμεθ’
929 3525 1015 3606 ὕδωρ,

213 3627 293 3708 αἶψα
308 3630 341 3690 δέ
356 3631 478 3692 δεῖπνον
492 3628 599 3691 έλοντο
615 3629 686 3714 θοῇς
702 3631 784 3710 παρὰ
798 3629 905 3705 νηυσὶν
921 3631 1043 3712 ἑταῖροι.

214 3730 305 3813 αὐτὰρ
321 3728 387 3794 ἐπεὶ
402 3730 502 3795 σίτοιό
516 3731 541 3795 τ’
557 3732 744 3811 ἐπασσάμεθ’
759 3732 811 3811 ήδέ
826 3734 966 3811 ποτῆτος,
987 3736 989 3742 ’

663 3849 686 3899 Y
703 3854 721 3901 2
