2728 4230
485 316 516 383 7.
540 308 711 367 ΙΛΙΑΔΟΣ
735 309 775 366 Η.
1038 321 1097 386 139

188 473 251 541 Ὠς
267 472 366 556 ἔφαθ’,
383 476 413 538 οἱ
428 475 453 539 δ’
469 475 527 556 ἀρα
542 473 652 540 πάντες
668 472 824 561 ἐπῄνησαν
839 461 1000 553 βασιλήες.

152 579 264 658 Τράων
279 575 343 641 αὖτ’
359 577 454 660 ἀγορὴ
469 575 566 659 γένετ’
583 574 675 651 Ἰλίου
692 579 725 641 ἐν
739 576 829 640 πόλει
843 574 929 662 ἄκρη,
1050 601 1096 650 345

153 681 234 760 δεινὴ
250 684 418 764 τετρηχυῖα,
428 681 516 761 ’παρδ
532 678 682 761 Πριάμοιο
697 679 814 766 θύρῃσι·

153 788 251 848 τοῖσιν
266 783 293 847 δ’
306 782 459 865 Ἀντήνωρ
473 781 660 863 πεπνυμένος
676 780 744 865 ἦρχ’
761 780 924 865 ἀγορεύειν·

154 895 174 922 “
182 885 306 950 κέκλυτέ
319 911 384 965 μεν,
398 891 499 967 Τρῶες
515 886 563 950 καὶ
580 884 732 967 Δάρδανοι
747 884 793 963 ἠδ’
808 885 970 964 ἐπίκουροι,

153 986 222 1070 ὄφρ’
239 990 312 1054 εἴπω
327 988 417 1069 τάμε
432 989 524 1070 θυμὸς
539 990 585 1054 ἐνὶ
601 986 751 1068 στήθεσσι
766 987 892 1053 κελεύει.

153 1089 229 1156 δεῦτ’
242 1091 337 1176 ἄγετ’,
352 1091 493 1176 Ἀργείην
507 1091 638 1173 Ἐλένην
654 1094 703 1157 καὶ
720 1091 843 1172 κτήμαθ’
859 1090 908 1170 ἀμ’
924 1089 996 1176 ούτῇ
1048 1079 1096 1166 330

153 1195 267 1275 δόομεν
280 1196 471 1284 Ἀτρεΐδῃσιν
485 1195 582 1279 ἀγειν·
604 1201 657 1260 νῦν
672 1193 698 1260 δ’
713 1197 799 1279 ὅρκια
813 1197 907 1270 πιοπά

152 1297 340 1378 ψευσάμενοι
353 1299 545 1382 μαχόμεσθα·
567 1299 609 1383 τῷ
626 1298 661 1362 οὕ
679 1298 715 1364 νύ
728 1323 758 1362 τι
773 1297 890 1380 κέρδιον
903 1296 975 1377 ἡμῖν

154 1399 300 1488 [ἔλπομαι
316 1401 519 1488 ἐκτελέεσθαι,
536 1403 587 1466 ἵνα
600 1402 642 1482 μὴ
657 1400 783 1484 ῥέξομεν
799 1396 902 1488 ἀδε].”

190 1504 235 1568 Ἦ
250 1532 297 1570 τοι
313 1505 373 1589 ὅγ’
388 1507 427 1572 ὣς
443 1506 536 1571 εἰπὸν
550 1503 614 1570 κατ’
630 1503 678 1586 ἀρ’
695 1505 787 1584 ἕζετο·
810 1503 932 1568 τοῖσιδ’
948 1502 1059 1582 ἀνέστη

152 1613 213 1676 δῖος
229 1606 438 1691 Ἀλέξανδρος,
454 1606 583 1689 Ἑλένης
598 1609 689 1675 πόσις
703 1608 855 1688 ἠϋκόμοιο,
1048 1635 1095 1684 355

152 1714 185 1778 άς
197 1739 249 1793 μιν
264 1715 466 1793 ἀμειβόμενος
482 1712 557 1776 ἕπεο
572 1712 735 1795 πτερόεντα
750 1712 915 1792 προσηύδα·

152 1815 333 1896 “Ἀντήνορ,
349 1815 387 1878 σδ
401 1816 457 1895 μὲν
472 1812 568 1879 οὐκέτ’
585 1817 652 1894 ἐμοὶ
667 1816 747 1896 φύλα
761 1812 843 1879 τοῦτ’
859 1814 1019 1897 ἀγορεύεις·

151 1919 241 1983 οἶσθα
256 1919 306 1982 καὶ
320 1917 420 1985 ἀλλον
432 1922 526 1996 μῦθον
540 1919 684 1997 ἀμείνονα
697 1923 784 1982 τοῦδε
801 1920 918 1997 νοῆσαι.

153 2024 179 2085 εἰ
193 2018 219 2086 δ’
234 2021 319 2087 ἐτεάν
334 2021 371 2102 δή
387 2027 492 2086 τοῦτον
506 2021 566 2085 ἀπὸ
584 2024 717 2100 σπουδῆς
732 2021 892 2103 ἀγορεύεις,

152 2124 187 2203 ἐξ
199 2124 257 2208 ἀρα
272 2124 308 2205 δή
323 2151 371 2194 τοι
388 2124 491 2189 ἔπειτα
506 2126 570 2189 θεοὶ
586 2123 698 2206 φρένας
714 2124 835 2188 ὤλεσαν
849 2124 942 2188 αὐτοί.
1045 2136 1094 2198 360

153 2228 242 2311 αὖτδρ
258 2229 317 2312 ἐγδ
332 2230 474 2310 Τράεσσι
488 2226 554 2308 μεθ’
566 2227 752 2309 Ιἱπποδάμοις
768 2228 932 2310 ἀγορεύσω·

153 2333 271 2415 ἀντικρὺ
286 2331 312 2397 δ’
328 2333 481 2412 ἀπόφημι,
494 2336 621 2415 γυναῖκα
635 2333 691 2412 μὲν
705 2331 758 2396 οάκ
777 2331 934 2397 ἀποδάσω·

153 2434 284 2515 κτήματα
302 2433 328 2499 δ’
344 2434 415 2498 άσσ’
432 2435 549 2517 ἀγόμην
564 2433 599 2514 ἐξ
610 2433 738 2518 Ἀργεος
752 2434 897 2517 ἡμέτερον
911 2437 952 2498 διδ

152 2536 237 2602 πάντ’
253 2537 349 2602 ἐθέλω
364 2538 486 2617 δόμεναι
502 2539 552 2603 καὶ
566 2535 609 2602 ἔτ’
624 2541 744 2602 οἴκοθεν
759 2536 830 2601 ἀλλ’
846 2533 1024 2601 ἐπιθεῖναι.”

190 2640 235 2704 Ἦ
250 2667 298 2705 τοι
313 2642 331 2705 ά
345 2637 374 2723 γ’
391 2642 430 2707 ἀς
446 2642 538 2705 εἰπὸν
553 2638 617 2705 κατ’
634 2639 680 2721 ἀρ’
696 2641 789 2718 ἕζετο·
812 2645 893 2703 τοῖσι
908 2638 936 2704 δ’
952 2639 1064 2719 ἀνέστη

154 2747 339 2827 Δαρδανίδης
354 2745 499 2826 Πρίαμος,
516 2745 624 2826 θεόφιν
639 2743 764 2827 μήστωρ
780 2740 958 2819 ἀτάλαντος,
1048 2755 1097 2816 3⁶6

153 2850 170 2911 ὅ
184 2857 260 2929 σφιν
276 2847 447 2929 ἐϋφρονέων
462 2845 635 2930 ἀγορήσατο
652 2849 700 2912 καὶ
714 2846 864 2928 μετέειπε·
945 2914 947 2918 .

154 2962 173 2987 “
182 2949 307 3014 κέκλυτέ
320 2975 387 3030 μευ,
400 2955 503 3031 Τρῶες
518 2950 567 3014 καὶ
582 2949 734 3032 Δάρδανοι
749 2950 795 3029 ἠδ’
811 2950 972 3031 ἐπίκουροι,

154 3054 219 3134 ὄφρ’
235 3056 311 3118 εἴπω
325 3051 415 3134 τάμε
429 3052 520 3132 θυμὸς
537 3054 582 3117 ἐνὶ
598 3051 747 3132 στήθεσσι
763 3053 889 3117 κελεύει.
1097 3125 1100 3135 Ι

153 3161 204 3219 νῦν
217 3158 273 3235 μὲν
288 3156 400 3237 δόρπον
415 3155 525 3234 ἕλεσθε
540 3158 616 3220 κατὰ
630 3157 750 3232 πτόλιν,
765 3155 804 3221 ὣς
819 3155 854 3219 τὸ
869 3153 964 3237 πάρος
973 3167 1043 3236 περ,
1096 3204 1098 3214 ,

155 3259 200 3321 καὶ
216 3263 355 3339 φνλακῆς
369 3256 529 3337 μνήσασθε
545 3260 593 3322 καὶ
609 3257 773 3341 ἐγρήγορθε
789 3257 924 3323 ἕκαστος·
1049 3279 1094 3332 3ἳ1

153 3360 247 3438 ήῶθεν
261 3359 287 3424 δ’
304 3359 413 3428 Ἰδαῖος
427 3363 481 3425 ἴτω
498 3362 602 3427 κοίλας
617 3363 667 3426 ἐπὶ
682 3366 756 3441 νῆας

154 3463 273 3542 εἰπέμεν
289 3461 452 3550 Ἀτρεΐδης,
468 3463 670 3547 Ἀγαμέμνονι
685 3466 734 3528 καὶ
751 3462 909 3550 Μενελάῳ,
942 3477 952 3490 '

152 3570 244 3642 μῦθον
259 3564 485 3648 Ἀλεξάνδροιο,
500 3573 553 3632 τοῦ
569 3569 669 3632 εἵνεκα
685 3573 782 3635 νεῖκος
797 3570 900 3651 όρωρε·

154 3671 244 3735 καὶδὲ
260 3667 326 3735 τόδ’
344 3669 496 3751 εἰπέμεναι
512 3670 636 3812 πυκινθγν
652 3670 733 3752 ἔπος,
751 3673 785 3736 οἵ
798 3670 823 3734 κ’
841 3671 971 3752 ἐθέλωσι
1048 3693 1097 3745 375

640 3766 659 3833 5
