2792 4232
499 344 546 407 17.
574 325 745 390 ΙΑΙΑΔΟΣ
769 331 800 390 Ρ.

173 496 242 576 ὀξέα
259 497 421 578 κεκληγώς,
438 497 534 578 φλογὶ
551 499 667 562 εἴκελος
682 495 870 577 Ἡφαίστοιο

172 600 327 685 ἀσβέστῳ·
352 599 411 664 οὐδ’
428 603 494 664 υἱὸν
510 599 606 664 λάθεν
619 599 743 681 Ἀτρέος
759 598 812 678 ὀξὺ
827 599 957 679 βοήσας·

172 703 307 787 ὀχθήσας
322 704 347 766 δ’
365 704 422 784 ἄρα
438 704 504 768 εἶπε
520 704 593 785 πρὸς
610 703 645 768 ὃν
658 704 851 786 μεγαλήτορα
866 706 968 784 θυμόν·
1088 731 1121 780 90

174 809 222 870 “6
238 833 289 886 μοι
304 807 390 888 ἐγών,
407 809 433 870 εἴ
450 807 506 886 μέν
522 833 554 871 κε
569 809 648 871 λίπω
665 807 740 870 κάτα
755 809 865 890 τεύχεα
880 808 959 872 καλὰ

174 911 352 993 Πάτροκλόν
369 907 405 986 θ’,
422 909 454 976 δς
471 915 566 974 κεῖται
582 913 653 989 ἐμῆς
670 910 745 974 ἕνεκ’
763 910 870 975 ἐνθάδε
885 915 980 990 τιμῆς,

173 1015 211 1094 μή
228 1017 272 1081 τίς
287 1039 339 1094 μοι
357 1020 486 1078 Δαναῶν
503 1012 712 1094 νεμεσήσεται,
731 1015 764 1080 ὅς
779 1040 830 1078 κεν
846 1017 953 1089 ἴδηται.

175 1124 200 1184 εἴ
216 1119 248 1183 δέ
264 1146 316 1184 κεν
327 1117 451 1199 Ἕκτορι
466 1123 575 1197 μοῦνος
592 1119 649 1182 ἐῶν
665 1121 714 1181 καὶ
729 1119 833 1199 Τρωσὶ
847 1117 989 1201 μάχωμαι

174 1224 335 1295 αἰδεσθείς,
351 1220 392 1302 μή
409 1222 471 1288 πός
485 1248 523 1301 με
539 1220 722 1303 περιστήωσ’
740 1222 793 1286 ἕνα
809 1225 930 1286 πολλοί·
1090 1247 1122 1298 95

174 1331 277 1407 Τρῶας
293 1326 317 1390 δ’
335 1325 441 1391 ἐνθάδε
457 1325 571 1392 πάντας
586 1326 654 1408 ύγει
670 1325 865 1406 κορυθαίολος
876 1325 1004 1405 Ἕκτωρ.

176 1432 257 1492 ἀλλὰ
271 1431 318 1507 τίη
334 1455 386 1509 μοι
401 1435 493 1492 ταῦτα
509 1431 601 1511 φίλος
616 1428 773 1508 διελέξατο
790 1431 880 1510 θυμός
893 1455 900 1505 ;

177 1531 281 1598 ὁππότ’
301 1533 376 1614 ἀνὴρ
392 1531 482 1620 ἐθέλῃ
498 1533 571 1614 πρὸς
587 1535 715 1614 δαίμονα
731 1534 809 1614 φωτὶ
823 1532 978 1616 μάχεσθαι

177 1640 211 1700 όν
226 1664 259 1701 κε
274 1637 342 1702 θεὸς
357 1637 437 1720 τιμᾷ,
455 1635 534 1719 τάχα
550 1640 579 1700 οἱ
594 1636 674 1719 μέγα
690 1641 775 1716 πῆμα
791 1639 930 1715 κυλίσθη.

177 1745 215 1827 τῷ
231 1741 260 1821 μ’
278 1741 312 1802 ού
327 1766 372 1806 τις
388 1746 518 1805 Δαναῶν
534 1739 745 1820 νεμεσήσεται,
762 1742 796 1806 ὅς
812 1767 863 1806 κεν
878 1743 977 1819 ἴδηται
1080 1766 1127 1800 100

174 1844 295 1925 ’Ἕκτορι
309 1841 493 1925 χωρήσαντ’,
510 1844 576 1908 ἐπεὶ
592 1847 625 1926 ἐκ
641 1845 751 1925 θεόφιν
767 1844 931 1924 πολεμίζει.

178 1950 203 2010 εἴ
218 1947 251 2010 δέ
266 1972 324 2010 που
341 1949 468 2012 Αἴαντός
482 1973 519 2028 γε
534 1947 615 2026 βοήν
630 1948 757 2029 ἆγαθοῖο
774 1949 935 2026 πυθοίμην,

179 2051 267 2130 ἄμφω
284 2049 309 2112 κ’
327 2050 409 2115 αὖτις
426 2050 521 2115 ἰόντες
538 2051 781 2130 ἐπιμνησαίμεθα
796 2049 914 2132 χάρμης

180 2156 227 2216 καὶ
243 2153 316 2232 πρὸς
332 2151 457 2232 δαίμονά
473 2179 537 2234 περ,
555 2156 584 2217 εἴ
598 2179 661 2220 πως
677 2154 861 2234 ἐρυσαίμεθα
877 2153 981 2234 νεκρόν

180 2256 315 2343 Πηλείδῃ
330 2256 464 2339 Ἀχιλῆϊ·
488 2263 585 2322 κακῶν
600 2257 634 2320 δέ
650 2284 683 2322 κε
705 2256 856 2338 φέρτατον
872 2255 949 2334 εἴη.”
1083 2280 1128 2327 105

214 2358 294 2426 Ἧος
311 2363 327 2422 ὁ
342 2358 426 2423 ταῦθ’
443 2363 572 2442 ὥρμαινε
589 2363 664 2424 κατὰ
680 2361 778 2441 φρένα
794 2361 843 2423 καὶ
859 2363 935 2424 κατὰ
950 2361 1052 2437 θυμόν,

180 2466 277 2545 τόφρα
293 2464 317 2526 δ’
335 2465 384 2527 ἐπὶ
399 2465 511 2545 Τροίων
527 2465 632 2546 στίχες
647 2463 771 2542 ἤλυθον·
797 2462 871 2545 ἦρχε
887 2462 911 2526 δ’
932 2460 978 2542 ἄρ’
991 2460 1118 2542 Ἕκτωρ.

182 2570 271 2650 αὐτὰρ
287 2568 347 2650 ὅγ’
365 2567 498 2647 ἐξοπίσω
515 2567 689 2650 ἀνεχάζετο,
706 2573 795 2632 λεῖπε
810 2569 843 2631 δὲ
859 2570 973 2649 νεκρόν,

181 2673 467 2752 ἐντροπαλιζόμενος
488 2674 528 2738 ὥς
544 2696 576 2735 τε
595 2673 644 2738 λὶς
664 2669 828 2753 ἠϋγένειος,
891 2673 893 2678 ’

182 2777 215 2838 όν
229 2779 268 2857 ῥα
283 2775 368 2841 κύνες
383 2801 416 2840 τε
432 2777 481 2838 καὶ
497 2775 602 2857 ἄνδρες
618 2777 679 2840 ὰπὸ
695 2778 843 2853 σταθμοῖο
859 2775 980 2840 δίωνται
1085 2801 1132 2836 110

184 2880 290 2962 ἔγχεσι
305 2881 354 2942 καὶ
371 2881 467 2964 φωνῇ·
492 2885 544 2942 τοῦ
557 2880 581 2941 δ’
600 2882 633 2944 ἐν
648 2880 760 2960 φρεσὶν
776 2879 905 2958 άλκιμον
920 2878 991 2960 ήτορ

185 2988 359 3066 παχνοῦται,
375 2982 472 3047 ἀέκων
488 2981 521 3046 δέ
536 2981 560 3044 τ’
579 2983 636 3060 έβη
654 2983 714 3046 ἀπὸ
728 2983 929 3062 μεσσαύλοιο·

185 3088 222 3152 ῶς
237 3087 296 3150 ἀπὸ
313 3087 506 3167 Πατρόκλοιο
523 3087 568 3150 κίε
585 3085 694 3166 ξανθὸς
710 3085 880 3152 Μενέλαος.

185 3192 239 3266 στῆ
255 3193 287 3254 δὲ
301 3191 549 3271 μεταστρεφθείς,
567 3190 633 3254 ἐπεὶ
650 3192 731 3255 ἵκετο
748 3190 835 3256 ἔθνος
850 3190 985 3271 ἑταίρων,

185 3293 359 3357 παπταίνων
375 3296 490 3357 Αἴαντα
504 3293 610 3375 μέγαν,
623 3293 820 3373 Τελαμώνιον
834 3293 909 3368 υἱόν.
1086 3322 1131 3370 1¹5

185 3396 235 3462 τὸν
249 3399 282 3460 δὲ
296 3395 368 3475 μάλ’
385 3394 453 3478 αἶψ’
470 3398 580 3477 ἐνόησε
594 3395 694 3480 μάχης
710 3396 756 3461 ἐπ’
773 3399 918 3480 ἀριστερὰ
932 3397 1035 3478 πάσης

186 3498 360 3581 θαρσύνονθ’
378 3499 500 3582 ἑτάρους
516 3503 565 3566 καὶ
582 3503 784 3583 ἐποτρύνοντα
798 3503 961 3586 μάχεσθαι·

186 3603 352 3668 θεσπέσιον
365 3603 424 3686 γάρ
440 3613 517 3687 σφιν
532 3606 636 3688 φόβον
652 3606 771 3686 ἔμβαλε
786 3611 903 3687 Φοῖβος
918 3607 1091 3672 Ἀπόλλων·

185 3712 226 3786 βῆ
242 3711 275 3772 δὲ
292 3706 383 3780 θέειν,
404 3708 487 3790 εἶθαρ
504 3711 536 3774 δὲ
552 3709 774 3790 παριστάμενος
789 3711 861 3776 ἔπος
876 3711 961 3789 ηιῖδα.
