2788 4230
276 349 339 410 802
567 344 615 408 18.
638 347 872 408 ΟΔὙΣΣΕΙΑΣ
896 346 928 404 Σ.

277 515 318 596 μή
333 541 377 582 τις
396 515 442 578 ἐπ’
455 511 522 597 Ἴρῳ
538 513 594 594 ήρα
610 512 712 595 φέρων
727 515 778 593 ἐμὲ
792 514 872 597 χειρὶ
886 512 995 597 βαρείῃ

279 617 379 704 πλήξῃ
396 617 607 694 ἀτασθάλλων,
625 618 719 700 τούτῳ
735 618 768 682 δέ
782 641 818 696 με
833 617 883 696 ῖφι
899 613 1068 700 δαμάσσῃ.”

313 723 377 790 Ὣς
393 723 490 804 ἔφαθ’,
500 725 535 800 ,οῖ
549 722 575 787 δ’
591 722 647 803 ἄρα
662 721 772 788 πάντες
788 721 943 800 ἐπώμνυον
959 719 998 786 ὣς
1014 717 1161 782 ἐκέλευεν.

278 830 368 909 αὐτὰρ
384 829 451 891 ἐπεί
462 827 494 909 ῥ’
511 825 627 907 ὄμοσάν
645 851 677 889 τε
692 823 878 902 τελεύτησάν
894 849 926 886 τε
941 828 993 887 τὸν
1009 823 1107 903 ὅρκον,

277 937 340 998 τοῖς
357 932 441 996 αὖτις
453 929 586 1011 μετέειφ’
603 929 665 1010 ἱερή
682 929 711 994 ἐς
726 927 927 1009 Τηλεμάχοιο·
1192 938 1227 987 60

277 1041 292 1068 ‘⁶
304 1035 385 1115 ξεῖν’,
400 1038 429 1100 εί
443 1035 472 1096 σ’
488 1034 601 1114 ὀτρύνει
621 1033 724 1113 κραδίη
740 1028 788 1096 καὶ
803 1032 894 1110 θυμὸς
910 1028 1030 1113 ἀγήνωρ

277 1145 381 1222 τοῦτον
397 1137 574 1217 ἀλέξασθαι,
590 1142 648 1201 τῶν
663 1136 688 1200 δ’
705 1137 807 1199 ἀλλων
822 1134 862 1213 μή
878 1135 933 1198 τιν’
947 1132 1080 1218 Ἀχαιῶν

277 1243 389 1320 δείδιθ’,
405 1240 471 1306 ἐπεὶ
487 1243 653 1305 πλεόνεσσι
667 1238 836 1320 μαχήσεται
853 1240 885 1304 ός
902 1238 935 1302 κέ
949 1265 986 1301 σε
1002 1237 1093 1323 θείνῃ.

278 1345 447 1425 ξεινοδόκος
461 1348 517 1425 μὲν
533 1345 619 1426 ἐγών,
637 1342 686 1407 ἐπὶ
701 1343 725 1408 δ’
740 1345 870 1407 αἰνεῖτον
884 1345 1029 1418 βασιλῆε,

277 1447 429 1515 Ἀντίνοός
443 1476 475 1512 τε
492 1445 540 1510 καὶ
559 1447 743 1529 Εὐρύμαχος,
758 1446 934 1524 πεπνυμένω
951 1441 1069 1526 ἀμφω.”
1191 1458 1224 1519 65

314 1551 377 1617 Ὣς
393 1551 490 1632 ἔφαθ’,
506 1553 535 1613 οῖ
551 1549 574 1610 δ’
591 1550 649 1630 ἀρα
663 1549 772 1616 πάντες
789 1549 923 1635 ἐπῄνεον,
939 1549 1031 1629 αὐτὰρ
1042 1547 1210 1614 Ὀδυσσεὺς

280 1655 395 1732 ζώσατο
411 1658 465 1734 μὲν
480 1654 605 1735 ῥάκεσιν
619 1655 687 1736 περὶ
702 1653 806 1734 μήδεα,
822 1658 913 1734 φαῖνε
929 1655 962 1716 δέ
975 1652 1085 1732 μηροὺς

279 1759 387 1824 καλούς
403 1785 436 1823 τε
451 1755 601 1839 μεγάλους
616 1739 657 1834 τε,
673 1756 769 1830 φάνεν
784 1744 818 1821 δέ
833 1759 861 1820 οἱ
877 1756 976 1837 εὐρέες
991 1753 1066 1835 ἀμοι

278 1861 392 1940 στήθεά
406 1889 438 1926 τε
455 1864 600 1944 στιβαροί
612 1888 644 1925 τε
659 1865 831 1945 βραχίονες·
859 1860 950 1942 αὐτὰρ
964 1859 1077 1939 Ἀθήνη

277 1962 350 2046 ἀγχι
367 1962 573 2045 παρισταμένη
587 1962 670 2041 μέλε’
686 1961 798 2040 ήλδανε
813 1962 932 2040 ποιμένι
947 1965 1038 2024 λαῶν.
1195 1982 1227 2032 γο

276 2069 441 2147 μνηστῆρες
458 2066 483 2130 δ’
498 2067 556 2147 ἀρα
571 2066 680 2131 πάντες
694 2065 888 2147 ὑπερφιάλως
903 2064 1064 2146 ἀγάσαντο·

278 2173 336 2259 ὦδε
351 2169 384 2234 δέ
397 2171 598 2236 τιςείπεσκεν
613 2173 684 2234 ἰδὼν
698 2172 729 2236 ἐς
744 2171 876 2248 πλησίον
891 2168 997 2232 ἄλλον·

279 2273 326 2353 “ἦ
341 2273 420 2357 τάχα
431 2272 509 2355 Ἶρος
521 2271 623 2355 Ἀῖρος
639 2275 829 2338 ἐπίσπαστον
846 2278 936 2336 κακὸν
952 2270 1022 2350 ἕξει,

281 2379 347 2455 οἵην
364 2378 395 2439 ἐκ
410 2377 525 2460 ῥακέων
541 2379 556 2440 ὁ
571 2377 667 2459 γέρων
683 2377 858 2457 ἐπιγουνίδα
874 2373 1007 2456 φαίνει.”

315 2480 378 2546 Ὣς
394 2479 439 2561 ἄρ’
455 2481 543 2561 ἔφαν,
555 2478 626 2565 Ἴριρ
642 2483 674 2544 δέ
690 2486 786 2562 κακῶς
802 2479 1040 2560 ὧρίνετοθνμός.
1195 2505 1226 2553 75

280 2583 361 2647 ἀλλὰ
378 2585 424 2646 καὶ
441 2585 480 2650 ὣς
495 2589 660 2665 δρηστῆρες
674 2583 748 2664 ἀγον
765 2583 912 2660 ζώσαντες
928 2583 1042 2670 ἀνάγκῃ

279 2687 418 2752 δειδιότα·
453 2687 562 2763 σάρκες
574 2691 610 2764 ,δέ
624 2686 853 2768 περιτρομέοντο
868 2687 1025 2766 μέλεσσιν.

277 2787 433 2856 Ἀντίνοος
448 2792 472 2854 δ’
489 2793 624 2856 ἐνένιπεν
641 2793 713 2856 ἔπος
727 2791 753 2854 τ’
769 2790 855 2872 ἔφατ’
871 2792 904 2855 ἐκ
920 2791 945 2854 τ’
963 2791 1099 2869 ὀνόμαζε·

279 2896 297 2924 “
309 2895 360 2954 νΰν
374 2893 428 2971 μὲν
442 2889 508 2969 μήτ’
526 2894 597 2968 εἴης,
613 2889 748 2971 βουγάϊε,
763 2889 837 2970 μήτε
852 2892 960 2973 γένοιο,

280 2996 306 3057 εῖ
323 2994 358 3073 δή
374 2995 479 3056 τοῦτόν
493 3020 529 3075 γε
544 2993 678 3074 τρομέεις
694 2990 742 3057 καὶ
758 2995 868 3062 δείδιας
884 2997 982 3073 αῖνῶς,
1192 3011 1227 3061 80
1259 3068 1262 3072 ,

280 3098 373 3180 ἄνδρα
387 3096 523 3180 γέροντα,
540 3099 592 3182 δύῃ
609 3097 764 3178 ἀρημένον,
779 3099 799 3176 ἥ
813 3125 865 3177 μιν
882 3098 985 3163 ἱκάνει.

280 3201 349 3265 ἀλλ’
366 3202 398 3265 ἐκ
413 3227 459 3264 τοι
476 3200 557 3282 ἐρέω,
574 3201 607 3264 τὸ
622 3205 655 3265 δέ
671 3201 718 3264 καὶ
733 3201 950 3283 τετελεσμένον
965 3203 1062 3267 ἔσται·

280 3306 313 3368 αῖ
327 3304 377 3369 κέν
393 3304 423 3372 ,τ’
438 3306 523 3370 οὗτος
538 3303 646 3390 νικήσῃ
662 3306 811 3387 κρείσσων
826 3331 858 3370 τε
877 3307 1008 3389 γένηται.

280 3407 392 3489 πέμψω
411 3407 440 3470 α’
455 3408 623 3490 ἤπειρόνδε,
638 3410 745 3488 βαλὼν
761 3412 793 3473 ἐν
809 3409 857 3487 νηὶ
870 3411 1008 3496 μελαίνῃ,

282 3514 324 3577 εἰς
335 3509 463 3595 Ἔχετον
478 3512 624 3593 βασιλῆα,
640 3517 760 3592 βροτῶν
774 3513 925 3594 δηλήμονα
939 3512 1069 3592 πάντων,
1195 3530 1227 3592 85

282 3617 314 3682 ὅς
330 3613 355 3679 κ’
371 3615 431 3678 ἀπὸ
444 3619 512 3698 ῥῖνα
526 3615 640 3704 τάμῃσι
657 3618 705 3680 καὶ
721 3616 813 3679 οὔατα
828 3615 914 3694 νηλέϊ
928 3618 1044 3702 χαλκηῖ,

280 3719 376 3801 μήδεά
390 3716 415 3780 τ’
430 3718 572 3797 ἐξερύσας
588 3721 648 3806 δώῃ
666 3720 751 3784 κυσὶν
768 3717 833 3797 ὠμά
848 3720 1030 3790 δάσασθαι.”
