2788 4230
261 324 324 406 778
550 321 598 385 ιο.
630 323 865 385 omma
893 322 933 382 n.

262 499 320 560 ὧδε
335 493 392 578 γὰρ
408 493 526 576 ἐξερέω,
543 490 590 557 καί
605 492 664 572 μὴν
679 491 895 572 τετελεσμένον
910 491 1005 555 ἔσται·
1161 517 1217 566 440

262 599 343 680 αἶψά
358 600 387 662 οἱ
403 599 475 678 αίμα
493 603 632 662 κελαινὸν
648 595 775 678 ἐρωήσει
791 596 858 678 περὶ
873 594 955 676 δουρὶ

262 703 404 785 ἡμετέρῳ,
420 702 486 764 ἐπεὶ
504 701 520 780 ή
536 699 585 764 καὶ
601 703 653 780 ἐμὲ
669 702 870 782 πτολίπορθος
885 697 1051 764 Ὀδυσσεύς

263 804 396 868 πολλάκι
411 806 558 887 γούνασιν
573 805 654 868 οἶσιν
671 804 882 885 ἐφεσσάμενος
898 803 986 886 κρέας
1001 802 1093 867 ὀπτδν

263 911 296 974 ἐν
309 909 469 992 χείρεσσιν
485 909 600 986 έθηκεν,
618 906 731 990 ἐπέσχε
745 933 778 972 τε
794 906 876 971 οἶνον
891 906 1021 988 ἐρυθρόν.

263 1014 303 1097 τῷ
314 1037 364 1092 μοι
379 1007 559 1094 Τηλέμαχος
573 1011 694 1076 πάντων
708 1011 788 1076 πολὺ
804 1011 950 1091 φίλτατός
966 1012 1050 1073 ἐστιν
1161 1033 1214 1083 445

263 1117 387 1198 ἀνδρῶν,
403 1114 472 1179 ούδέ
485 1116 516 1178 τί
528 1139 578 1188 μιν
594 1113 724 1180 θάνατον
739 1112 916 1195 τρομέεσθαι
932 1114 1035 1195 ἄνωγα

264 1220 296 1282 έκ
312 1243 348 1300 γε
363 1217 552 1301 μνηστήρων·
585 1219 690 1283 θεόθεν
706 1218 731 1281 δ’
747 1217 798 1281 οὐκ
814 1216 877 1281 ἔστ’
893 1212 1069 1282 ἀλέασθαι.”

299 1321 362 1387 Ὣς
378 1321 457 1403 φάτο
473 1324 639 1401 θαρσύνων,
654 1323 696 1407 τῷ
710 1322 736 1385 δ’
752 1319 859 1402 ἤρτυεν
874 1320 962 1386 αὐτὸς
978 1320 1114 1399 ὄλεθρον.

263 1425 281 1504 ἡ
297 1427 352 1505 μὲν
368 1423 413 1508 ἀρ’
430 1426 613 1506 είσαναβᾶσ’
628 1425 759 1508 ὑπερώϊα
775 1427 960 1506 σιγαλόεντα

264 1532 367 1592 κλαῖεν
384 1528 475 1592 ἔπειτ’
492 1530 635 1608 Ὀδυσῆα,
654 1530 749 1609 φίλον
765 1531 867 1604 πόσιν,
882 1529 963 1612 όφρα
979 1529 1008 1590 οἱ
1023 1527 1116 1590 ύπνον
1161 1551 1214 1601 450

262 1631 336 1709 ἡδὺν
351 1629 400 1694 ἐπὶ
415 1631 605 1712 βλεφάροισι
619 1632 701 1712 βάλε
716 1623 889 1714 γλαυκῶπις
903 1629 1024 1710 Ἀθήνη.

305 1733 466 1816 Ἑσπέριος
481 1735 506 1799 δ’
521 1735 648 1814 Ὀδυσῆϊ
664 1735 712 1798 καὶ
727 1734 787 1799 υἱέϊ
802 1739 862 1801 δῖος
879 1735 1016 1816 ὑφορβὸς

262 1836 381 1917 ήλυθεν·
411 1839 440 1902 οἱ
456 1838 481 1902 δ’
497 1837 554 1920 ἀρα
569 1838 680 1919 δόρπον
695 1841 859 1904 ἐπισταδὸν
875 1840 1045 1916 ὁπλίζοντο,

263 1945 319 2003 σΰν
335 1941 522 2018 ἱερεύσαντες
538 1942 700 2006 ἐνιαύσιον.
736 1940 827 2022 αύτδιρ
842 1940 953 2020 Ἀθήνη

263 2043 336 2127 άγχι
351 2045 558 2125 παρισταμένη
575 2043 762 2127 Λαερτιάδην
776 2045 913 2124 Ὀδυσῆα

261 2145 366 2230 ῥάβδῳ
382 2153 556 2231 πεπληγυῖα
571 2147 666 2214 πάλιν
681 2149 790 2226 ποίησε
805 2148 941 2232 γέροντα,

263 2252 360 2332 λυγρὰ
375 2254 408 2314 δὲ
425 2257 532 2332 εἵματα
547 2253 623 2316 ἕσσε
638 2250 705 2332 περὶ
721 2251 801 2335 χροί,
816 2251 856 2333 μή
874 2256 888 2316 ἑ
904 2251 1044 2331 συβότης

263 2354 350 2436 γνοίη
367 2353 479 2417 ἐσάντα
496 2357 567 2419 ἰδὼν
583 2354 631 2420 καὶ
646 2356 791 2440 ἐχέφρονι
807 2357 1000 2442 Πηνελοπείῃ

265 2457 348 2520 ἔλθοι
363 2458 567 2540 ἀπαγγέλλων
582 2463 656 2539 μηδὲ
672 2461 783 2542 φρεσὶν
799 2460 981 2540 εἰρύσσαιτο.

305 2565 367 2624 Τδν
383 2563 432 2625 καὶ
447 2562 631 2645 Τηλέμαχος
647 2565 790 2646 πρότερος
805 2563 879 2645 πρὸς
893 2567 988 2645 μῢθον
1003 2562 1112 2628 ἔειπεν·
1162 2573 1214 2639 460

264 2669 285 2699 “
296 2663 397 2744 ήλθες,
413 2665 450 2730 δῖ’
469 2667 591 2746 Εὔμαιε.
626 2670 658 2733 τί
670 2669 706 2747 δὴ
723 2668 811 2734 κλέος
827 2667 890 2732 ἔστ’
906 2668 964 2732 ἆνδ
979 2667 1073 2740 ἅστυ,·

264 2767 283 2847 ἦ
297 2768 328 2850 ῥ’
343 2767 398 2848 ήδη
414 2775 580 2852 μνηστῆρες
595 2770 739 2854 ἀγήνορες
756 2772 842 2836 ἔνδον
857 2772 945 2836 έασιν

265 2874 297 2936 ἐκ
313 2873 419 2956 λόχου,
434 2873 453 2951 ἦ
469 2875 513 2937 έτι
528 2874 558 2952 μ’
573 2875 637 2938 αὖτ’
654 2874 784 2955 εἰρύαται
801 2874 894 2938 οἴκαδ’
914 2871 1037 2948 ίόντα;”
1117 2935 1123 2944 ,

307 2981 370 3040 Τδν
386 2978 411 3040 δ’
428 2977 670 3057 ἀπαμειβόμενος
686 2976 855 3060 προσέφης,
872 2978 985 3058 Εύμαιε
1000 2983 1134 3054 συβῶτα·

266 3086 282 3113 “
293 3078 346 3141 οὐκ
361 3080 469 3160 έμελέν
485 3106 536 3160 μοι
552 3086 643 3145 ταῦτα
660 3086 851 3161 μεταλλῆσαι
867 3083 916 3146 καὶ
932 3080 1053 3164 ἐρέσθαι
1165 3093 1214 3159 465

265 3182 341 3246 ἄστυ
357 3184 624 3263 καταβλώσκοντα·
654 3183 785 3268 τάχιστά
798 3211 836 3266 με
852 3190 943 3266 θυμδς
957 3184 1068 3267 ἀνάγει

160 3345 163 3354 ,
266 3286 411 3368 ἀγγελίην
426 3289 551 3352 εἰπόντα
566 3287 660 3351 πάλιν
676 3287 753 3370 δεῦρ’
771 3289 962 3354 ἀπονέεσθαι.

266 3388 406 3472 ὡμήρησε
422 3390 455 3454 δέ
470 3417 521 3474 μοι
537 3391 604 3470 παρ’
620 3391 745 3473 ἑταίρων
760 3392 891 3476 ἄγγελος
912 3392 998 3470 ὠκύς,

266 3491 365 3576 κῆρυξ,
381 3493 414 3560 δς
429 3497 465 3575 δὴ
481 3504 597 3578 πρῶτος
613 3495 686 3562 έπος
701 3498 742 3583 σῇ
757 3493 844 3579 μητρί
859 3497 971 3561 έειπεν.

266 3598 346 3662 άλλο
362 3598 396 3663 δέ
410 3625 456 3663 τοι
472 3600 507 3662 τό
520 3626 557 3682 γε
573 3599 647 3664 οἶδα·
677 3606 711 3664 τδ
726 3599 784 3684 γὰρ
799 3603 864 3666 ίδον
879 3600 1096 3681 ὀφθαλμοῖσιν.
1165 3624 1216 3679 470

266 3701 322 3783 ἤδη
338 3704 413 3786 ὑπὲρ
427 3703 543 3777 πόλιος,
560 3703 607 3766 ὅθι
624 3702 651 3765 θ’
662 3702 807 3785 Ἕρμαιος
821 3702 920 3784 λόφος
936 3705 1031 3784 ἐστίν,
