2874 4234
283 328 347 410 59⁶
579 340 608 408 5·
632 325 865 388 ολςνςυιλς
896 325 932 386 υ.

326 497 389 560 “Ὤ
400 522 461 577 μοι,
477 497 543 560 ἐπεὶ
559 496 594 575 δὴ
609 501 698 576 γαῖαν
713 494 828 558 ἀελπέα
842 500 936 559 δῶκεν
952 494 1070 560 ίδέσθαι

284 595 368 673 Ζεύς,
384 597 434 660 καὶ
449 596 485 675 δὴ
501 597 570 659 τόδε
586 601 698 674 λαῖτμα
714 593 876 674 διατμήξας
892 594 1054 671 ἐτέλεσσα,

285 701 412 776 ἔκβασις
430 700 464 762 ού
480 725 521 784 πῃ
538 699 657 780 φαίνεθ’
674 699 747 764 άλδς
763 703 883 762 παλιοῖο
900 698 994 780 θύραζ
1008 718 1014 732 ·
1179 723 1229 774 4¹0

285 803 429 868 ἔκτοσθεν
446 803 574 885 μὲνγὰρ
590 802 682 885 πάγοι
698 802 791 881 ὀξέες,
807 800 886 883 ἀμφὶ
903 805 935 866 δὲ
951 805 1028 881 κῢμα

284 905 438 988 βέβρυχεν
453 908 564 988 ῥόθιον,
581 906 678 985 λισσὴ
694 906 718 970 δ’
735 907 917 987 ἀναδέδρομε
932 906 1034 985 πέτρη,

286 1011 459 1094 ἀγχιβαθής
474 1013 507 1074 δέ
524 1008 678 1086 θάλασσα,
695 1011 743 1072 καὶ
759 1009 794 1072 ού
810 1035 872 1075 πως
889 1009 955 1073 ἐστι
970 1011 1100 1072 πόδεσσι

286 1112 430 1193 στήμεναι
446 1114 645 1195 ἀμφοτέροισι
660 1111 709 1177 καὶ
725 1113 883 1195 ἐκφυγέειν
899 1113 1056 1190 κακότητα·

206 1243 207 1246 ’
284 1215 325 1297 μή
342 1217 404 1282 πός
419 1217 449 1297 μ’
465 1220 646 1296 ἐκβαίνοντα
660 1216 745 1302 βάλῃ
760 1219 864 1280 λίθακι
879 1219 948 1280 ποτὶ
964 1217 1056 1302 πέτρῃ
1182 1243 1230 1295 415

285 1325 362 1399 κῦμα
379 1320 446 1402 μέγ’
463 1320 608 1400 ἁρπάξαν·
631 1321 726 1401 μελέη
743 1319 775 1384 δέ
788 1346 840 1399 μοι
855 1321 980 1384 ἔσσεται
996 1319 1080 1401 ὁρμή.

286 1426 313 1490 εί
330 1424 363 1487 δέ
379 1424 404 1487 κ’
421 1425 464 1488 ἔτι
480 1425 613 1505 προτέρω
629 1422 848 1505 παρανήξομαι,
863 1424 901 1502 ήν
915 1449 973 1489 που
989 1425 1105 1505 ἐφεύρω

285 1527 388 1606 ἠϊόνας
406 1553 439 1592 τε
458 1530 657 1610 παραπλῆγας
674 1528 800 1606 λιμένας
815 1553 848 1591 τε
864 1527 1034 1608 θαλάσσης,

286 1633 373 1695 δείδω
389 1630 431 1711 μή
445 1630 476 1709 μ”
492 1629 608 1709 ἐξαῦτις
624 1629 823 1711 ἀναρπάξασα
838 1631 953 1694 θύελλα

287 1736 398 1799 πόντον
413 1737 461 1798 ἐπ’
478 1735 636 1818 ἰχθυόεντα
650 1734 728 1820 φέρῃ
744 1733 841 1814 βαρέα
857 1733 1056 1817 στενάχοντα,
1181 1763 1232 1813 4²0

286 1838 321 1916 ἠέ
336 1839 365 1900 τί
379 1863 429 1917 μοι
450 1837 498 1902 καὶ
514 1840 601 1914 κῆτος
616 1837 764 1922 ἐπισσεύῃ
779 1837 857 1918 μέγα
872 1839 984 1915 δαίμων

287 1939 324 2020 ἐξ
337 1943 419 2020 ἁλός,
435 1940 485 2005 ot&
499 1967 531 2005 τε
546 1941 648 2005 πολλὰ
664 1940 769 2023 τρέφει
784 1941 891 2006 κλυτὸς
905 1940 1095 2022 Ἀμφιτρίτη·

287 2046 354 2109 οἶδα
369 2045 427 2128 γὰρ
442 2047 482 2111 ὥς
496 2071 547 2125 μοι
566 2046 731 2109 ὀδώδυσται
749 2050 855 2110 κλυτὸς
871 2041 1092 2125 ἐννοσίγαιος.”

326 2147 406 2214 Ἧος
421 2151 437 2211 δ
453 2149 534 2212 ταῦθ’
554 2151 682 2229 ὥρμαινε
699 2151 773 2211 κατὰ
789 2148 885 2228 φρένα
900 2150 949 2211 καὶ
968 2149 1042 2212 κατὰ
1058 2151 1160 2228 θυμόν,

287 2254 386 2334 τόφρα
401 2250 433 2316 δέ
446 2278 497 2331 μιν
512 2251 587 2333 μέγα
603 2257 679 2332 κῦμα
694 2251 769 2332 φέρε
784 2255 924 2332 τρηχεῖαν
940 2251 986 2315 ἐπ’
1002 2251 1103 2331 ἀκτήν.
1185 2283 1233 2332 425

290 2357 362 2419 ἔνθα
378 2355 403 2417 κ’
419 2356 479 2418 ἀπὸ
493 2356 592 2438 ῥινοὺς
608 2356 733 2436 δρύφθη,
750 2354 806 2418 σὺν
821 2354 845 2418 δ’
863 2355 946 2419 ὀστέ’
963 2355 1092 2438 ἀράχθη,

288 2462 316 2524 εί
332 2459 373 2539 μῆ
390 2461 440 2522 ἐπὶ
455 2459 548 2540 φρεσὶ
563 2463 634 2538 θῆκε
652 2462 706 2522 θεδ
722 2465 894 2538 γλαυκῶπις
908 2458 1031 2539 Ἀθήνη·

288 2564 478 2648 ἀμφοτέρῃσι
493 2569 524 2628 δὲ
540 2562 647 2646 χερσίν
662 2564 865 2642 ἐπεσσύμενος
880 2564 961 2644 λάβε
976 2565 1094 2646 πέτρης,

289 2671 341 2745 τῆς
358 2667 445 2749 ἔχετο
461 2667 626 2748 στενάχων,
642 2667 694 2745 ῆος
710 2667 787 2750 μέγα
804 2674 881 2747 κῦμα
896 2671 1043 2748 παρῆλθε.

288 2769 337 2834 καὶ
352 2777 387 2833 τὸ
401 2773 456 2849 μὲν
472 2772 510 2836 δς
528 2771 671 2850 ὑπάλυξε,
688 2771 883 2853 παλιρρόθιον
898 2770 932 2834 δέ
946 2797 997 2851 μιν
1012 2772 1094 2836 αὖτις
1181 2798 1233 2848 430

289 2873 406 2952 πλῆξεν
421 2875 638 2953 ἐπεσσύμενον,
653 2881 745 2952 τηλοῦ
760 2875 794 2937 δέ
807 2899 857 2950 μιν
875 2873 993 2952 ἔμβαλε
1007 2876 1118 2958 πόντιρ.

290 2980 330 3044 ὡς
345 2979 368 3039 δ’
387 2980 437 3041 ὅτε
456 2980 645 3046 πουλύποδος
661 2977 796 3056 θαλάμης
812 2976 1023 3060 ἐξελκομένοιο

291 3089 364 3162 πρὸς
381 3084 619 3163 κοτυληδονόφιν
635 3077 753 3146 πυκιναὶ
769 3079 895 3163 λάϊγγες
913 3084 1042 3166 ἔχονται,

291 3186 329 3250 δς
345 3191 397 3248 τοῦ
412 3192 486 3266 πρὸς
501 3185 626 3273 πέτρῃσι
641 3183 811 3258 θρασειάων
825 3185 885 3247 ἀπὸ
902 3191 1012 3268 χειρῶν

289 3286 366 3370 ῥινοὶ
381 3289 578 3371 ἀπέδρυφθεν·
601 3294 653 3350 τὸν
667 3287 701 3350 δέ
715 3286 794 3368 μέγα
810 3293 886 3366 κῦμα
901 3288 1048 3368 κάλυψεν.
1183 3315 1232 3366 435

289 3395 362 3457 ἔνθα
379 3419 411 3456 κε
426 3394 461 3467 δῆ
477 3395 619 3470 δύστηνος
635 3392 707 3470 ὑπὲρ
723 3391 814 3472 μόρον
830 3392 916 3455 ὤλετ’
931 3389 1108 3470 Ὀδυσσεύς,

293 3498 321 3560 εί
335 3497 376 3577 μὴ
393 3497 598 3576 ἐπιφροσύνην
613 3499 689 3557 δῶκε
704 3502 878 3577 γλαυκῶπις
892 3492 1016 3574 Ἀθήνη.

291 3601 415 3679 κύματος
431 3599 582 3678 ἐξαναδύς,
598 3595 635 3658 τά
652 3595 679 3659 τ’
694 3599 847 3682 ἐρεύγεται
864 3597 1031 3680 ἤπειρόνδε,

289 3708 363 3787 νῆχε
378 3701 479 3785 παρέξ,
494 3703 524 3765 ἐς
539 3703 629 3780 γαῖαν
648 3702 804 3783 ὁρώμενος,
819 3705 849 3765 εί
862 3727 920 3766 που
937 3704 1058 3786 ἐφεύροι
