2848 4296
248 438 312 499 404
572 440 621 488 20.
638 427 808 486 ΙΛΙΑΔΟΣ
830 429 866 489 T.

245 593 381 656 αὐτόθεν·
404 592 423 671 ἥ
438 617 483 660 τις
498 594 602 658 ἔπειτα
618 596 667 657 καὶ
681 593 794 673 ἡμείων
808 593 936 677 Ἀχιλῆϊ

245 697 404 776 παρσταίη,
420 697 485 775 δοίη
501 698 534 760 δέ
549 694 656 778 κράτος
670 695 757 779 μέγα,
772 697 848 778 μηδέ
863 723 891 760 τι
908 701 988 784 θυμῷ

245 797 386 874 δευέσθω,
402 801 452 863 ίνα
468 801 530 886 είδῆ
547 802 565 863 ό
578 826 630 880 μιν
645 800 807 882 φιλέουσιν
823 801 942 882 ἄριστοι

246 899 410 975 ἀθανάτων,
428 905 456 966 οί
473 903 497 966 δ’
515 903 576 966 αὖτ’
594 905 757 984 ἀνεμώλιοι
773 903 801 967 οἳ
817 904 851 967 τὸ
866 903 962 987 πάρος
977 931 1033 987 περ

243 1006 365 1086 Τρωσὶν
380 1006 544 1084 ἄμιίνουσιν
559 1009 694 1085 πόλεμον
711 1008 759 1070 καὶ
774 1011 925 1086 δηϊοτῆτα.

245 1105 354 1174 πάντες
369 1107 395 1172 δ’
411 1110 589 1188 Οὐλύμποιο
605 1109 793 1189 κατήλθομεν
809 1112 986 1180 ἀντιόωντες

244 1215 337 1290 τῆσδε
350 1211 460 1296 μάχης,
475 1216 525 1278 ἵνα
540 1212 580 1293 μή
596 1240 625 1277 τι
639 1217 715 1294 μετὰ
729 1215 870 1296 Τρώεσσι
886 1215 1003 1304 πάθῃσι

245 1313 385 1396 σήμερον·
409 1319 536 1398 ὕστερον
552 1317 621 1382 αὖτε
636 1317 673 1380 τὰ
689 1319 827 1382 πείσεται
846 1319 931 1383 ἄσσα
946 1323 975 1384 οἱ
991 1321 1072 1386 Αἶσα

243 1418 410 1504 γιγνομένῳ
430 1419 560 1499 ἐπένησε
575 1422 660 1505 λίνιρ,
678 1423 729 1485 ότε
743 1447 795 1502 μιν
810 1421 878 1486 τέκε
891 1421 997 1506 μήτηρ.

244 1524 271 1585 εί
286 1519 313 1584 δ’
327 1521 470 1605 Ἀχιλεὺς
485 1523 520 1585 οὗ
535 1529 627 1587 ταῦτα
643 1529 720 1590 θεῶν
736 1529 769 1589 ἐκ
790 1525 936 1590 πεύσεται
954 1529 1061 1609 ὀμφῆς,

244 1624 352 1689 δείσετ’
371 1624 477 1698 ἔπειθ’,
496 1628 547 1692 ότε
563 1626 614 1693 κέν
629 1653 674 1694 τις
690 1631 864 1710 ἐναντίβιον
878 1633 946 1696 θεὸς
963 1623 1037 1717 ἔλθῃ

244 1731 277 1792 ἐν
292 1727 424 1814 πολέμιρ·
447 1733 580 1813 χαλεποὶ
596 1733 628 1795 δέ
644 1734 707 1795 θεοὶ
723 1734 888 1814 φαίνεσθαι
906 1733 1069 1818 έναργεῖς.”

285 1831 389 1912 Τὴν,δ’
409 1833 544 1915 ἠμείβετ’
561 1835 665 1899 ἔπειτα
680 1835 862 1901 Ποσειδάων
883 1839 1061 1921 ἐνοσίχθων·

244 1934 357 2018 “Ἧρη,
374 1937 415 2016 μὴ
430 1937 600 2021 χαλέπαινε
615 1942 709 2021 παρὲκ
726 1943 805 2004 νόον·
830 1939 900 2005 οόδέ
918 1942 948 2004 τί
963 1967 1001 2006 σε
1014 1940 1084 2025 χρή.

245 2037 297 2101 οὐκ
313 2036 351 2102 ἄν
365 2036 424 2118 ἐγώ
439 2033 467 2119 γ’
484 2035 620 2117 ἐθέλοιμι
635 2036 721 2103 θεοὺς
737 2038 812 2119 ἔριδι
827 2035 1015 2115 ξυνελάσσαι

244 2134 353 2223 [ἡμέας
368 2135 437 2202 τοὺς
452 2136 573 2212 ἄλλους,
590 2137 656 2201 ἐπεὶ
673 2135 692 2215 ῆ
707 2137 786 2200 πολὺ
802 2136 944 2218 φέρτεροί
958 2131 1066 2222 εἰμεν]·
1177 2197 1183 2211 ,

244 2229 314 2304 ἄλλ’
328 2239 415 2319 ἡμεῖς
428 2242 484 2318 μὲν
500 2240 605 2304 ἔπειτα
621 2241 834 2321 καθεζώμεσθα
851 2242 966 2306 κιόντες

244 2346 276 2407 ἐκ
292 2342 388 2416 πάτου
404 2347 435 2410 ές
450 2342 589 2422 σκοπιήν,
605 2341 738 2424 πόλεμος
754 2344 779 2408 δ’
796 2344 941 2426 ἄνδρεσσι
956 2342 1094 2425 μελήσει.

244 2449 270 2511 εί
285 2448 318 2511 δέ
334 2449 358 2511 κ’
373 2447 467 2529 Ἀρης
482 2448 600 2530 ἄρχωσι
615 2446 715 2531 μόχης
734 2445 752 2526 ἡ
768 2451 887 2527 Φοῖβος
901 2447 1075 2524 Ἀπόλλων,

243 2548 261 2629 ῆ
276 2551 397 2634 Ἀχιλῆ’
415 2554 530 2634 ίσχωσι
546 2550 594 2615 καὶ
610 2552 662 2615 οὐκ
679 2553 764 2616 είῶσι
779 2548 942 2633 μάχεσθαι,

243 2653 338 2719 αὐτίκ’
356 2656 463 2719 ἔπειτα
478 2656 527 2719 καὶ
545 2656 619 2735 ἄμμι
635 2654 703 2736 παρ’
721 2655 824 2718 αὐτόθι
841 2659 938 2719 νεῖκος
953 2654 1065 2732 όρεῖται

244 2761 421 2832 φυλόπιδος·
444 2757 529 2838 μάλα
543 2759 568 2822 δ’
585 2756 647 2821 ὦκα
662 2755 884 2840 διακρινθέντας
899 2755 953 2820 όίω

244 2861 291 2944 ἂψ
306 2867 372 2940 ἴμεν
387 2862 588 2941 Οὔλυμπόνδε
604 2866 681 2926 θεῶν
695 2859 760 2941 μεθ’
779 2858 923 2941 ὁμήγυριν
938 2860 1051 2939 ἄλλων,

243 2965 387 3052 ἡμετέρης
401 2968 459 3030 ὑπὸ
473 2967 582 3047 χερσὶν
597 2965 783 3046 ἄναγκαίηφι
799 2959 975 3043 δαμέντας.”

280 3068 344 3135 Ὣς
360 3071 418 3150 ἄρα
432 3067 578 3151 φωνήσας
592 3066 730 3150 ἡγήσατο
747 3066 945 3149 κυανοχαίτης
971 3137 973 3147 ,

243 3179 344 3256 τεῖχος
361 3177 391 3239 ές
406 3174 577 3256 ἀμφίχυτον
591 3171 765 3252 Ἡρακλῆος
780 3171 886 3246 θείοιο,

243 3273 374 3353 ὑψηλόν,
391 3273 427 3335 τό
440 3271 479 3355 ῥᾶ
493 3275 522 3336 οἱ
536 3277 637 3353 Τρῶες
653 3272 701 3336 καὶ
718 3272 848 3336 Παλλὰς
863 3267 974 3347 Ἀθήνη

244 3377 357 3449 ποίεον,
375 3379 456 3458 όφρα
471 3377 505 3441 τὸ
522 3380 608 3454 κῆτος
623 3375 864 3456 ὑπεκπροφυγὼν
879 3371 1013 3445 ἀλέαιτο,

245 3481 359 3544 ὁππότε
374 3506 426 3560 μιν
441 3481 562 3546 σεόαιτο
579 3480 629 3545 ἄπ’
646 3480 746 3559 ῆῖόνος
761 3478 909 3542 πεδίονδε.

244 3585 316 3650 ἔνθα
332 3583 513 3650 Ποσειδάων
528 3583 594 3648 κατ’
609 3582 654 3664 ἄρ’
671 3584 754 3661 ἕζετο
771 3583 820 3646 καὶ
835 3579 899 3645 θεοὶ
917 3579 1019 3659 ἄλλοι,

244 3689 322 3770 ἀμφὶ
337 3688 362 3752 δ’
379 3687 424 3769 ἄρ’
440 3688 587 3769 ἄρρηκτον
603 3690 736 3769 νεφέλην
751 3686 879 3765 ὤμοισιν
897 3685 1017 3749 ἕσαντο·

244 3796 273 3856 οἱ
289 3792 313 3856 δ’
330 3791 460 3875 ἑτέρωσε
476 3793 597 3870 καθῖζον
611 3790 657 3857 ἐπ’
675 3791 788 3872 όφρόσι
804 3789 1041 3867 Καλλικολώνης
