2848 4296
581 449 819 511 22.1A1AA02
842 451 880 510 X.

255 619 288 682 ἔκ
304 621 397 698 δόμου
412 619 584 696 Ἠετίωνος,
599 605 668 684 ἐπεί
682 620 758 700 πόρε
772 621 863 701 μυρία
877 620 956 685 ἔδνα.

255 721 335 804 ἀμφὶ
347 721 384 803 Ιδέ
397 748 451 801 μιν
464 724 568 808 γαλόῳ
584 749 618 786 τε
634 724 683 787 καὶ
699 722 847 804 εἰνατέρες
863 724 931 789 άλις
947 725 1049 797 ἔσταν,

256 828 318 890 αίέ
334 829 412 904 μετά
427 828 540 907 σφίσιν
555 825 644 909 εἶχον
657 825 839 906 ἀτυζομένην
854 825 1055 906 ἀπολέσθαι,

256 929 274 1007 ἡ
291 929 315 992 δ’
332 929 400 993 ἐπεὶ
415 930 468 994 οὖν
484 929 614 1010 ἔμπνυτο
631 931 680 994 καὶ
696 935 728 996 ἔς
743 931 841 1012 φρένα
857 935 948 1010 θυμὸς
964 930 1085 1013 ἀγέρθη,
1155 955 1205 1007 475

257 1031 419 1112 ἀμβλήδην
433 1036 558 1116 γοόωσα
571 1033 647 1114 μετὰ
662 1036 804 1120 Τρῳῇσιν
820 1035 930 1100 ἔειπεν·

257 1144 276 1172 “
285 1135 406 1218 Ἕκτορ,
423 1137 483 1217 ἔγιδ
497 1137 654 1216 δύστηνος
677 1141 707 1223 ly}
722 1139 782 1218 άρα
795 1137 949 1221 γιγνόμεθ’
966 1137 1039 1223 αίση

258 1242 433 1324 ἀμφότεροι,
448 1241 487 1303 σὺ
501 1245 557 1320 μὲν
573 1243 607 1306 έν
621 1243 716 1327 Τροίη
732 1240 962 1321 Πριάμουκατά
977 1247 1070 1320 δῶμα,

257 1343 350 1425 αὐτὰρ
364 1344 424 1426 ε’γιδ
440 1344 588 1431 Θήβησιν
603 1347 661 1408 ύπδ
677 1342 793 1429 Πλάκῳ
808 1343 946 1430 ὑληέσσῃ

259 1451 291 1512 ἔν
306 1449 386 1533 δόμῳ
402 1448 577 1528 Ἠετίωνος,
592 1449 610 1510 ὀ
623 1449 653 1530 μ’
670 1449 780 1530 ἔτρεφε
795 1449 902 1512 τυτθὸν
917 1448 1036 1526 έοῦσαν,
1095 1507 1097 1512 .
1127 1443 1129 1452 x
1155 1463 1206 1524 480

258 1553 405 1635 δύσμορος
421 1553 591 1633 αἰνόμορον·
616 1553 655 1618 ὦς
670 1554 710 1631 μή
727 1553 851 1632 ὤφελλε
867 1551 1018 1616 τεκέσθαι.

260 1662 312 1719 νῦν
327 1659 360 1720 δὲ
376 1655 414 1720 σὺ
429 1659 485 1736 μὲν
499 1656 604 1721 Ἀίδαο
620 1658 728 1735 δόμους
743 1660 801 1722 ὑπὸ
818 1658 938 1721 κεύθεσι
952 1657 1042 1739 γαίης

260 1761 372 1842 ἔρχεαι,
389 1760 487 1842 αὐτὰρ,
497 1762 549 1840 ἐμὲ
565 1763 699 1847 στυγερῷ
713 1761 761 1826 ε’νϊ
778 1760 882 1826 πένθεϊ
896 1761 1013 1827 λείπεις

260 1862 356 1946 χήρην
370 1861 404 1926 ἔν
417 1865 588 1946 μεγάροισι·
613 1864 684 1931 πάϊς
700 1864 726 1928 δ’
743 1865 787 1928 ἔτι
803 1863 910 1942 νήπιος
925 1864 1030 1942 οὕτως,

260 1967 294 2031 ὃν
309 1971 434 2046 τέκομεν
449 1967 489 2028 σύ
504 1965 530 2030 τ’
546 1967 605 2049 έγιό
623 1993 655 2032 τε
670 1968 865 2048 δυσάμμοροι·
890 1968 958 2031 ούτε
973 1967 1012 2030 σὺ
1027 1968 1120 2052 τούτῳ
1158 1982 1207 2044 485

261 2071 378 2142 ἔσσεαι,
390 2069 513 2150 Ἕκτορ,
530 2073 639 2153 ὄνειαρ,
657 2071 723 2135 ἐπεὶ
739 2071 835 2146 θάνες,
852 2071 920 2135 οὔτε
937 2071 987 2134 σοὶ
1003 2071 1098 2137 οὗτος.

261 2173 298 2253 ἤν
312 2201 368 2255 περ
382 2174 440 2257 γὰρ
455 2175 591 2253 πόλεμόν
606 2201 642 2256 γε
658 2176 740 2260 φύγῃ
756 2175 945 2254 πολύδακρυν
961 2172 1103 2257 Ἀχαιῶν,

261 2279 324 2342 αίεί
336 2303 382 2341 τοι
397 2278 490 2362 τούτῳ
507 2305 542 2359 γε
558 2279 649 2343 πόνος
667 2275 715 2340 καὶ
732 2275 812 2355 κήδε’
828 2279 949 2340 ὀπίσσω

263 2379 393 2446 ἔσσοντ’·
417 2381 508 2444 άλλοι
523 2381 580 2462 γάρ
597 2385 626 2444 οἱ
643 2382 883 2459 ἀπουρίσσουσιν
899 2381 1033 2462 ἀρούρας.

264 2485 339 2567 ἦμαρ
355 2482 381 2548 δ’
396 2485 561 2566 ὀρφανικὸν
581 2484 780 2565 παναφήλικα
796 2490 888 2548 παῖδα
903 2485 1015 2562 τίθησι·
1160 2511 1208 2559 490

263 2588 361 2654 πάντα
375 2588 400 2652 δ’
416 2587 614 2667 ὑπεμνήμυκε,
632 2587 825 2669 δεδάκρυνται
840 2590 874 2652 δὲ
889 2587 1020 2669 παρειαί,

263 2693 420 2772 δευόμενος
435 2690 468 2754 δέ
484 2691 508 2754 τ’
526 2692 625 2755 άυεισι
641 2691 710 2756 πάϊς
727 2693 757 2756 ἔς
773 2690 884 2773 πατρὸς
900 2692 1043 2772 ἑταίρους,

264 2797 360 2862 ἄλλον
374 2797 430 2877 μὲν
444 2797 575 2878 χλαίνης
589 2794 690 2874 ἔρύων,
710 2795 807 2858 ἄλλον
822 2797 855 2858 δὲ
869 2801 1007 2877 χιτῶνος·

264 2907 323 2964 τῶν
338 2899 365 2963 δ’
382 2898 575 2979 ἐλεησάντων
591 2899 719 2979 κοτύλην
733 2924 779 2965 τις
796 2898 903 2964 τυτθὸν
918 2898 1043 2981 έπέσχε,
1090 2975 1092 2978 ¹

264 3004 371 3085 χείλεα
385 3002 441 3083 μέν
455 3003 479 3065 τ’
496 3003 597 3082 ἐδίην’,
612 3001 748 3086 ὑπερῴην
764 3002 788 3066 δ’
805 3003 857 3066 ούκ
871 3005 978 3081 έδίηνε.
1161 3029 1209 3078 495

265 3106 317 3169 τὸν
331 3109 364 3170 δέ
381 3107 430 3170 καὶ
447 3106 622 3187 ἀμφιθαλὴς
641 3106 673 3168 ἔκ
689 3107 806 3172 δαιτύος
822 3103 1012 3185 ἐστυφέλιξε,

265 3210 373 3292 χερσὶν
387 3211 552 3291 πεπληγὼς
567 3207 616 3272 καὶ
632 3211 823 3273 ὀνειδείοισιν
838 3209 979 3273 ἔνίσσων·

266 3320 273 3346 ‘
287 3313 345 3393 ἔρρ’
360 3315 461 3379 οὕτως·
485 3313 519 3376 ού
535 3313 589 3378 σός
605 3339 641 3394 γε
657 3312 753 3394 πατὴρ
768 3313 977 3389 μεταδαίνυται
992 3310 1083 3389 ἡμῖν]

266 3417 419 3496 δακρυόεις
433 3416 468 3480 δέ
483 3416 508 3480 τ’
525 3417 625 3481 άνεισι
641 3415 712 3481 πάϊς
725 3415 757 3481 ἔς
771 3414 884 3497 μητέρα
898 3404 1006 3502 χήρην,

265 3519 444 3600 Ἀστυάναξ,
461 3521 494 3588 δς
509 3523 581 3604 πρὶν
594 3522 649 3600 μὲν
665 3523 716 3583 ἔοῢ
731 3519 780 3582 ἐπὶ
794 3519 922 3602 γούνασι
937 3519 1049 3599 πατρὸς
1163 3546 1212 3594 500

267 3625 379 3701 μυελὸν
393 3626 458 3690 οἶον
474 3627 580 3689 ἔδεσκε
597 3625 646 3689 καὶ
662 3626 732 3687 οίῶν
748 3624 838 3687 πίονα
853 3622 957 3702 δημόν·

268 3729 360 3809 αύτδρ
375 3728 420 3793 ὅθ’
436 3731 529 3796 ὕπνος
544 3729 618 3804 έλοι,
635 3727 785 3792 παύσαιτό
799 3752 833 3790 τε
847 3726 1046 3810 νηπιαχεύων,

269 3833 383 3897 εὕδεσκ’
400 3833 433 3900 ἔν
446 3831 629 3915 λέκτροισιν,
644 3831 678 3896 ἔν
693 3832 894 3914 ἀγκαλίδεσσι
909 3829 1040 3911 τιθήνης,

714 3935 739 3998 Q
756 3940 774 3988 2
