2908 4232
545 366 575 431 3.
598 351 832 414 ΟΔΎΣΣΕΙΑΣ
863 355 895 417 Γ.
1127 369 1192 438 549

242 520 315 584 ἔνθα
332 517 518 600 κυβερνήτην
533 520 694 586 Μενελάου
709 527 824 598 Φοῖβος
840 523 1004 591 ’.Απόλλων

243 625 288 689 οἷς
304 624 427 705 ἀγανοῖς
438 623 610 704 ’βελέεσσιν
624 627 824 708 ἐποιχόμενος
840 626 1016 709 κατέπεφνε,
1136 646 1193 694 αΒο

241 725 392 804 πηδάλιον
404 731 482 806 μετὰ
496 730 585 812 χερσὶ
603 728 731 807 θεούσης
746 729 815 807 νηὸς
832 730 952 813 ἔχοντα,

241 832 371 911 Φρόντιν
386 831 590 913 Ὀνητορίδην,
607 831 640 898 δς
656 834 791 898 ἐκαίνυτο
806 834 879 926 φῦλ’
895 835 1060 915 ὰυθρόπων

242 936 501 1016 νῆακυβερνήσαι,
518 937 609 1000 ὁπότε
624 940 789 1018 σπερχοίεν
804 939 923 1002 ἄελλαι.

242 1039 282 1104 ὣς
297 1039 313 1101 ό
329 1041 385 1116 μὲν
400 1040 471 1104 ἔνθα
488 1039 655 1124 κατέσχετ’,
671 1041 866 1120 ἐπειγόμενός
882 1068 938 1122 περ
955 1044 1045 1117 ὁδοῖο,

241 1141 310 1221 ὄφρ’
326 1141 432 1224 ἕταρον
447 1142 555 1206 θάπτοι
571 1140 620 1206 καί
637 1141 686 1207 ἐπὶ
702 1143 808 1226 κτέρεα
823 1147 999 1227 κτερίσειεν.
1138 1161 1188 1222 ι85

241 1244 311 1308 ἀλλ’
328 1246 379 1309 ὅτε
395 1246 431 1325 δὴ
446 1243 495 1310 καὶ
511 1251 618 1321 κεῖνος,
630 1248 689 1312 ,ἰὸν
702 1249 755 1312 έπὶ
770 1251 878 1314 οἴνοπα
892 1251 1003 1313 πόντον

241 1350 274 1411 έν
289 1351 378 1429 νηυσὶ
394 1349 578 1436 γλαφυρῇσι,
595 1350 762 1416 Μαλειάων
778 1355 847 1434 ὄρος
863 1353 936 1417 αἴπῦ

240 1450 288 1530 ἴξε
304 1453 390 1531 θέων,
406 1454 475 1517 τότε
494 1453 530 1532 δὴ
547 1455 694 1536 στυγερὴν
710 1455 781 1520 όδδν
797 1455 928 1536 εὐρύοπα
944 1457 1019 1523 Ζεὺς

240 1556 405 1635 ἐφράσατο,
421 1556 534 1639 λιγέων
544 1557 573 1621 «δ’
590 1557 708 1638 ἀνέμων
723 1560 772 1623 ἐπ’
786 1559 917 1636 ἀϋτμένα
932 1566 1005 1643 χεῦε

241 1660 355 1737 κύματά
369 1685 402 1724 τε
417 1661 586 1742 τροφόεντα
602 1664 746 1745 πελώρια,
759 1663 816 1726 ιἶσα
832 1665 966 1744 ὄρεσσιν.

238 1763 312 1826 ἔνθα
327 1762 489 1843 διατμήξας
506 1763 558 1830 τὰς
572 1766 628 1845 μὲν
644 1765 744 1854 Κρήτῃ
760 1766 946 1843 ἐπέλασσεν,

239 1867 293 1950 ἧχι
310 1868 446 1934 Κύδωνες
463 1870 562 1934 έυαιον
578 1868 731 1948 Ἰαρδάνου
747 1871 825 1952 ἀμφὶ
839 1869 955 1951 ῥέεθρα.

240 1970 306 2032 ἔστι
322 1970 356 2033 δέ
370 1994 415 2036 τις
430 1972 528 2050 λισσὴ
546 1971 650 2035 αἰπεῖά
665 1997 699 2036 τε
716 1975 758 2039 είς
775 1971 837 2035 άλα
851 1971 945 2052 πέτρη

239 2073 365 2160 ἐσχατιῇ
383 2076 538 2153 Γόρτυνος,
556 2076 589 2138 έν
604 2074 749 2156 ἠεροειδέϊ
765 2077 874 2159 πόντῳ,

239 2177 311 2242 ἔνθα
327 2178 426 2243 Νότος
440 2178 518 2258 μέγα
535 2183 609 2259 κῦμα
624 2180 694 2242 ποτὶ
710 2184 817 2241 σκαιὸν
830 2179 895 2260 ῥίον
912 2177 991 2253 θθεῖ,

238 2283 269 2347 ές
285 2282 429 2359 Φαιστόν,
444 2281 547 2363 μικρὸς
562 2284 595 2346 δὲ
609 2282 694 2347 λίθος
705 2281 785 2363 ,μέγα
800 2280 865 2362 κῦμ’
883 2281 1036 2364 ἀποέργει.

238 2388 269 2448 αἱ
284 2384 400 2466 μὲνιῖρ
418 2384 479 2449 ἔνθ’
496 2384 598 2464 ἦλθον,
614 2387 731 2472 σπουδῇ
746 2385 771 2448 δ’
786 2385 901 2466 ήλυξαν
917 2387 1046 2467 ὄλεθρον

238 2488 352 2569 ἄνδρες,
368 2488 442 2568 ἀτὰρ
458 2489 531 2566 νήός
546 2515 581 2571 γε
597 2491 666 2552 ποτὶ
682 2488 889 2554 σπιλάδεσσιν
905 2487 999 2567 ἔαξαν

238 2590 351 2670 κύματ’·
373 2592 448 2672 άτδρ
463 2590 517 2658 τὰς
532 2591 621 2656 πέντε
636 2594 707 2658 ,νέας
724 2593 977 2676 κυανοπρῳρείους
1032 2583 1034 2590 ’

238 2695 378 2780 Αἰγύπτῳ
395 2695 553 2759 ἐπέλασσε
568 2696 669 2777 φέρων
685 2696 794 2776 ἄνεμός
809 2720 841 2760 τε
857 2693 905 2770 καὶ
921 2698 1008 2777 ῦδωρ.

239 2799 280 2863 ὣς
295 2799 312 2862 ό
325 2800 382 2878 μὲν
398 2800 470 2864 ἔνθα
485 2799 581 2863 πολὺν
595 2801 705 2880 βίοτον
720 2797 769 2862 καὶ
785 2799 900 2881 χρυσὸν
912 2801 1042 2881 ἀγείρων

236 2901 331 2978 ἠλᾶτο
347 2900 401 2980 ξῦν
416 2900 504 2980 νηυσὶ
521 2901 583 2965 κατ’
601 2904 786 2983 ἀλλοθρόους
803 2902 987 2984 θυθριόπους·

236 3007 336 3087 τόφρα
351 3009 383 3068 δὲ
400 3005 480 3069 ταῦτ’
497 3008 646 3088 Αἴγισθος
662 3005 795 3086 ἐμήσατο
811 3007 906 3070 οἴκοθι
923 3007 1028 3089 λυγρά·

236 3105 376 3175 ἑπτάετες
391 3108 416 3172 δ’
433 3109 551 3187 ἤνασσε
567 3111 772 3193 πολυχρύσοιο
789 3109 933 3189 Μυκήνης

238 3214 354 3277 κτείνας
368 3211 534 3294 Ἀτρείδην,
552 3213 680 3293 δέδμητο
696 3217 727 3278 δὲ
742 3221 817 3281 λαὸς
833 3213 882 3278 ὑπ’
899 3214 988 3299 αιἰτφ.

236 3315 277 3399 τῷ
297 3316 330 3380 δέ
344 3318 372 3379 οἱ
388 3316 521 3403 ὀγδοάτῳ
538 3317 629 3381 κακὸν
643 3317 737 3395 ἤλυθε
752 3323 815 3384 δῖος
830 3317 976 3398 Ὀρέστης

236 3417 283 3499 ἂψ
299 3419 349 3482 ἀπ’
365 3419 531 3498 Ἀθηνάων,
548 3425 623 3484 κατὰ
637 3421 663 3484 δ’
679 3422 783 3487 έκτανε
799 3425 1003 3503 πατροφονῆα,

237 3525 385 3604 Αἴγισθον
401 3525 571 3605 δολόμητιν,
587 3527 605 3588 ό
619 3528 648 3588 οἱ
663 3523 778 3606 πατέρα
794 3524 904 3590 κλυτὸν
919 3526 1000 3589 έκτα.

235 3624 254 3704 ἤ
269 3650 316 3689 τοι
332 3628 348 3690 ό
363 3627 417 3691 τὸν
431 3629 547 3695 κτείνας
563 3629 648 3693 δαίνυ
663 3627 761 3710 τάφου
776 3626 945 3711 ’λργείοισι

234 3730 345 3810 μητρός
360 3755 393 3796 τε
410 3733 552 3811 στυγερῆς
570 3729 617 3796 καί
633 3731 794 3798 ἀνάλκιδος
811 3733 984 3814 Αίγίσθοιο·
