2834 4234
473 349 521 420 15·
552 342 788 402 οαςςςοιλν
819 342 857 403 ο.
1090 354 1154 423 757

206 509 276 574 ἀλλ’
292 509 368 574 ἕνεκ’
384 509 546 590 οὐλομένης
561 519 692 594 γαστρὸς
709 515 785 576 κακά
800 510 879 591 κήδε’
895 513 1020 597 ἔχουσιν

209 611 336 700 [ἀνέρες,
352 614 387 679 ἄν
403 640 454 678 κεν
468 619 567 693 ἵκηται
582 616 642 696 ἄλη
658 613 706 680 καί
721 620 806 694 πῆμα
821 617 870 678 καί
885 611 1004 702 ἄλγος]
1108 643 1157 694 345

207 722 260 783 νῦν
275 717 300 780 δ’
316 716 382 782 ἐπεὶ
397 718 545 803 ἰσχανάῳς
559 721 659 799 μεῖναί
672 718 707 784 τέ
720 745 758 798 με
773 723 873 783 κεῖνον
888 719 1016 801 ἄνωγας,

208 818 266 884 εἰτ’
281 821 337 904 ἄγε
351 848 401 901 μοι
418 819 484 903 περὶ
499 829 611 905 μητρὸς
625 823 796 900 Ὀδυσσῆος
811 824 906 887 θείοιο

207 926 320 1004 πατρός
333 924 370 1004 θ’,
385 924 420 989 δν
436 926 613 991 κατέλειπεν
628 928 682 990 ἰὼν
697 929 748 991 ἐπὶ
762 924 874 1008 γήραος
889 925 976 1011 οὐδῷ,

207 1027 228 1105 ἥ
243 1053 301 1091 που
317 1028 361 1091 ἔτι
378 1029 504 1106 ζώουσιν
518 1030 567 1093 ὑπ’
583 1029 676 1112 αὐγὰς
689 1030 818 1108 ἠελίοιο,

208 1129 298 1209 ἧῆδη
313 1136 437 1196 τεθνᾶσι
453 1130 502 1198 καί
518 1136 563 1198 εἰν
578 1132 680 1198 Ἀίδαο
699 1132 848 1212 δόμοισι.”
1109 1161 1158 1209 350

250 1236 313 1300 Τὸν
328 1235 354 1299 δ’
370 1235 439 1300 αὖτε
453 1237 618 1318 προσέειπε
637 1238 787 1315 συβώτης,
805 1238 939 1318 ὄρχαμος
953 1236 1078 1317 ἀνδρῶν·

210 1343 227 1372 “
240 1341 345 1419 τοιγδρ
361 1339 419 1420 έγώ
435 1363 493 1417 τοι,
510 1338 598 1419 ξεῖνε,
614 1340 685 1419 μάλ’
702 1339 848 1422 ἀτρεκέως
864 1340 1031 1422 ἀγορεύσω.

207 1440 340 1522 Λαέρτης
354 1444 410 1521 μὲν
426 1443 469 1506 ἔτι
486 1445 563 1522 ζώει,
580 1446 633 1509 Διὶ
649 1444 675 1508 δ’
691 1444 886 1527 εὔχεται-αἰεὶ

208 1544 302 1624 θυμδν
317 1547 377 1609 ἀπὸ
391 1547 511 1624 μελέων
525 1549 653 1629 φθίσθαι
669 1550 715 1614 οἰς
730 1550 763 1612 έν
777 1546 964 1630 μεγάροισιν·

209 1647 368 1732 ἐκπάγλως
383 1653 441 1733 γὰρ
456 1652 562 1718 παιδὸς
578 1652 715 1733 ὀδύρεται
731 1652 903 1735 οἰχομένοιο
1110 1677 1158 1726 355

210 1755 359 1835 κουριδίης
373 1754 399 1816 τ’
415 1756 543 1838 ἀλόχοιο
559 1755 730 1838 δαΐφρονος,
745 1755 765 1834 ἥ
780 1760 794 1819 έ
810 1754 946 1834 μάλιστα

207 1855 297 1939 ἤκαχ’
313 1857 505 1939 ἀποφθιμένη
523 1859 571 1922 καί
587 1861 621 1923 έν
636 1859 703 1943 ὠμῷ
719 1857 810 1940 γήραϊ
825 1862 925 1936 θῆκεν.

209 1960 227 2038 ἡ
244 1960 270 2023 δ’
285 1960 356 2043 ἄχεί·
371 1961 406 2024 οὗ
421 1966 527 2028 παιδὸς
543 1961 693 2042 ἀπέφθιτο
710 1963 894 2038 κυδαλίμοιο,

209 2064 365 2149 λευγαλέῳ
382 2063 507 2150 θανάτῳ,
524 2064 563 2131 ὦς
577 2065 617 2145 μὴ
633 2064 719 2129 θάνοι
735 2067 768 2130 ὅς
782 2091 827 2131 τις
843 2065 910 2144 ἐμοί
924 2090 961 2146 γε

212 2165 317 2232 ἐνθάδε
333 2166 479 2233 ναιετάων
494 2171 586 2250 φίλος
602 2169 646 2247 εἵη
663 2171 712 2233 καὶ
728 2170 805 2249 φίλα
821 2169 909 2249 ἔρδοι.
1112 2181 1160 2242 36ο

211 2272 292 2352 ὄφρα
306 2274 363 2350 μὲν
378 2271 429 2335 οὖν
445 2271 481 2350 δὴ
497 2273 578 2352 κείνη
595 2273 657 2351 έην,
673 2271 809 2356 ἀχέουσά
823 2297 879 2352 περ
896 2270 1001 2351 ἔμπης,

210 2375 310 2454 τόφρα
325 2376 356 2438 τί
367 2401 418 2454 μοι
433 2376 528 2456 φίλον
544 2376 615 2440 έσκε
628 2380 822 2457 μεταλλῆσαι
837 2372 886 2440 καί
901 2375 1030 2456 ἐρέσθαι,

211 2477 318 2541 οὕνεκά
332 2478 362 2558 μ’
377 2478 451 2557 αὐτὴ
467 2478 579 2560 θρέψεν
595 2479 656 2559 άμα
671 2478 802 2568 Κτιμένῃ
815 2479 1006 2563 τανυπέπλῳ,

211 2581 345 2663 θυγατέρ’
362 2584 479 2669 ἰφθίμη,
495 2583 551 2662 τὴν
565 2581 737 2663 ὁπλοτάτην
751 2583 817 2648 τέκε
830 2585 955 2648 παίδων·

210 2685 247 2770 τῇ
263 2686 337 2764 ὁμοῦ
352 2687 530 2767 ἐτρεφόμην,
546 2687 653 2769 ὀλίγον
668 2687 701 2752 δέ
716 2690 745 2752 τί
759 2688 789 2767 μ’
804 2688 905 2768 ἧσσον
919 2689 1014 2765 έτίμα.
1112 2700 1160 2762 ³⁶⁵

213 2788 304 2870 αύτδρ
320 2790 388 2854 έπεί
400 2788 427 2871 ῥ’
442 2790 525 2869 ἥβην
539 2792 730 2872 πολυήρατον
746 2791 856 2873 ἱκόμεθ’
873 2791 975 2872 ἄμφω,

212 2891 266 2970 τὴν
281 2893 337 2972 μὲν
353 2892 459 2958 ἔπειτα
474 2893 604 2973 Σάμηνδ’
621 2896 732 2960 ἔδοσαν
748 2897 796 2960 καὶ
811 2895 893 2977 μυρί’
909 2895 1026 2971 ἕλοντο,

213 2996 304 3078 αὐτὰρ
320 3000 371 3077 ἐμὲ
388 2997 520 3080 χλαῖνάν
534 3024 567 3062 τε
581 2998 695 3080 χιτῶνά
709 3025 742 3062 τε
758 2999 852 3078 εἵματ’
869 2999 966 3077 ἐκείνη

213 3102 291 3162 καλά
306 3099 377 3180 μάλ’
393 3100 581 3182 ἀμφιέσασα,
598 3099 690 3166 ποσίν
704 3102 730 3167 δ’
744 3101 920 3182 ὑποδήματα
935 3107 1027 3166 δοῦσα

211 3203 339 3284 ἀγρόνδε
354 3204 511 3286 προίαλλε·
542 3206 628 3286 φίλει
643 3205 677 3270 δέ
691 3232 729 3286 με
745 3208 848 3289 κηρόθι
862 3211 990 3286 μᾶλλον.
1109 3233 1159 3285 370

213 3311 265 3370 νῦν
279 3307 305 3370 δ’
320 3306 377 3388 ἤδη
391 3309 503 3372 τούτων
519 3309 699 3388 ἐπιδεύομαι·
730 3310 812 3374 ἀλλά
826 3336 877 3390 μοι
893 3310 971 3395 αὐτῷ

212 3409 300 3491 ἔργον
316 3409 457 3490 ἀέξουσιν
471 3412 600 3495 μάκαρες
614 3414 680 3477 θεοὶ
695 3411 718 3496 ᾧ
733 3415 891 3493 ἐπιμίμνω·

212 3517 272 3578 τῶν
290 3514 405 3595 ἔφαγόν
420 3516 445 3578 τ’
462 3516 547 3580 ἔπιόν
564 3543 597 3580 τε
613 3513 661 3580 καί
676 3518 837 3581 αἰδοίοισιν
852 3518 957 3582 ἔδωκα.

212 3613 244 3676 έκ
260 3614 285 3676 δ’
301 3614 357 3694 ἄρα
372 3616 531 3694 δεσποίνης
546 3615 580 3680 ού
594 3616 734 3700 μείλιχον
749 3618 834 3680 ἔστιν
848 3618 976 3683 ἀκοῦσαι

211 3717 270 3780 οὔτ’
286 3717 358 3784 έπος
373 3717 441 3784 οὔτε
456 3744 484 3783 τι
502 3719 600 3802 ἔργον,
617 3718 683 3786 ἐπεὶ
698 3720 789 3784 κακδν
804 3721 936 3802 ἔμπεσεν
951 3724 1031 3806 οἰκῳ,
1109 3746 1157 3798 375
