2788 4230
484 341 532 410 15.
556 333 789 394 οΔςΣΣΕικΣ
819 337 857 396 ο.
1087 336 1148 420 763

198 506 215 534 “
225 501 256 565 αἲ
271 504 328 583 γὰρ
344 506 439 580 τοῦτο,
456 501 544 581 ξεῖνε,
561 503 633 569 έπος
647 503 863 584 τετελεσμένον
880 508 935 586 εἴη·

199 607 238 684 τῷ
256 626 288 664 κε
302 602 383 684 τάχα
398 602 500 684 γνοίης
516 601 667 682 φιλότητά
683 629 716 666 τε
731 604 835 668 πολλό
850 630 883 668 τε
899 610 977 686 δῶρα

198 701 234 781 ἐξ
247 705 325 783 έμεῦ,
342 705 380 770 ὡς
396 704 432 768 ἀν
447 707 493 770 τίς
508 731 546 769 σε
562 707 782 784 συναντόμενος
797 705 981 787 μακαρίζοι.”

237 805 281 869 Ἦ
298 805 346 871 καὶ
362 811 506 890 Πείραιον
521 810 729 890 προσεφώνεε,
744 817 853 874 πιστὸν
868 815 996 892 ἑταῖρον·

195 914 215 944 “
226 913 351 992 Πείραιε
368 913 510 992 Κλυτίδη,
527 915 565 976 σὺ
582 912 615 976 δέ
628 939 679 993 μοι
695 913 732 977 τά
747 939 803 992 περ
819 913 902 977 ἀλλα
918 914 1052 992 μάλιστα
1097 945 1147 994 540

196 1016 285 1101 πείθῃ
300 1017 378 1094 ἔμῶν
394 1015 513 1096 ἑτάρων,
531 1019 563 1080 οί
575 1042 626 1095 μοι
643 1017 748 1082 Πόλον
765 1020 807 1084 εἷς
825 1016 875 1092 ἀμ’
890 1018 1011 1082 ἕποντο·

196 1115 245 1180 καὶ
259 1123 312 1182 νῦν
327 1145 377 1198 μοι
394 1119 446 1183 τὸν
462 1119 562 1199 ξεῖνον
577 1121 659 1202 ἄγων
675 1122 707 1184 ἓν
723 1123 839 1202 δώμασι
854 1127 960 1187 σοῖσιν

196 1221 338 1288 ἐνδυκέως
353 1222 474 1303 φιλέειν
491 1222 540 1288 καὶ
555 1224 666 1302 τιέμεν,
683 1227 725 1290 εἷς
742 1227 759 1288 ὅ
775 1252 825 1289 κεν
840 1223 951 1291 έλθω.”

237 1329 299 1388 Τὸν
315 1325 340 1389 δ’
356 1326 392 1389 αὖ
409 1328 551 1408 Πείραιος
566 1328 758 1410 δουρικλυτὸς
774 1330 875 1392 ἀντίον
891 1329 977 1409 ηὔδα·

195 1433 214 1464 “
222 1427 386 1512 Τηλέμαχ’,
399 1433 425 1494 εί
434 1428 491 1512 γάρ
502 1457 553 1496 κεν
562 1430 601 1494 σὺ
610 1430 706 1495 πολὺν
715 1432 827 1513 χρόνον
837 1431 942 1497 ἔνθάδε
951 1433 1081 1514 μίμνοις,
1097 1462 1144 1512 545

194 1533 280 1596 τόνδε
296 1531 321 1594 τ’
336 1535 395 1615 ἐγὼ
412 1541 513 1615 κομιῶ,
530 1533 635 1613 ξενίων
651 1534 685 1598 δέ
700 1537 730 1599 οἱ
746 1537 780 1600 οὗ
795 1536 873 1615 ποθὴ
891 1535 1007 1600 ἔσται.”

230 1635 294 1702 Ὣς
309 1638 403 1701 εἰπών
418 1640 468 1702 έπὶ
485 1639 556 1718 νηὸς
572 1639 640 1718 έβη,
657 1638 800 1703 ἐκέλευσε
818 1640 843 1703 δ’
860 1641 994 1721 ἑταίρους

195 1739 301 1806 αὐτούς
317 1741 342 1803 τ’
358 1743 519 1821 ἀμβαίνειν
535 1741 591 1806 ἀνά
607 1768 639 1806 τε
655 1741 827 1824 πρυμνήσια
843 1748 944 1809 λῦσαι.

195 1845 223 1906 οἱ
240 1843 265 1906 δ’
281 1843 348 1925 αἶψ’
366 1845 526 1924 εἴσβαινον
542 1844 590 1908 καὶ
606 1847 657 1909 ἐπὶ
674 1841 778 1924 κληῗσι
795 1847 931 1922 καθῖζον·

236 1946 414 2028 Τηλέμαχος
430 1947 455 2009 δ’
471 1947 529 2011 ὑπὸ
543 1949 659 2010 ποσσὶν
676 1946 805 2026 ἐδήσατο
821 1951 901 2012 καλὰ
916 1948 1035 2026 πέδιλα,
1096 1979 1144 2027 55ο

194 2051 293 2112 είλετο
308 2049 335 2112 δ’
351 2051 479 2127 ἄλκιμον
494 2050 593 2133 ἔγχος,
611 2049 777 2132 ἀκαχμένον
792 2050 857 2130 ὀξέϊ
871 2056 985 2136 χαλκῷ,

194 2153 265 2232 νηὸς
280 2150 331 2216 ἀπ’
347 2154 490 2234 ἰκριόφιν·
520 2155 567 2217 τοὶ
583 2156 615 2217 δὲ
631 2155 789 2234 πρυμνήσι’
806 2157 928 2219 ἔλυσαν.

194 2259 222 2318 οἱ
236 2259 291 2334 μὲν
307 2256 479 2322 ἀνώσαντες
495 2257 590 2321 πλέον
606 2257 636 2322 ἐς
651 2257 753 2334 πόλιν,
770 2257 809 2322 ὡς
826 2258 970 2323 ἐκέλευσε

193 2357 380 2444 Τηλέμαχος,
398 2361 491 2440 φίλος
506 2361 571 2426 υἱὸς
586 2361 758 2438 Ὀδυσσῆος
779 2361 880 2424 θείοιο·

193 2469 245 2527 τὸν
260 2461 285 2527 δ’
296 2461 358 2526 ἀκα
370 2463 565 2544 προβιβάντα
579 2466 670 2530 πόδες
685 2465 787 2545 φέρον,
801 2466 869 2546 ὄφρ’
881 2465 954 2530 ἵκετ’
966 2467 1070 2546 αὐλήν,
1094 2494 1141 2544 555

194 2565 265 2630 ἔνθα
281 2567 309 2629 οἱ
324 2565 403 2645 ἦσαν
417 2567 466 2633 όες
481 2566 563 2646 μάλα
577 2567 688 2647 μυρίαι,
703 2564 757 2652 ᾗσι
773 2569 914 2647 συβώτης

192 2670 304 2736 ἐσθλὸς
319 2670 376 2733 ἐὼν
392 2671 517 2748 ἐνίαυεν,
532 2669 692 2736 ἀνάκτεσιν
706 2669 780 2750 ἤπια
795 2670 888 2738 εἰδώς.
