2848 4296
544 363 595 412 αι.
620 348 791 410 ΙΛΙΑΔΟΣ
814 351 850 409 Φ.
1097 367 1160 433 423

220 521 249 581 εἴ
262 543 308 580 τοι
322 519 427 598 Τρῶας
444 515 536 580 ἔδωκε
553 519 670 598 Κρόνου
681 511 755 584 παῖς
770 517 885 584 πάντας
900 517 1040 595 ὀλέσσαι,

220 619 256 698 ἐξ
267 619 373 701 ἐμέθεν
387 623 417 702 γ’
431 621 546 686 ἐλάσας
561 622 665 685 πεδίον
681 619 756 684 κάτα
769 620 900 702 μέρμερα
914 620 989 705 ῥέζε·

219 723 329 802 πλήθει
344 723 402 806 γὰρ
418 721 454 802 δή
468 747 520 802 μοι
539 724 651 789 νεκύων
666 726 804 806 ἐρατεινὰ
819 723 934 806 ῥέεθρα,

220 826 288 891 οὐδέ
303 827 333 892 τί
347 853 388 913 πῃ
403 826 530 907 δύναμαι
545 827 690 910 προχέειν
704 829 777 910 ῥόον
793 831 836 894 είς
852 824 913 892 άλα
928 833 995 891 δῖαν

221 929 411 1009 στεινόμενος
427 930 576 1002 νεκύεσσι,
593 930 632 992 οῦ
648 931 681 993 δέ
697 933 822 998 κτείνεις
837 930 977 1010 ἀϊδήλως.
1117 957 1164 993 ²20

221 1031 289 1094 ἀλλ’
305 1033 361 1114 άγε
376 1033 412 1112 δη
430 1031 477 1096 καὶ
493 1035 595 1098 ἔασον·
627 1034 685 1116 άγη
699 1037 730 1114 μ’
746 1036 820 1118 έχει,
837 1037 949 1117 ὄρχαμε
964 1031 1077 1097 λαῶν.”

262 1137 325 1200 Τὸν
340 1134 364 1200 δ’
379 1138 623 1218 ἀπαμειβόμενος
635 1138 775 1220 προσέφη
793 1139 887 1204 πόδας
904 1137 979 1204 ὦκδς
990 1137 1162 1220 Ἀχιλλεύς·

221 1247 240 1274 “
253 1240 339 1303 ἔσται
353 1235 456 1317 ταῦτα,
472 1238 648 1322 Σκάμανδρε
663 1241 828 1323 διοτρεφές,
845 1242 884 1308 ὡς
901 1241 939 1304 σὺ
955 1241 1094 1306 κελεύεις.

219 1348 324 1424 Τρῶας
339 1343 365 1406 δ’
382 1343 417 1406 οῦ
433 1345 504 1424 πρὶν
519 1343 603 1423 λήξω
618 1343 824 1426 ὑπερφιάλους
840 1345 991 1425 ἐναρίζων,

221 1447 290 1526 πρὶν
306 1447 396 1511 ἔλσαι
413 1446 486 1510 κατὰ
501 1447 577 1512 άστυ
593 1449 642 1512 καὶ
653 1447 777 1531 Ἕκτορι
792 1449 968 1529 πειρηθῆναι
1118 1473 1162 1520 225

222 1549 370 1629 ἀντιβίην,
388 1549 408 1629 ἤ
424 1550 477 1615 κέν
489 1577 528 1631 με
543 1551 742 1632 δαμάσσεται,
759 1551 778 1632 ἢ
793 1577 844 1616 κεν
860 1552 920 1635 ἐγὼ
937 1549 1020 1615 τόν.”

258 1650 320 1718 Ὣς
336 1653 428 1717 είπδν
441 1655 603 1735 Τρύεσσιν
618 1653 770 1720 ἐπέσσυτο
786 1656 904 1736 δαίμονι
919 1656 998 1721 ἶσος·

221 1754 268 1818 καὶ
284 1752 346 1819 τότ’
361 1754 544 1821 Ἀπόλλωνα
559 1755 701 1840 προσέφη
717 1758 851 1836 ποταμὸς
865 1760 1039 1839 βαθυδίνης·

222 1857 273 1921 “ὣ
289 1860 391 1937 πόποι,
407 1858 595 1942 άργνρότοξε,
613 1861 688 1928 Διὸς
702 1860 796 1937 τέκος,
813 1862 847 1924 οὐ
863 1862 952 1944 σύγε
966 1864 1083 1940 βουλάς

221 1962 342 2044 εἰρύσαο
359 1964 537 2044 Κρονίωνος,
553 1966 571 2027 ό
586 1989 633 2028 τοι
650 1965 734 2044 μάλα
748 1964 840 2029 πόλλ’
857 1963 1003 2028 ἐπέτελλε
1114 1991 1126 2026 2
1132 1991 1163 2039 30

220 2067 322 2146 Τρωσὶ
338 2065 563 2148 παρεστάμεναι
579 2069 628 2132 καὶ
644 2068 775 2149 άμύνειν,
792 2070 835 2135 είς
851 2069 869 2131 ὄ
885 2094 935 2133 κεν
951 2068 1026 2153 ἐλθῃ

222 2171 338 2237 δείελος
353 2171 414 2252 ὀψὲ
430 2169 514 2248 δύων,
531 2170 644 2259 σκιάσῃ
660 2171 685 2236 δ’
702 2175 855 2254 ἐρίβωλον
869 2167 1027 2253 ὄρουρον.”

260 2272 314 2347 Ἦ,
332 2274 380 2339 καὶ
397 2272 560 2357 Ἀχιλλεὺς
574 2278 630 2354 μέν
645 2282 837 2358 δονρικλυτδς
854 2276 958 2357 ἐνθορε
974 2273 1083 2359 μέσσιρ

221 2385 349 2459 κρημνοῦ
365 2377 502 2457 ἀπαΐξας·
535 2379 591 2443 ὁδ’
602 2377 761 2444 ἐπέσσυτο
778 2383 896 2460 οἴδματι
911 2379 997 2455 θύων,

220 2483 318 2548 πάντα
333 2483 359 2547 δ’
375 2485 456 2565 ὄρινε
470 2482 578 2567 ῥέεθρα
594 2485 768 2564 κυκώμενος,
785 2476 847 2547 ὄισε
862 2486 895 2547 δέ
911 2482 1032 2566 νεκροὺς
1118 2507 1164 2556 ²35

221 2587 363 2663 πολλούς,
381 2590 412 2651 οί
424 2590 462 2671 ῥα
478 2587 541 2651 κατ’
555 2582 723 2654 αι’·τδνάλις
738 2589 821 2666 ἔσαν,
831 2586 881 2653 οῦς
898 2583 977 2650 κτάν’
988 2584 1164 2668 Ἀχιλλεύς·

221 2692 289 2757 τοὺς
305 2691 442 2772 ἔκβαλλε
458 2691 572 2773 θύραζε,
589 2691 725 2771 μεμυκὸς
740 2689 810 2769 ἠύτε
826 2697 942 2771 ταῦρος,

221 2794 375 2876 χέρσονδε·
408 2796 498 2873 ζωοὺς
513 2799 545 2859 δὲ
563 2795 627 2858 σάω
643 2798 718 2859 κατδ
733 2797 812 2859 καλδ
824 2795 940 2878 ῥέεθρα,

223 2898 357 2979 κρύπτων
371 2901 405 2962 ἐν
420 2900 520 2985 δίνῃσι
529 2900 698 2986 βαθείῃσιν
712 2897 873 2985 μεγάλῃσι.

222 3003 319 3067 δεινδν
334 3000 361 3067 δ’
377 3003 451 3083 ἄμφ’
467 3001 602 3084 Ἀχιλῆα
618 3003 786 3080 κυκώμενον
801 3003 907 3065 ἵστατο
923 3008 1006 3082 κῦμα,
1120 3025 1167 3072 240

223 3107 293 3170 ὤθει
311 3103 337 3168 δ’
353 3108 387 3169 ἐν
402 3103 492 3170 σάκεϊ
505 3107 622 3170 πίπτων
636 3106 715 3188 ῥόος·
748 3105 816 3168 οῦδὲ
831 3105 979 3168 πόδεσσιν

222 3209 286 3291 εἶχε
303 3209 513 3290 στηρίξασθαι
545 3211 560 3272 ὁ
576 3211 609 3272 δέ
623 3204 755 3288 πτέλέην
771 3208 823 3272 έλε
839 3209 945 3288 χερσϊν

222 3312 334 3395 εὐφυέα
347 3313 495 3396 μεγάλην·
526 3312 544 3390 ἡ
561 3309 588 3375 δ’
603 3314 637 3375 ἐκ
651 3309 759 3394 ῥιζέων
774 3313 920 3392 ἐριποῦσα

222 3423 352 3498 κρημνὸν
367 3416 485 3481 ἅπαντα
501 3421 620 3492 διῶσεν,
638 3414 800 3496 ἐπέσχεδέ
817 3414 895 3478 καλὰ
910 3412 1017 3497 ῥέεθρα

222 3523 338 3598 ὄζοισιν
352 3526 514 3598 πυκινοῖσι,
529 3520 708 3603 γεφύρωσεν
723 3517 756 3582 δέ
771 3544 823 3597 μιν
838 3518 928 3583 αὐτὸν
1119 3544 1166 3596 ²45

222 3629 295 3689 εἴσω
311 3625 386 3690 πῦσ’
401 3622 547 3707 ἐριποῦσ’·
578 3625 595 3686 ὁ
610 3620 637 3688 δ’
653 3618 700 3703 ἄρ’
717 3625 749 3686 ἐκ
765 3624 848 3702 δίνης
864 3624 1030 3705 ἀνορούσας

222 3727 305 3808 ἤϊξεν
319 3729 436 3794 πεδίοιο
452 3731 526 3794 ποσὶ
543 3733 715 3810 κραιπνοῖσι
731 3727 884 3802 πέτεσθαι,
905 3808 907 3813 .
1010 3767 1012 3781 ι
