2834 4234
261 355 322 422 742
544 357 593 416 14.
616 343 852 403 ΟΔΎΣΣΕΙΑΣ
877 340 915 405 Ξ.-

261 514 332 591 εἶεν,
348 509 386 577 ἵν’
402 512 435 576 έν
451 511 556 596 κλισίῃ
572 511 667 592 λαρὸν
682 512 877 591 τετυκοίμεθα
892 507 1036 590 δόρπον.”

297 616 360 682 Ὣς
376 617 405 678 οῖ
420 617 475 694 μὲν
491 619 612 678 τοιαῦτα
628 614 702 696 πρὸς
718 614 873 695 ἀλλήλους
888 616 1043 697 ἀγόρευον,

261 722 431 804 ἀγχίμολον
445 721 477 784 δὲ
493 719 564 784 σύες
580 744 613 782 τε
629 717 678 782 καὶ
696 718 799 799 ἀνέρες
814 718 909 798 ἦλθον
924 720 1068 800 ὑφορβοί.
1158 744 1208 796 41⁰

262 827 315 891 τάς
330 827 384 904 μὲν
400 823 457 902 ἀρα
474 822 563 902 ἔρξαν
579 820 653 884 κατὰ
664 820 740 900 ήθεα
756 826 944 901 κοιμηθῆναι,

266 928 384 1011 κλαγγή
401 927 426 990 δ’
442 926 574 992 άσπετας
590 923 666 1006 ἀορτο
686 933 767 991 συῶν
783 926 1015 1006 αὐλιζομενάων·

262 1030 353 1112 αὐτὰρ
369 1031 385 1092 δ
401 1031 446 1093 οίς
462 1028 615 1109 ἑτάροισιν
632 1028 771 1092 ἐκέκλετο
787 1033 849 1094 δῖος
863 1029 1011 1110 ὑφορβός·

261 1139 281 1167 “
292 1131 373 1213 ἄξεθ’
388 1135 448 1197 ὑῶν
463 1132 516 1196 τὸν
532 1132 665 1213 ἄριστον,
682 1132 731 1195 ἵνα
746 1129 835 1216 ξείνῳ
854 1132 979 1213 ίερεύσω

263 1237 431 1322 τηλεδαπῷ·
453 1242 528 1319 πρὸς
544 1234 569 1300 δ’
585 1235 668 1299 αὐτοὶ
684 1236 857 1316 ὀνησόμεθ’,
872 1237 903 1300 οἵ
916 1261 973 1317 περ
988 1235 1073 1312 ὀϊζὺν
1161 1259 1211 1311 415

263 1343 317 1422 δὴν
333 1342 443 1424 ἔχομεν
458 1341 628 1422 πάσχοντες
645 1341 706 1404 ὑῶν
722 1338 798 1404 ἕνεκ’
814 1341 1024 1423 ἀργιοδόντων·

264 1446 355 1509 ἀλλοι
371 1445 396 1508 δ’
410 1444 554 1525 ἡμέτερον
571 1443 702 1524 κάματον
716 1442 861 1521 νήποινον
875 1441 1024 1508 ἔδουσιν.”

301 1549 365 1615 Ὣς
380 1548 437 1629 ἀρα
453 1546 598 1629 φωνήσας
613 1546 706 1611 κέασε
722 1545 799 1626 ξύλα
817 1546 904 1624 νηλέϊ
917 1549 1036 1632 χαλκῷ,

265 1656 294 1716 οἱ
310 1650 335 1716 δ’
350 1653 385 1717 ὗν
402 1655 528 1734 εἰσῆγον
542 1650 625 1729 μάλα
643 1652 735 1716 πίονα
750 1650 961 1732 πενταέτηρον.

265 1757 317 1821 τὸν
334 1759 390 1835 μὲν
406 1755 497 1819 ἔπειτ’
514 1755 649 1832 ἔστησαν
665 1753 711 1820 ἔπ’
728 1754 852 1842 ἐσχάρῃ·
877 1755 944 1819 οὐδὲ
960 1754 1101 1835 συβώτης
1163 1779 1214 1830 420

265 1857 366 1938 λήθετ’
381 1857 426 1941 ἀρ’
442 1858 608 1928 ἀθανάτων·
633 1859 726 1939 φρεσὶ
742 1858 799 1940 γὰρ
817 1856 934 1939 κέχρητ’
951 1858 1112 1944 ἀγαθῇσιν·

266 1961 336 2027 ἀλλ’
352 1965 369 2027 ὅ
383 1960 411 2046 γ’
426 1962 636 2046 ἀπαρχόμενος
652 1966 788 2044 κεφαλῆς
803 1963 908 2044 τρίχας
925 1963 957 2026 έν
972 1963 1042 2044 πυρὶ
1057 1961 1178 2041 βάλλεν

267 2067 457 2152 ἀργιόδοντος
471 2068 533 2145 δός,
551 2067 600 2129 καὶ
616 2066 760 2148 ε’πεύχετο
776 2070 853 2130 πᾶσι
869 2071 968 2130 θεοῖσι

267 2172 413 2247 νοστῆσαι
427 2170 563 2246 Ὀδυσῆα
578 2170 755 2251 πολύφρονα
772 2170 840 2234 ὅνδε
856 2169 989 2250 δόμονδε.

268 2276 345 2356 κόψε
361 2271 386 2337 δ’
401 2274 610 2364 ἀνασχόμενος
625 2275 715 2358 σχίζῃ
731 2274 827 2354 δρυός,
842 2271 879 2351 ῆν
894 2274 966 2336 λίπε
983 2272 1080 2338 κείων·
1164 2299 1196 2348 42
1201 2298 1215 2346 5

268 2385 320 2443 τὸν
336 2375 361 2440 δ’
378 2379 464 2442 ἔλιπε
481 2377 577 2459 ψυχή.
609 2379 656 2440 τοὶ
672 2374 698 2440 δ’
714 2375 853 2456 ἔσφαξάν
868 2402 902 2440 τε
917 2374 966 2440 καὶ
983 2377 1085 2440 εὗσαν·

268 2483 348 2561 αῖψα
363 2480 396 2544 δέ
410 2507 462 2560 μιν
477 2482 622 2563 διέχευαν·
646 2481 663 2542 δ
678 2477 703 2542 δ’
719 2479 897 2559 ὠμοθετεῖτο
915 2481 1067 2559 συβώτης,

269 2584 389 2649 πάντων
405 2585 570 2669 ἀρχόμενος
584 2580 708 2660 μελέων,
726 2585 757 2650 ε’ς
772 2584 860 2647 πίονα
876 2585 978 2661 δημόν.

270 2686 318 2753 καὶ
336 2688 373 2751 τὰ
387 2689 443 2766 μὲν
460 2691 492 2752 έν
507 2685 576 2768 πυρὶ
591 2685 705 2766 βάλλε,
722 2687 858 2752 παλύνας
874 2688 1008 2769 ἀλφίτου
1023 2687 1110 2772 ἀκτῇ,

269 2792 440 2873 μίστυλλόν
456 2789 480 2854 τ’
495 2790 553 2871 ἄρα
567 2791 667 2854 τᾶλλα
684 2788 732 2854 καὶ
748 2789 822 2872 ἀμφ’
838 2792 1000 2870 ὀβελοῖσιν
1016 2790 1148 2872 έπειραν,
1164 2817 1218 2866 430

271 2894 415 2974 ὤπτησάν
431 2920 463 2958 τε
479 2894 687 2974 περιφραδέως
702 2895 851 2976 έρύσαυτό
865 2919 899 2958 τε
914 2894 1024 2970 πάντα,

270 2999 394 3079 βάλλον
411 2999 436 3062 δ’
452 2999 496 3061 είν
512 2999 647 3063 ἐλεοῖσιν
662 2998 785 3063 ἀολλέα·
808 2997 845 3062 δν
861 3000 894 3063 δὲ
910 2998 1051 3078 συβώτης

272 3104 378 3166 ἵστατο
393 3100 582 3187 δαιτρεύσων·
606 3104 675 3184 περὶ
690 3102 748 3186 γὰρ
765 3099 875 3182 φρεσὶν
889 3105 996 3178 αἴσιμα
1011 3098 1077 3186 ᾔδη.

273 3202 321 3270 καὶ
337 3207 374 3268 τά
388 3208 442 3286 μέν
458 3204 575 3288 έπταχα
591 3206 688 3270 πάντα
705 3209 874 3286 διεμοιρᾶτο
890 3203 1006 3282 δαΐζων·

272 3310 328 3389 τῆν
341 3312 396 3387 μὲν
411 3309 460 3373 ίαν
475 3308 611 3396 νύμφῃσι
627 3307 675 3374 καὶ
690 3308 796 3395 Ἑρμῆ,
812 3308 950 3375 Μαιάδος
965 3310 1034 3384 υἱεῖ,
1169 3335 1218 3386 435

273 3417 364 3493 θῆκεν
379 3409 590 3492 ἐπευξάμενος,
606 3416 660 3478 τάς
675 3412 701 3476 δ’
717 3412 816 3479 ἄλλας
832 3416 933 3493 νεῖμεν
948 3409 1076 3497 ἑκάστῳ·

164 3581 167 3587 s
274 3516 414 3580 νώτοισιν
429 3513 454 3579 δ’
467 3513 603 3594 Ὀδυσῆα
618 3516 808 3595 διηνεκέεσσι
823 3514 959 3598 γέραιρεν

274 3620 465 3702 ἀργιόδοντος
480 3621 541 3697 ὑός,
558 3621 676 3684 κύδαινε
691 3622 723 3684 δὲ
739 3619 832 3698 θυμὸν
847 3619 983 3686 ἀνακτος·

276 3724 326 3787 καί
338 3748 390 3803 μιν
405 3721 550 3804 φωνήσας
565 3725 707 3806 προσέφη
720 3724 889 3803 πολύμητις
903 3721 1078 3790 Ὀδυσσεύς·
