2788 4230
278 347 340 431 836
575 361 626 407 ιο.
649 347 882 408 ΟΔΎΣΣΕΙΑΣ
912 347 947 404 T.

276 517 341 581 εὖτε
357 515 409 580 τὸν
423 517 515 584 ύπνος
533 516 673 599 ἔμαρπτε,
689 516 770 581 λύων
784 513 975 596 μελεδήματα
989 517 1091 596 θυμοῦ,

275 619 450 700 λυσιμελής,
467 620 580 705 ἄλοχος
596 621 621 685 δ’
637 621 683 704 ἀρ’
699 619 840 704 ἐπέγρετο
855 621 944 684 κεδνά
959 620 1046 694 ἰδυῖα,

275 729 363 788 κλαῖε
378 724 403 788 δ’
419 721 465 806 ἀρ’
480 727 513 789 έν
531 726 684 805 λέκτροισι
702 721 880 804 καθεζομένη
895 728 1088 802 μαλακοῖσιν.

274 827 364 909 αὐτὰρ
380 825 445 893 ἐπεὶ
462 829 610 892 κλαίουσα
625 828 790 907 κορέσσατο
807 826 842 891 δν
857 826 932 890 κατὰ
948 828 1050 908 θυμόν,
1152 859 1158 876 ·

273 931 426 1013 Ἀρτέμιδι
442 933 610 1014 πρώτιστον
627 929 772 1010 ἐπεύξατο
789 936 838 994 δῖα
852 937 1009 1012 γυναικῶν·

273 1033 432 1117 “’Ἀρτεμι,
447 1037 543 1100 πότνα
558 1034 620 1110 θεά,
636 1035 763 1117 θύγατερ
780 1035 863 1112 Διός,
879 1035 945 1098 αίθε
960 1059 1011 1113 μοι
1026 1031 1082 1112 ήδη

276 1141 320 1202 ίὸν
336 1140 380 1203 ἐνὶ
397 1139 546 1218 στήθεσσι
561 1135 693 1219 βαλοῦσ’
708 1139 741 1200 ἐκ
757 1137 851 1216 θυμὸν
866 1137 949 1200 ἕλοιο

273 1243 379 1307 αὐτίκα
393 1248 455 1321 νῦν,
471 1240 490 1322 ἢ
506 1241 610 1308 ἔπειτά
624 1242 654 1321 μ’
670 1239 869 1324 ἀναρπάξασα
884 1240 999 1304 θύελλα

272 1347 387 1428 οίχοιτο
403 1347 600 1428 προφέρουσα
616 1345 679 1409 κατ’
692 1345 835 1428 ἠερόεντα
853 1343 986 1421 κέλευθα,

272 1450 304 1513 ἐν
319 1452 452 1535 προχοῇς
469 1451 501 1513 δέ
515 1449 611 1530 βάλοι
627 1450 781 1531 ἀψορρόου
795 1448 962 1512 Ὠκεανοῖο.

273 1552 311 1618 ῶς
327 1553 351 1616 δ’
367 1553 418 1617 ὅτε
434 1551 607 1633 Πανδαρέου
623 1553 729 1633 κούρας
744 1551 889 1616 ἀνέλοντο
905 1551 1040 1614 θύελλαι·

271 1658 342 1741 τῇσι
357 1657 465 1733 τοκῆας
480 1656 537 1736 μὲν
552 1659 670 1736 φθῖσαν
686 1656 759 1733 θεαί,
775 1657 807 1718 αἱ
822 1655 847 1716 δ’
863 1657 1006 1718 ἐλίποντο

271 1759 403 1840 ὀρφαναὶ
419 1760 451 1822 ἐν
465 1757 634 1842 μεγάροισι,
650 1758 778 1838 κόμισσε
794 1761 826 1822 δέ
841 1757 883 1822 δῖ’
900 1757 1063 1839 Ἀφροδίτη

270 1869 347 1947 τυρῷ
364 1859 411 1926 καὶ
426 1862 526 1944 μέλιτι
540 1865 675 1948 γλυκερῷ
695 1863 744 1927 καὶ
759 1861 825 1941 ήδέῖ
839 1861 919 1947 οίνιρ·

268 1965 349 2047 Ἥρη
367 1966 392 2030 δ’
409 1968 534 2052 αὐτῇσιν
548 1963 616 2047 περὶ
631 1965 751 2030 πασέων
767 1971 844 2031 δῶκε
857 1973 1006 2048 γυναικῶν

271 2070 350 2136 εἶδος
366 2067 414 2134 καὶ
430 2069 563 2149 πινυτήν,
578 2073 671 2151 μῆκος
688 2067 713 2134 δ’
729 2070 810 2152 ἔπορ’
822 2068 961 2150 Ἀρτεμις
977 2067 1063 2151 ἁγνή,

272 2175 343 2257 ἐργα
359 2175 384 2238 δ’
394 2172 539 2254 Ἀθηναίη
556 2173 643 2238 δέδαε
659 2173 751 2237 κλυτὰ
767 2173 955 2257 ἐργάζεσθαι.

271 2278 329 2342 εὖτ’
340 2278 503 2360 Ἀφροδίτη
520 2283 568 2342 δῖα
583 2275 768 2360 προσέστιχε
784 2283 897 2359 μακρὸν
910 2274 1079 2356 Ὄλυμπον,

271 2381 376 2469 κούρῃς
392 2381 561 2460 αἰτήσουσα
575 2379 662 2447 τέλος
677 2384 818 2462 θαλεροῖο
835 2380 953 2464 γάμοιο,

270 2487 302 2552 ἐς
318 2487 379 2549 Δία
393 2485 682 2566 τερπικέραυνον-ό
698 2485 755 2568 γάρ
770 2485 795 2549 τ’
811 2485 843 2549 εὖ
858 2485 939 2548 οῖδεν
953 2483 1079 2559 ἅπαντα,
1183 2507 1198 2526 ¹·

269 2588 377 2670 μοῖράν
391 2586 417 2648 τ’
433 2588 579 2667 ἀμμορίην
593 2613 626 2652 τε
643 2591 833 2666 καταθνητῶν
847 2589 1055 2670 ἀνθρώπων-

270 2693 368 2773 τόφρα
387 2692 419 2754 δέ
434 2689 487 2757 τὰς
505 2691 611 2772 κούρας
627 2691 748 2774 ἅρπυιαι
764 2692 967 2774 ἀνηρείψαντο

271 2797 320 2859 καί
331 2793 362 2877 ῥ’
379 2794 489 2858 ἐδοσαν
503 2797 686 2881 στυγερῇσιν
702 2796 834 2878 ἐρινύσιν
849 2795 1080 2877 ἀμφιπολεύειν·

270 2900 309 2966 ῶς
326 2898 371 2977 ἔμ’
386 2899 570 2964 ἀϊστώσειαν
584 2896 737 2980 Ὀλύμπια
752 2899 861 2978 δώματ’
879 2901 1008 2984 ἔχοντες,
1052 2949 1055 2954 ·

268 3001 305 3079 ήέ
317 2999 347 3078 μ’
363 3003 550 3082 ἐῦπλόκαμος
563 3002 660 3083 βόλοι
671 3002 820 3083 Ἀρτεμις,
836 3004 906 3084 ὄφρ’
920 3001 1056 3084 Ὀδυσῆα
1179 3019 1214 3067 80

269 3105 422 3184 ὀσσομένη
439 3107 487 3169 καὶ
502 3111 593 3188 γαῖαν
606 3107 665 3170 ύπο
681 3105 828 3188 στυγερὴν
842 3108 1013 3189 ἀφικοίμην,

268 3207 343 3289 μηδέ
358 3234 386 3272 τι
401 3210 536 3292 χείρονος
552 3211 658 3290 ἀνδρὸς
674 3212 862 3292 ἐΰφραίνοιμι
877 3213 982 3290 νόημα.

269 3311 350 3376 ἀλλὰ
366 3311 400 3375 τὸ
415 3314 470 3392 μὲν
487 3309 534 3376 καὶ
550 3312 674 3377 ἀνεκτὸν
689 3314 753 3397 ἔχει
770 3315 868 3393 κακόν,
884 3315 999 3379 ὁππότε
1015 3314 1067 3381 κέν
1081 3339 1126 3382 τις

267 3410 366 3492 ήματα
380 3413 435 3491 μὲν
451 3413 548 3497 κλαίῃ,
565 3421 695 3479 πυκινῶς
710 3413 898 3497 ἀκαχήμενος
913 3413 996 3496 ήτορ,

268 3515 374 3582 νύκτας
390 3513 415 3578 δ’
431 3517 523 3582 ύπνος
540 3516 710 3601 ἔχῃσιν-ό
724 3517 782 3600 γάρ
797 3518 822 3580 τ’
835 3517 986 3596 ἐπέλησεν
1001 3517 1150 3596 ἀπάντων,
1178 3536 1210 3597 85

268 3622 389 3685 ἐσθλῶν
403 3618 457 3697 ήδέ
473 3626 578 3699 κακῶν,
596 3622 661 3686 ἐπεὶ
676 3620 713 3702 ἀρ
727 3622 862 3703 βλέφαρ’
877 3622 1125 3710 ἀμφικαλύψῃ-

269 3724 359 3803 αύτάρ
375 3719 440 3803 ἐμοὶ
457 3724 505 3785 καὶ
519 3724 646 3805 ὀνείρατ’
662 3723 828 3790 ἐπέσσευεν
844 3723 919 3790 κακὰ
934 3727 1057 3806 δαίμων.
