2738 4226
457 311 507 356 10.
532 297 702 356 ΙΛΙΑΔΟΣ
726 297 762 359 Κ.
1027 314 1085 376 199

142 456 227 543 ἤλυθ’
241 463 330 546 ἔχων·
354 465 391 527 τδ
405 464 461 543 μέυ
476 463 511 526 οὔ
527 489 555 528 τι
573 468 805 543 καταθνητοῖσιν
820 465 926 530 ἔοικενΙ
1037 495 1085 544 440

143 567 303 645 ἄνδρεσσιν
318 571 450 647 φορέειν,
467 566 536 629 ἀλλ’
556 565 736 631 ἀθανάτοισι
751 570 876 632 θεοῖσιν.
926 589 927 594 ’

143 666 211 732 ἀλλ’
227 671 280 748 ἐμὲ
293 671 350 749 μέν
365 674 417 733 νῦν
435 669 524 748 νηυσὶ
540 667 734 733 πελάσσετον
752 669 962 752 ὠκυπόροισιν,

141 771 174 849 ἠέ
187 797 226 850 με
241 769 389 850 δήσαντες
404 768 504 836 λίπετ’
520 771 625 835 αθτόθι
640 771 727 850 νηλέϊ
742 773 854 856 δεσμῷ,

142 876 220 954 ὄφρα
236 898 287 938 κεν
302 875 432 952 ἔλθητον
447 874 497 938 καὶ
513 877 692 953 πειρηθῆτον
710 875 800 954 ἐμεῖο,

141 976 173 1054 ἠὲ
189 973 253 1041 κατ’
270 976 363 1040 αἶσαν
378 975 481 1039 ἔειπον
496 977 529 1038 ἐν
544 977 622 1054 ὑμῖν,
639 975 675 1056 ῆε
690 977 740 1042 καὶ
756 977 831 1041 οθκί.
1036 1008 1084 1056 445

180 1079 243 1142 Τδν
258 1077 285 1142 δ’
301 1075 346 1160 ἄρ’
362 1079 477 1160 ὑπόδρα
494 1080 565 1142 ἰδὼν
581 1078 722 1161 προσέφη
740 1080 882 1162 κροτερδς
898 1080 1060 1161 Διομήδης·

141 1183 208 1262 “μῆ
224 1181 260 1262 δῆ
275 1207 327 1261 μοι
343 1179 435 1262 φύξιν
450 1207 495 1262 γε,
514 1181 633 1261 Δόλων,
649 1181 808 1262 ἐμβάλλεο
823 1187 915 1268 θυμῷ,

141 1284 237 1348 ἐσθλά
253 1310 309 1364 περ
324 1285 479 1366 ἀγγείλας,
497 1283 563 1349 ἐπεὶ
578 1287 642 1348 ἵκεο
656 1290 762 1368 χεῖρας
777 1288 808 1352 ἐς
823 1286 909 1366 ἀμάς.

142 1391 167 1450 εἰ
180 1390 235 1467 μὲν
249 1387 308 1470 γάρ
324 1385 357 1450 κέ
373 1413 410 1452 σε
425 1391 478 1451 νῦν
493 1386 688 1468 ἀπολύσομεν
703 1388 738 1468 ἠὲ
753 1393 899 1469 μεθῶμεν,

141 1489 159 1567 ἧ
173 1515 205 1554 τε
221 1491 271 1554 καὶ
286 1491 413 1572 ὕστερον
430 1489 519 1557 εἶσθα
535 1492 607 1556 θοὰς
622 1490 673 1554 ἐπὶ
689 1492 760 1570 νῆας
780 1488 922 1576 Ἀχαιῶν,
1036 1523 1086 1570 450

140 1594 173 1671 ἠὲ
188 1593 375 1658 διοπτεύσων
390 1589 408 1671 ῆ
425 1592 599 1673 ἐναντίβιον
614 1591 797 1672 πολεμίξων·

142 1698 167 1760 εί
182 1697 215 1760 δέ
230 1693 256 1759 κ’
273 1697 346 1780 ἐμῆς
361 1695 419 1760 ὑπὸ
435 1696 524 1778 χερσὶ
539 1695 642 1775 δαμεὶς
657 1696 717 1760 ἀπὸ
733 1697 826 1776 θυμδν
841 1696 984 1785 ὀλέσσῃς,

141 1798 233 1864 οὐκέτ’
250 1800 354 1865 ἔπειτα
371 1799 409 1862 οδ
425 1797 508 1879 πῆμά
523 1796 588 1862 ποτ’
606 1799 715 1864 ἔσσεαι
730 1797 945 1883 Ἀργείοισιν.”

178 1901 232 1978 Ἦ,
250 1904 299 1966 καὶ
316 1904 331 1966 ὁ
346 1901 402 1981 μέν
416 1928 468 1981 μιν
485 1902 597 1982 ἔμελλε
610 1903 728 1985 γενείου
745 1904 826 1987 χειρὶ
843 1905 954 1991 παχείῃ

141 2005 295 2087 ἁψάμενος
310 2005 488 2077 λίσσεσθαι,
506 2007 523 2068 ό
538 2003 565 2069 δ’
581 2003 694 2090 αὐχένα
709 2004 829 2085 μέσσον
844 2006 961 2072 ἔλασσε
1039 2037 1086 2085 455

141 2108 289 2193 φασγάνῳ
306 2106 400 2186 ἀίξας,
415 2106 474 2172 ἀπδ
490 2105 517 2171 δ’
532 2105 624 2188 ἄμφω
641 2106 730 2189 κέρσε
745 2107 876 2172 τένοντε·

141 2210 349 2295 φθεγγομένου
365 2209 389 2274 δ’
406 2209 465 2291 ἄρα
479 2216 533 2274 τοῦ
546 2236 583 2292 γε
599 2207 672 2291 κάρη
683 2210 828 2297 ,κονίῃσιν
844 2211 963 2292 ἐμίχθη.

141 2314 232 2381 τοῦδ’
249 2314 310 2379 ἀπδ
324 2318 380 2393 μὲν
396 2312 515 2393 κτιδέην
531 2312 638 2392 κυυέην
653 2317 829 2394 κεφαλῆφιν
846 2314 951 2377 έλουτο

142 2421 189 2484 καὶ
203 2417 315 2497 λυκέην
331 2418 380 2482 καὶ
396 2414 469 2494 τόξα
485 2415 652 2481 παλίντονα
668 2417 717 2482 καὶ
733 2417 804 2498 δόρυ
818 2417 942 2501 μακρόν·

142 2523 189 2586 καὶ
203 2521 240 2584 τά
255 2519 284 2604 γ’
299 2521 447 2605 Ἀθηναίῃ
463 2518 575 2598 ληίτιδι
591 2523 655 2584 δῖος
672 2517 840 2586 Ὀδυσσεὺς
1036 2533 1087 2598 460

142 2623 234 2708 δφόσ’
249 2623 400 2707 ἀνέσχεθε
413 2625 494 2706 χειρὶ
510 2624 558 2686 καὶ
574 2624 736 2706 εἰχόμενος
752 2624 824 2689 ἔπος
838 2624 923 2701 ηὔδα·

142 2737 160 2766 “
170 2734 268 2812 χοῖρε,
286 2725 351 2803 θεά,
367 2731 537 2790 τοῖσδεσσι·
561 2726 597 2788 σέ
611 2727 669 2808 γὰρ
684 2725 804 2806 πρότην
819 2729 852 2790 ἐν
866 2725 1011 2810 Ὀλύμπῳ
1039 2730 1041 2734 ’

140 2833 260 2898 πάντων
276 2829 433 2910 ἀθανάτων
449 2828 657 2908 ἐπιδωσόμεθ’·
682 2827 765 2892 ἀλλὰ
781 2829 830 2892 καὶ
847 2828 929 2894 αὖτις

140 2935 263 3016 πέμψον
282 2934 332 2998 ἐπὶ
348 2936 478 3018 Θρῃκῶν
492 2933 608 3013 ἀνδρῶν
623 2934 733 2997 ἵππους
747 2957 781 2994 τε
796 2930 846 2994 καί
861 2930 974 2997 εὖνάς.”

175 3035 238 3102 Ὣς
253 3034 300 3117 ἄρ’
317 3036 485 3116 ἐφώνησεν,
502 3035 551 3099 καὶ
567 3032 627 3113 ἀπδ
643 3033 712 3098 ἔθευ
726 3029 821 3114 ὑφόσ’
838 3033 941 3114 ἀείρας
1036 3049 1087 3112 4⁶5

139 3144 230 3220 θῆκεν
245 3141 304 3203 ἀνδ
317 3141 453 3219 μυρίκην·
477 3137 583 3202 δέελον
597 3134 624 3200 δ’
640 3137 690 3200 ἐπὶ
706 3135 789 3217 σῆμά
804 3132 829 3199 τ’
845 3138 941 3216 ἔθηκε,

140 3242 323 3324 συμμάρψας
338 3243 467 3308 δόνακας
480 3242 603 3322 μυρίκης
619 3237 644 3303 τ’
660 3237 821 3320 ἐριθηλέας
836 3240 930 3316 ὄζους,

138 3347 179 3425 μῆ
193 3346 284 3409 λάθοι
300 3345 383 3410 αὖτις
400 3346 480 3410 ἰόντε
495 3345 569 3424 θοὴν
584 3347 634 3408 διδ
649 3343 740 3408 νόκτα
754 3341 911 3422 μέλαιναν,

138 3452 179 3514 τὼ
196 3453 228 3514 δέ
243 3450 344 3531 βάτην
358 3450 491 3532 προτέρω
508 3449 557 3513 διά
572 3450 597 3512 τ’
615 3450 701 3514 ἔντεα
717 3449 765 3512 καὶ
781 3447 880 3529 μέλον
895 3451 977 3530 οἶμα,

139 3553 220 3634 αἶψα
236 3553 261 3617 δ’
278 3553 329 3617 ἐπὶ
345 3555 475 3638 Θρῃκῶν
491 3553 605 3633 ἀνδρῶν
620 3550 709 3616 τέλος
723 3549 791 3628 ἷξον
807 3552 911 3619 ἐόντες.
961 3607 963 3614 ,
1036 3577 1087 3628 470

138 3658 168 3720 οἱ
185 3657 210 3720 δ’
229 3658 315 3722 εὗδον
333 3655 454 3742 καμάτῳ
471 3657 622 3734 ἀδηκότες,
640 3655 727 3721 ἔντεα
742 3654 775 3720 δέ
791 3663 868 3738 σφιν
