2834 4234
480 340 529 410 15.
560 333 793 394 ΟΔΎΣΣΕΙΑΣ
824 335 862 395 Ο.
1093 343 1152 412 751

207 502 312 565 εἰπεῖν·
336 500 355 579 ή
369 499 426 582 γὰρ
443 502 510 580 ἐμοί
524 527 560 583 γε
576 501 673 582 πατὴρ
688 502 727 569 ὣς
743 500 830 580 ήπιος
846 501 907 581 ήεν,

206 604 260 682 ἧος
276 605 320 669 ἐνὶ
335 606 428 691 Τροίῃ
444 605 645 684 πολεμίζομεν
659 606 722 670 υἷες
736 603 900 688 Ἀχαιῶν.”

250 708 313 771 Τὸν
328 704 352 771 δ’
368 707 404 770 αὖ
419 705 603 790 Τηλέμαχος
617 707 805 786 πεπνυμένος
821 708 924 772 ἀντίον
938 708 1020 786 ηύδα·

208 817 224 846 “
236 811 284 874 καὶ
298 814 368 888 λίην
385 813 470 896 κείνῳ
486 837 532 893 γε,
549 809 716 892 διοτρεφές,
732 811 771 878 ὡς
789 811 950 893 ἀγορεύεις,

207 914 304 978 πάντα
319 913 383 978 τάδ’
399 916 540 980 ἐλθόντες
556 913 769 992 καταλέξομεν·
793 914 823 979 αἲ
839 917 898 996 γάρ
913 916 991 997 ἐγὼν
1007 915 1047 981 ὣς

207 1016 359 1096 νοστήσας
374 1017 537 1097 Ἰθάκηνδε,
553 1018 647 1101 κιχὼν
662 1015 787 1096 Ὀδυσῆ’
803 1019 847 1081 ἑνὶ
863 1021 946 1102 οἴκῳ,

207 1119 316 1199 εἴποιμ’
332 1121 371 1188 ὣς
387 1122 468 1200 παρὰ
483 1127 551 1185 σεῖο
567 1122 666 1203 τυχὼν
682 1122 847 1201 φιλότητος
863 1121 983 1198 ἀπάσης

207 1224 341 1307 ἔρχομαι,
359 1223 449 1304 αὐτὰρ
468 1223 532 1306 ἀγω
550 1223 690 1303 κειμήλια
705 1227 809 1286 πολλὰ
824 1225 873 1287 καὶ
889 1222 1017 1288 ἔσθλά.”

243 1326 306 1394 Ὣς
322 1327 379 1409 ἄρα
394 1330 423 1391 οἱ
440 1329 556 1392 εἰπόντι
572 1327 722 1391 ἐπέπτατο
738 1325 834 1405 δεξιὸς
851 1329 940 1407 ὅρνις,
1108 1341 1155 1390 160

206 1434 305 1498 αίετδς
320 1432 415 1514 ἀργήν
429 1434 509 1514 χῆνα
525 1430 625 1511 φέρων
641 1431 787 1513 ὀνύχεσσι
803 1430 949 1512 πέλωρον,

205 1535 316 1617 ἥμερον
332 1534 368 1614 ἐξ
380 1534 482 1613 αύλῆς·
503 1537 533 1598 οἱ
548 1532 573 1598 δ’
590 1535 718 1611 ίύζοντες
733 1535 841 1600 έποντο

206 1640 308 1720 ἀνέρες
324 1639 375 1718 ήδὲ
393 1643 541 1719 γυναῖκες·
565 1641 581 1702 ὁ
597 1637 630 1702 δέ
649 1645 760 1719 σφισιν
776 1638 901 1721 ἐγγύθεν
917 1639 1014 1702 ἐλθὼν

206 1741 304 1822 δεξιὸς
318 1742 384 1823 ἤϊξε
401 1743 506 1825 πρόσθ’
524 1746 635 1810 ἵππων·
659 1746 688 1808 οἱ
704 1745 737 1807 δὲ
752 1745 866 1809 ἰδόντες

205 1844 351 1928 γήθησαν,
370 1845 418 1911 καὶ
435 1852 529 1912 πᾶσιν
544 1849 589 1911 ἐνὶ
605 1849 697 1928 φρεσὶ
713 1849 802 1923 θυμὸς
819 1845 913 1925 ἰάνθη.
1110 1859 1155 1923 ¹⁶5

204 1957 286 2014 τοῖσι
301 1954 334 2014 δὲ
350 1951 538 2036 Νεστορίδης
554 1952 776 2030 Πεισίστρατος
790 1949 900 2032 ἤρχετο
916 1949 1026 2026 μύθων·

206 2061 224 2090 “
235 2052 348 2134 φράζεο
364 2052 409 2131 δή,
426 2053 567 2116 Μενέλαε
585 2051 751 2133 διοτρεφές,
767 2054 881 2134 ὄρχαμε
896 2058 987 2130 λαῶν,

204 2155 223 2237 ή
240 2163 310 2222 νῶίν
325 2158 387 2220 τόδ’
404 2157 497 2237 ἔφηνε
513 2156 580 2222 θεὸς
595 2155 680 2237 τέρας
698 2155 733 2234 ἦε
749 2157 800 2219 σοὶ
816 2152 924 2240 αάτῷ.”

243 2259 306 2327 Ὣς
323 2260 412 2341 φάτο,
427 2259 588 2341 μερμήριξε
603 2260 628 2323 δ’
644 2257 807 2340 ἀρηΐφιλος
824 2259 994 2336 Μενέλαος,

206 2366 310 2430 ὅππως
326 2367 355 2428 οἱ
373 2367 448 2427 κατὰ
459 2368 567 2444 μοῖραν
581 2364 773 2444 ὑποκρίναιτο
789 2361 911 2441 νοήσας.
1108 2387 1155 2436 170

206 2474 258 2531 τδν
273 2465 298 2530 δ’
312 2466 424 2547 Ἑλένη
441 2467 632 2533 τανύπεπλος
646 2466 843 2547 ὑποφθαμένη
861 2466 941 2547 φάτο
956 2470 1059 2544 μῦθον·

204 2578 221 2604 “
232 2572 321 2636 κλῦτέ
335 2589 398 2650 μευ·
422 2571 514 2652 αὐτὰρ
529 2572 587 2652 ἐγὼ
603 2553 816 2651 μαντεύσομαι,
833 2569 872 2634 ὡς
888 2567 932 2632 εὐὶ
948 2569 1029 2654 θυμῷ

206 2675 348 2738 ἀθάνατοι
366 2674 524 2753 βάλλουσι
541 2671 589 2737 καὶ
605 2674 644 2741 ὣς
660 2675 820 2738 τελέεσθαι
836 2671 899 2735 ἀίω.

207 2778 245 2844 ὣς
261 2780 312 2841 ὅδε
327 2777 395 2860 χῆν’
410 2775 520 2859 ἥρπαξ’
536 2777 776 2856 ἀτιταλλομένην
792 2778 837 2840 ἑνὶ
854 2777 926 2858 οἴκῳ

205 2883 302 2946 ἐλθὼν
317 2880 353 2960 ἐξ
368 2883 463 2963 ὄρεος,
480 2882 528 2945 ὅθι
544 2883 573 2944 αἱ
589 2879 678 2960 γενεή
693 2905 726 2944 τε
742 2883 828 2946 τόκος
843 2905 885 2956 τε,
1107 2902 1153 2955 175

206 2985 244 3050 ὣς
258 2984 402 3052 Ὀδυσεὺς
419 2987 495 3048 κακδ
510 2987 614 3048 πολλδ
632 2985 736 3048 παθὼν
752 2985 801 3047 καὶ
817 2983 909 3046 πόλλ’
926 2982 1090 3059 ἐπαληθεὶς

205 3089 305 3152 οἴκαδε
320 3087 463 3168 νοστήσει
479 3085 527 3151 καὶ
542 3088 665 3151 τίσεται·
688 3087 723 3166 ήὲ
739 3085 786 3150 καὶ
801 3085 857 3164 ἤδη

205 3192 290 3265 οίκοι,
307 3191 381 3273 ἀτὰρ
395 3193 566 3274 μνηστῆρσι
583 3189 673 3255 κακὸν
688 3188 838 3254 πάντεσσι
855 3187 1006 3269 φυτεύει.”

247 3297 312 3375 Τὴν
327 3296 351 3360 δ’
368 3296 405 3360 αὖ
420 3295 600 3377 Τηλέμαχος
615 3295 801 3373 πεπνυμένος
818 3295 920 3358 ἀντίον
935 3292 1018 3372 ηύδα·

204 3405 220 3434 “
233 3401 308 3464 οὕτω
325 3406 377 3464 νῦν
392 3401 467 3466 Ζεὺς
484 3401 557 3476 θείη,
574 3399 747 3480 ἐρίγδουπος
763 3399 855 3463 πόσις
870 3395 978 3478 Ἥρης·
1105 3411 1153 3458 180

204 3505 246 3587 τῷ
262 3502 312 3567 κέν
327 3528 374 3567 τοι
390 3502 438 3566 καὶ
454 3508 529 3568 κεῖθι
546 3503 605 3587 θεῷ
620 3502 659 3569 ὣς
675 3498 897 3586 εύχετοῴμην.”

244 3605 289 3668 Ἦ
306 3604 353 3670 καὶ
370 3606 419 3688 ἐφ’
435 3609 553 3670 ἵπποιϊν
566 3604 678 3686 μάστιν
693 3603 801 3684 βάλεν·
827 3607 854 3669 οἱ
871 3608 904 3668 δὲ
917 3604 988 3686 μάλ’
1004 3602 1066 3668 ἀκα

204 3708 292 3797 ήϊξαν
307 3711 444 3774 πεδίονδε
459 3710 509 3774 διὰ
525 3711 651 3775 πτόλιος
665 3714 826 3790 μεμαῶτες.
