2874 4234
537 350 565 414 6.
588 351 821 414 ΟΔΎΣΣΕΙΑΣ
853 349 888 410 Ζ.
1119 347 1180 425 607

234 521 294 603 πάρ
310 519 335 587 δ’
351 519 396 603 ἀρ’
410 519 560 600 ὈδυσσῆιΙ
576 522 687 586 ἔθεσαν
701 522 821 602 βρῶσίν
836 546 868 584 τε
885 521 978 586 πόσιν
996 543 1037 586 τε.

234 625 253 705 ή
269 650 314 689 τοι
330 628 346 688 ὁ
363 630 431 689 πῖνε
442 622 495 692 ,καὶ
511 625 587 704 ήσθε
602 626 757 692 πολύτλας
772 629 835 690 δῖος
851 621 1018 692 Ὀδυσσεὺς

234 731 400 812 ἁρπαλέως·
424 735 513 811 δηρδυ
528 728 585 811 γὰρ
601 729 719 807 ἐδητύος
735 727 787 808 ἦεν
801 728 946 794 ἄπαστος.
1079 771 1081 776 -
1132 755 1182 804 ²50

280 833 378 914 Αὐτὰρ
395 832 555 898 Ναυσικάα
570 833 759 898 λευκώλενος
774 829 845 895 ἀλλ’
862 834 998 910 ἐνόησεν·

234 935 330 1017 εἵματ’
345 935 401 1017 όρο
417 936 555 1014 πτύξασα
570 937 646 1000 τίθει
662 940 756 1014 καλῆς
772 933 818 998 ἔπ’
833 933 958 1014 ἀπήνης,

235 1037 336 1118 ζεῦξεν
351 1037 376 1104 δ’
391 1040 532 1118 ἡμιόνους
547 1040 782 1122 κρατερώνυχας,
798 1038 835 1102 ἂν
850 1036 875 1102 δ’
891 1040 948 1118 ἔβη
964 1037 1048 1124 αὐτή.

235 1144 363 1225 ὤτρυνεν
379 1142 405 1207 δ’
420 1142 567 1220 Ὀδυσῆα,
585 1145 657 1209 ἔπος
672 1141 697 1206 τ’
713 1141 800 1223 ἔφατ’
817 1147 849 1208 ἔκ
865 1140 890 1206 τ’
905 1128 1060 1220 ὀνόμαζεν·
1157 1201 1158 1210 ,

277 1247 420 1327 “Ὀρσεο
436 1248 471 1326 δή
488 1252 551 1323 νῦν,
568 1247 656 1325 ξεῖνε,
673 1243 791 1312 πόλινδ’
807 1249 882 1328 ίμεν,
898 1247 979 1327 όφρα
994 1271 1031 1310 σε
1048 1245 1158 1326 πέμφω

234 1350 346 1432 πατρὸς
362 1352 433 1429 ἐμοῦ
447 1349 521 1430 πρδῖ·
536 1355 620 1430 δῶμα
634 1349 808 1431 δαΐφρονος,
825 1339 896 1416 ἔνθα
913 1351 950 1415 σέ
964 1358 1043 1431 φημι
1132 1363 1179 1424 ²5⁶

233 1453 353 1516 πόντων
369 1451 513 1532 Φαιήκων
532 1452 691 1532 εἰδησέμεν
709 1453 800 1516 ὅσσοι
814 1452 945 1532 ἄριστοι.

234 1558 316 1620 ἀλλὰ
329 1554 402 1635 μόλ’
418 1555 468 1622 ὧδ’
484 1556 590 1638 ἔρδειν·
615 1554 729 1622 δοκέεις
744 1555 778 1619 δέ
793 1581 843 1636 μοι
859 1555 912 1621 οὐκ
929 1555 1118 1621 ἀπινύσσειν·

234 1657 302 1740 ὄφρ’
317 1659 354 1723 ἀν
369 1659 423 1740 μέν
442 1658 467 1723 κ’
483 1659 590 1742 ἀγροὺς
605 1660 690 1737 ίομεν
707 1659 754 1724 καί
771 1658 832 1741 ἔργ’
848 1661 1022 1740 ἀνθρώπων,

232 1764 333 1844 τόφρα
345 1763 401 1827 σὺν
418 1765 624 1844 ἀμφιπόλοισι
638 1761 704 1844 μεθ’
719 1762 859 1842 ἡμιόνους
874 1760 922 1828 καὶ
938 1762 1055 1842 ἄμαξαν
1131 1777 1180 1826 260

233 1867 426 1945 καρπαλίμως
442 1867 596 1949 ἔρχεσθαι·
626 1867 686 1947 ἒγῶ
702 1864 726 1928 δ’
742 1867 812 1931 ὁδὸν
826 1866 1031 1948 ἡγεμονεύσω.

232 1969 324 2052 αὐτὰρ
340 1970 416 2048 ἐπὴν
434 1971 542 2036 πόλιας
558 1968 726 2049 ἐπιβήομεν
741 1967 778 2047 ἣν
793 1969 862 2050 πέρι
879 1971 990 2052 πύργος

188 2073 191 2079 ’
231 2074 362 2154 ὑψηλός,
379 2079 471 2139 καλὸς
486 2075 519 2136 δὲ
534 2073 627 2152 λιμὴν
642 2073 781 2152 ἑκάτερθε
796 2073 919 2151 πόληος,

231 2177 330 2256 λεπτὴ
347 2175 372 2240 δ’
388 2177 519 2256 εἰσίθμη·
550 2180 618 2254 νῆες
633 2173 657 2240 δ’
673 2176 744 2242 δδὸν
759 2175 964 2258 ἀμφιέλισσαι

189 2349 193 2358 ‚
233 2281 374 2362 εἰρύαται·
406 2285 501 2344 πᾶσιν
516 2278 573 2361 γὰρ
590 2281 727 2344 ἐπίστιόν
742 2282 827 2344 ἔστιν
843 2280 971 2366 ἔκόστιρ.
1134 2296 1178 2358 ²⁶5

200 2405 204 2412 ‘
232 2385 305 2458 ἔνθα
320 2384 353 2447 δέ
367 2382 400 2447 τέ
414 2381 470 2464 σφ’
485 2383 590 2467 ἀγορή,
607 2389 701 2448 καλὸν
716 2383 885 2462 Ποσιδήϊον
902 2386 1004 2467 ἀμφίς,

231 2489 365 2568 ῥυτοῖσιν
377 2487 492 2551 λόεσσι
508 2485 727 2569 κατωρυχέεσσ’
743 2489 877 2570 ἀραρυῖα.

232 2592 304 2655 ἔνθα
320 2592 350 2656 δὲ
367 2597 447 2669 νηῶν
463 2591 545 2654 ὅπλα
559 2589 732 2669 μελαιυόων
747 2591 905 2675 ἀλέγουσι,

232 2697 384 2775 πείσματα
401 2695 449 2768 καὶ
465 2698 587 2776 σπεῖρα,
603 2696 652 2758 καὶ
668 2694 870 2772 ἀποξύνουσιν
887 2695 1002 2777 ἐρετμά.

232 2798 266 2860 ού
281 2802 338 2879 γὰρ
354 2797 526 2877 Φαιήκεσσι
540 2796 627 2877 μέλει
642 2804 711 2870 βιὸς
726 2800 792 2864 οὐδὲ
808 2800 952 2881 φαρέτρη,
1132 2825 1179 2876 270

232 2899 302 2964 ἀλλ’
318 2904 397 2966 ίστοὶ
418 2899 466 2965 καὶ
482 2904 590 2982 έρετμὰ
604 2909 680 2966 νεῶν
697 2900 745 2966 καί
761 2905 827 2979 νῆες
844 2899 935 2981 ἔῗσαι,

231 3001 303 3089 ᾗσιν
318 3007 522 3088 ἀγαλλόμενοι
539 3006 649 3085 πολιὴν
665 3007 798 3088 περόωσι
813 3007 985 3086 θάλασσαν,

232 3114 291 3171 τῶν
307 3109 433 3173 ἀλεείνω
449 3113 545 3191 φῆμιν
560 3109 693 3188 ἀδευκέα,
709 3109 750 3189 μή
767 3136 811 3178 τις
829 3112 951 3176 όπίσσω

230 3212 360 3298 μωμεύῃ·
390 3214 474 3293 μόλα
489 3211 515 3277 δ’
530 3210 609 3279 εἰσὶν
623 3216 807 3294 ὑπερφίαλοι
823 3219 897 3279 κατὰ
912 3219 1014 3295 δῆμον·

232 3315 283 3377 καί
295 3316 330 3377 νύ
345 3341 389 3382 τις
406 3315 455 3380 ὧδ’
471 3320 573 3402 εἴπῃσι
593 3319 758 3399 κακώτερος
773 3319 989 3398 ἀντιβολήσας·
1129 3350 1176 3399 255
1199 3337 1203 3343 ’

232 3423 253 3453 “
262 3421 308 3485 τίς
324 3417 349 3482 δ’
365 3421 413 3486 όδε
432 3421 592 3506 Ναυσικόη
607 3422 711 3486 ἕπεται
724 3424 815 3488 καλός
831 3447 864 3488 τε
877 3423 971 3504 μέγας
987 3451 1019 3490 τε

231 3520 354 3602 ξεῖνος,·
377 3529 436 3586 ποῦ
452 3525 484 3587 δέ
496 3549 549 3604 μιν
568 3525 632 3605 εὗρε
640 3550 651 3598 ,·
676 3527 766 3590 πόσις
782 3525 816 3589 νύ
832 3528 860 3589 οἱ
876 3527 1000 3592 ἔσσεται
1015 3528 1097 3616 αὐτῇ.

232 3625 333 3706 ήτινό
348 3651 406 3692 που
421 3630 616 3713 πλαγχθέντα
631 3630 800 3710 κομίσσατο
815 3629 851 3709 ἦς
866 3631 926 3696 ἀπὸ
942 3638 1011 3711 νηὸς

231 3731 348 3812 ἀνδρῶν
363 3735 548 3811 τηλεδαπῶν,
564 3735 628 3797 ἐπεὶ
644 3733 679 3797 οὔ
694 3757 772 3800 τινες
789 3733 914 3817 ἐγγύθεν
929 3737 993 3802 εἰσί
1010 3755 1017 3771 ·
