2908 4232
576 367 627 427 24.
652 351 821 413 ΙΛΙΑΔΟΣ
845 353 886 414 Ω.
1133 374 1194 440 497
1312 343 1314 350 ’

251 522 286 607 τῇ
301 519 326 602 ῥ’
345 519 489 604 Ἀχιλεὺς
504 522 605 598 ἵζεσκε
620 522 764 602 διίφιλος.
803 521 836 585 ἐν
851 519 884 584 δέ
898 545 951 600 μιν
965 517 1055 586 αὐτὸν

252 620 320 705 εὗρ’,
337 623 437 704 ἕταροι
453 621 479 688 δ’
495 622 645 688 ἀπάνευθε
662 623 800 702 καθήατο·
824 624 864 708 τῷ
882 625 915 687 δὲ
929 623 971 686 δύ’
989 626 1051 700 οἵω,

251 727 329 808 ήρως
345 725 523 806 Αὐτομέδων
537 752 570 791 τε
590 729 639 791 καὶ
653 726 809 807 Ἀλκιμος,
827 728 893 804 ὄζος
906 726 1025 809 Ἀρηος,

252 830 398 895 ποίπνυον
413 831 568 912 παρεόντε·
591 829 661 896 νέαν
676 830 701 895 δ’
722 830 875 912 ἀπέληγεν
892 831 1002 909 ἐδωδῆς
1048 889 1050 896 .
1147 852 1196 906 475

252 934 351 999 ἔσθων
366 931 415 996 καὶ
432 935 536 999 πίνων·
561 935 607 998 ἔτι
622 933 672 998 καὶ
687 933 846 1014 παρέκειτο
861 933 1002 1016 τράπεζα.

252 1037 320 1102 τοῦς
334 1037 360 1100 δ’
377 1034 462 1101 ἔλαθ’
478 1039 627 1102 εἰσελθὼν
642 1037 778 1118 Πρίαμος
792 1036 894 1119 μέγας,
911 1034 1026 1120 άγχιδ’
1042 1036 1099 1117 άρα
1114 1036 1189 1102 στὰς

251 1140 359 1221 χερσὶν
374 1137 540 1222 Ἀχιλλῆος
554 1139 637 1220 λάβε
651 1141 782 1224 γούνατα
799 1142 847 1205 καὶ
864 1141 936 1205 κύσε
951 1145 1055 1223 χεῖρας

252 1244 350 1307 δεινάς
365 1244 578 1326 ἀνδροφόνους,
596 1246 630 1308 αί
646 1247 676 1307 ol
692 1243 806 1310 πολέας
822 1243 930 1308 κτάνον
944 1246 1019 1309 νίας.
1121 1319 1123 1324 y

253 1345 292 1410 ὧς
305 1345 331 1408 δ’
347 1343 391 1408 ἀπ’
407 1345 444 1410 ἂν
459 1345 542 1429 ἄνδρ’
558 1347 614 1426 ἄτη
630 1349 738 1427 πυκινὴ
754 1346 849 1433 λάβῃ,
866 1350 899 1414 ὅς
914 1344 940 1409 τ’
955 1345 1001 1411 ἐνὶ
1016 1344 1113 1432 πάτρῃ
1148 1359 1198 1422 480

253 1454 339 1529 φῶτα
357 1450 550 1516 κατακτείνας
565 1451 671 1514 ἄλλων
686 1448 802 1529 ἐξίκετο
817 1452 917 1530 δῆμον,
1024 1457 1026 1464 '

253 1552 359 1634 ἀνδρὸς
374 1555 405 1618 ἐς
420 1555 556 1634 ἀφνειοῦ,
573 1553 691 1635 θάμβος
706 1551 732 1618 δ’
749 1554 814 1638 έχει
830 1555 1039 1636 εἰσορόωντας,

253 1656 293 1721 ὣς
307 1652 448 1739 Ἀχιλεὺς
461 1655 622 1736 θάμβησεν
637 1659 710 1723 ίδιδν
726 1661 865 1740 Πρίαμον
879 1657 1024 1724 θεοειδέα·

253 1756 417 1840 θάμβησαν
430 1762 463 1824 δὲ,
479 1759 527 1824 καὶ
543 1761 644 1837 άλλοι,
661 1763 693 1827 ἐς
707 1760 861 1841 ἀλλήλους
876 1765 909 1826 δὲ
926 1763 1034 1826 ίδουτο.

228 1851 230 1860 X
253 1861 304 1926 τὸν
321 1863 370 1926 καὶ
384 1863 569 1942 λισσόμενος
585 1865 721 1945 Πρίαμος
736 1865 810 1943 πρὸς
824 1869 918 1944 μῦθον
933 1865 1024 1929 έειπε·
1149 1876 1197 1940 485

254 1971 272 1998 “
281 1970 394 2045 μνῆσαι
409 1972 520 2048 πατρὸς
537 1971 612 2041 σοῖο,
629 1971 709 2032 θεοῖς
725 1965 868 2031 ἐπιείκελ’
882 1967 1039 2049 Ἀχιλλεῦ,

253 2071 375 2147 τηλίκου
390 2072 430 2136 ὥς
445 2094 501 2150 περ
516 2069 602 2152 ἐγείν,
621 2070 701 2155 ὀλοῷ
717 2071 768 2135 ἐπὶ
782 2069 894 2153 γήραος
910 2070 996 2154 οὐδῷ·

253 2174 302 2238 καὶ
316 2173 373 2252 μέν
387 2187 445 2238 που
461 2178 559 2238 κεῖνον
576 2172 760 2254 περιναιέται
775 2173 870 2253 ἀμφὶς
885 2174 985 2239 ἐόντες

253 2275 390 2358 τείρουσ’,
409 2275 477 2340 οάδέ
490 2277 535 2343 τίς
550 2279 636 2342 ἐστιν
652 2277 727 2360 ἀρῆν
742 2278 791 2341 καὶ
804 2282 912 2360 λοιγὸν
928 2279 1044 2358 ἀμῦναι.

254 2380 322 2443 ἀλλ’
339 2381 406 2460 ήτοι
421 2382 518 2448 κεῖνός
532 2408 569 2463 γε
585 2381 676 2446 σέθεν
692 2382 818 2461 ζώοντας
834 2380 949 2445 ἀκούων
1149 2407 1198 2458 490

252 2483 352 2566 χαίρει
367 2482 393 2546 τ’
410 2485 442 2549 ἐν
458 2487 548 2568 θυμῷ,
566 2484 618 2547 ἐπί
631 2484 657 2547 τ’
673 2487 798 2550 ἔλπεται
813 2483 912 2564 ἤματα
927 2483 1026 2549 πάντα

255 2589 388 2668 ὄψεσθαι
404 2587 497 2667 φίλον
511 2587 578 2651 υἱὸν
589 2588 653 2668 Ιἀπὸ
668 2589 816 2669 Τροίηθεν
831 2590 924 2654 ίόντα·

253 2690 344 2771 αὐτὰρ
359 2691 419 2773 ἐγὼ
434 2689 637 2769 πανάποτμος,
655 2693 722 2756 ἐπεὶ
737 2691 824 2756 τέκον
838 2694 905 2758 νίας
920 2692 1062 2773 ἀρίστους

252 2795 344 2880 Τροίῃ
361 2795 394 2859 ἐν
409 2794 515 2879 εὐρείῃ,
533 2801 592 2857 τῶν
607 2793 632 2859 δ’
652 2795 687 2858 οῦ
702 2796 768 2859 τινά
783 2803 862 2876 φημι
876 2799 1049 2875 λελεῖφθαι.

253 2895 437 2977 πεντήκοντά
451 2923 503 2976 μοι
519 2896 607 2976 ἦσαν,
624 2896 670 2961 ὅτ’
684 2897 798 2978 ήλυθον
812 2901 874 2965 υίες
888 2899 1031 2982 Ἀχαιῶν
1151 2924 1198 2975 495

253 3003 460 3066 ἐννεακαίδεκα
475 3000 531 3080 μέν
545 3028 596 3081 μοι
613 3005 660 3081 ἰῆς
675 3005 707 3080 ἐκ
725 3003 829 3082 νηδύος
844 3002 932 3083 ῆσαν,

253 3105 320 3171 τοὺς
336 3105 360 3168 δ’
376 3105 491 3172 ἄλλους
505 3132 557 3185 μοι
573 3107 689 3171 ἔτικτον
705 3105 749 3170 ἐνὶ
763 3106 923 3189 μεγάροισι
938 3110 1085 3188 γυναῖκες.

253 3215 312 3274 τῶν
325 3211 380 3289 μὲν
396 3216 522 3275 πολλῶν
539 3215 644 3292 θοῦρος
658 3208 752 3292 Ἀρης
769 3210 828 3273 ὑπὸ
844 3207 962 3292 γούνατ’
982 3209 1102 3272 ἔλυσεν·

253 3311 285 3377 ἀς
300 3311 333 3376 δέ
347 3339 398 3392 μοι
417 3313 480 3379 οἶος
497 3313 559 3392 ἔην,
574 3315 671 3395 εἴρυτο
686 3317 719 3376 δὲ
735 3314 811 3377 άστυ
826 3314 876 3377 καὶ
891 3312 1005 3386 αὐτούς,

253 3414 304 3478 τὸν
320 3416 358 3479 σὺ
373 3417 476 3497 πρύην
492 3422 609 3482 κτεῖνας
627 3417 813 3496 ἀμυνόμενον
828 3416 896 3497 περὶ
911 3413 1033 3496 πάτρης,
1149 3439 1199 3490 500

249 3517 388 3600 Ἕκτορα·
410 3527 464 3584 τοῦ
480 3526 532 3586 νῦν
548 3519 639 3603 εἵνεχ’
657 3519 748 3583 ἱκάνω
763 3523 836 3597 νῆας
849 3518 985 3601 Ἀχαιῶν

252 3625 420 3702 λυσόμενος
435 3626 516 3706 παρὰ
532 3629 607 3702 σεῖο,
623 3622 706 3704 φέρω
722 3620 752 3686 δ’·
764 3621 910 3703 ἀπερείσι’
927 3621 1047 3687 ἄποινα.

253 3725 325 3791 ἀλλ’
341 3730 436 3792 αἰδεῖο
455 3727 550 3801 θεούς,
566 3726 703 3812 Ἀχιλεῦ,
720 3726 811 3790 αῦτόν
824 3721 851 3788 τ’
867 3724 1006 3804 ἐλέησον,
1045 3797 1048 3804 ⁴
