2746 4228
285 351 324 408 14
617 349 645 397 1.
669 333 841 396 ΙΛΙΑΔΟΣ
864 337 901 395 Α.

277 503 312 566 αί
324 500 375 567 κέν
389 525 452 568 πως
466 497 610 587 ἐθέλῃσιν
626 501 675 566 ἐπὶ
689 501 850 584 Τρώεσσιν
865 498 981 583 ἀρῆξαι,

276 602 344 669 τοὺς
359 605 392 667 δέ
407 605 483 667 κατδ
492 603 630 686 ’πρύμνας
643 629 678 668 τε
692 605 742 668 καὶ
758 602 832 684 ἀμφ’
849 603 910 667 ἀλα
925 604 1016 667 ἔλσαι
1029 601 1173 687 Ἀχαιοὺς

277 705 490 785 κτεινομένους,
505 707 556 772 ίνα
569 706 679 774 πάντες
694 706 879 789 ἐπαύρωνται
893 709 1056 786 βασιλῆος,
1173 730 1223 776 4¹0

275 811 337 894 γνῷ
352 811 386 873 δέ
401 810 450 873 καὶ
463 807 618 893 Ἀτρείδης
632 809 809 894 εύρνκρείωυ
821 808 1019 891 Ἀγαμέμνων

274 908 313 988 ἣν
327 910 410 989 άτην,
426 912 445 975 ό
458 911 483 974 τ’
499 911 625 996 άριστον
637 913 774 998 Ἀχαιῶν
787 913 874 978 ούδέν
889 911 1018 979 έτισεν.”

317 1014 380 1080 Τδν
394 1013 419 1078 δ’
434 1014 569 1096 ἠμείβετ’
586 1016 691 1080 ἔπειτα
706 1015 799 1083 Θέτις
815 1019 890 1080 κατὰ
904 1014 995 1098 δάκρυ
1009 1015 1135 1099 χέουσα·

276 1127 296 1152 “
308 1117 382 1197 ὤμοι
396 1116 502 1183 τέκνον
517 1117 598 1196 ἐμόν,
613 1119 645 1182 τί
658 1121 693 1184 νύ
709 1119 738 1182 σ’
754 1120 884 1202 ἔτρεφον
899 1121 969 1185 αίνδ
982 1125 1112 1184 τεκοῦσα
1124 1144 1144 1193 ,··

275 1219 334 1286 αἴθ’
350 1222 462 1303 ὄφελες
475 1223 557 1302 παρδ
571 1222 679 1300 νηυσὶν
693 1220 855 1304 ἀδάκρυτος
870 1223 920 1286 καὶ
935 1220 1062 1301 ἀπήμων
1173 1245 1221 1295 4¹5

275 1324 377 1402 ἧσθαι,
392 1322 461 1386 ἐπεί
474 1322 510 1387 νύ
522 1347 569 1386 τοι
584 1323 658 1387 αῖσα
671 1323 798 1403 μίνυνθά
812 1349 878 1407 περ,
895 1324 930 1387 ού
944 1349 973 1388 τι
986 1323 1071 1403 μάλα
1085 1323 1150 1402 δήν·

276 1431 327 1491 νῦν
341 1424 366 1489 δ’
383 1425 444 1505 ἅμα
458 1423 483 1486 τ’
500 1423 650 1507 ὠκύμορος
665 1427 714 1489 καὶ
729 1425 844 1508 ὀϊζυρὸς
858 1428 927 1509 περὶ
941 1424 1063 1492 πάντων

275 1530 377 1593 ἔπλεο·
407 1529 448 1613 τῷ
466 1553 503 1592 σε
518 1530 593 1614 κακῇ
609 1532 682 1615 αἴσῃ
698 1528 786 1594 τέκον
801 1531 834 1594 ἐν
847 1529 1018 1612 μεγάροισι.

274 1635 361 1694 τοιῖτο
376 1629 410 1695 δέ
424 1655 471 1694 τοι
486 1629 613 1711 ἐρέουσα
628 1632 701 1698 ἔπος
716 1633 769 1695 Διὶ
783 1633 1001 1717 τερπικεραύνῳ
1083 1667 1086 1680 ν

275 1733 330 1812 εἶμ’
346 1733 420 1813 αύτδ
435 1733 509 1815 πρὸς
521 1732 681 1813 Ὄλυμπον
696 1734 874 1818 ἀγάννιφον,
889 1738 925 1801 αί
937 1761 971 1800 κε
985 1737 1118 1814 πίθηται.
1171 1763 1221 1808 420

274 1838 356 1900 ἀλλὰ
371 1836 410 1900 σὺ
423 1838 479 1915 μέν
493 1840 546 1903 υιῖν
560 1839 648 1916 νηυσὶ
663 1837 833 1920 παρήμενος
848 1838 1029 1920 ὠκυπόροισι

273 1938 351 2019 μήνι’
366 1939 549 2024 Ἀχαιοῖσιν,
565 1939 701 2019 πολέμου
715 1940 741 2004 δ’
756 1941 911 2005 ἀποπαύεο
926 1939 1061 2019 πάμπαν·

274 2041 349 2109 Ζεὺς
361 2045 420 2124 γὰρ
435 2044 467 2109 ἐς
480 2041 629 2108 Ὠκεανόν
641 2041 705 2122 μετ’
722 2043 872 2123 ἀμύμονας
887 2045 1054 2123 Αἰθιοπῆας

272 2145 375 2229 χθιζὸς
391 2146 448 2226 ἔβη
465 2147 541 2209 κατὰ
555 2149 652 2220 δαῖτα,
669 2147 733 2210 θεοὶ
748 2145 773 2210 δ’
789 2145 851 2225 άμα
865 2144 976 2212 πάντες
991 2147 1110 2212 ἕποντο·

273 2247 423 2334 δωδεκάτῃ
438 2246 471 2312 δέ
485 2272 533 2311 τοι
547 2248 630 2314 αὖτις
645 2249 802 2312 ἐλεύσεται
816 2248 1025 2326 Οὔλυμπόνδε,
1170 2275 1218 2324 ⁴²5

274 2352 322 2415 καὶ
336 2350 397 2414 τότ’
414 2349 519 2414 ἔπειτά
532 2374 579 2413 τοι
594 2349 655 2429 εῖμι
671 2349 745 2415 Διὸς
759 2351 829 2414 ποτὶ
844 2352 1037 2433 χαλκοβατὲς
1051 2355 1103 2423 δεῖ,

273 2454 324 2516 καί
336 2478 389 2530 μιν
402 2450 589 2534 γουνάσομαι
605 2452 656 2515 καί
667 2476 720 2529 μιν
734 2452 896 2516 πείσεσθαι
911 2451 994 2516 όῖω.”

309 2552 373 2621 Ὣς
388 2555 446 2636 άρα
460 2551 620 2636 φωνήσασ’
636 2551 821 2634 ἀπεβήσετο,
838 2554 891 2620 τὸν
905 2555 930 2618 δ’
947 2554 1026 2618 έλιπ’
1043 2556 1133 2619 αὐτοῦ

270 2656 428 2739 χωόμενον
442 2658 518 2720 κατδ
532 2655 625 2736 θυμὸν
639 2655 778 2734 ἐῦζιύνοιο
793 2657 942 2739 γυναικός,

271 2757 327 2837 τήν
339 2761 378 2842 ῥα
391 2759 447 2846 βίῃ
464 2758 604 2825 ἀέκοντος
618 2758 767 2840 ἀπηύρων·
798 2759 889 2842 αὐτὰρ
903 2759 1072 2826 Ὀδυσσεὺς
1168 2787 1218 2836 430

272 2862 303 2927 ἐς
317 2862 442 2943 Χρύσην
455 2865 558 2927 ἵκανεν
572 2861 654 2943 άγων
669 2861 752 2944 ίερὴν
766 2862 947 2942 ἑκατόμβην.

272 2967 301 3027 οῖ
316 2963 341 3027 δ’
357 2965 408 3029 ὅτε
423 2964 459 3044 δὴ
475 2962 598 3042 λιμένος
612 2963 819 3044 πολυβενθέος
834 2964 918 3030 ἐντδς
933 2967 1043 3038 ἵκοντο,

272 3067 355 3129 ίστία
368 3069 425 3146 μὲν
440 3067 610 3140 στείλαντο,
627 3066 722 3132 θέσαν
736 3066 761 3130 δ’
777 3068 811 3132 ἐν
826 3067 876 3146 νηῖ
888 3069 1027 3154 μελαίνῃ,

273 3168 359 3234 ῖστδν
373 3168 398 3233 δ’
416 3170 558 3256 ἱστοδόκῃ
573 3170 714 3235 πέλασαν
728 3169 922 3253 προτόνοισιν
936 3169 1063 3251 ὑφέντες

272 3273 474 3353 καρπαλίμως,
490 3272 546 3352 τὴν
559 3272 584 3336 δ’
601 3275 644 3338 εῖς
659 3273 752 3355 ὅρμου
766 3270 956 3355 προέρεσσαν
971 3274 1115 3354 ἐρετμοῖς.
1167 3300 1217 3350 ⁴35

271 3377 304 3438 ἐκ
319 3375 344 3438 δ’
361 3375 447 3441 εύνδς
465 3375 590 3456 ἔβαλον,
607 3378 682 3440 κατά
696 3379 729 3440 δὲ
743 3373 901 3457 πρυμνήσι’
917 3376 1040 3452 έδησαν·

272 3481 304 3542 ἐκ
319 3481 353 3543 δέ
368 3480 417 3542 καὶ
432 3478 516 3543 αὐτοὶ
531 3484 641 3560 βαῖνον
655 3481 705 3544 ἐπὶ
719 3481 840 3562 ῥηγμῖνι
855 3476 1024 3556 θαλάσσης,

272 3585 304 3646 ἐκ
319 3581 344 3646 δ’
361 3583 533 3662 ἑκατόμβην
547 3585 651 3660 βῆσαν
665 3582 806 3666 ἑκηβόλῳ
819 3581 1004 3645 Ἀπόλλωνι·

272 3687 305 3750 ἐκ
320 3687 353 3749 δέ
367 3685 502 3761 Χρυσηίς
519 3684 589 3760 νηδς
603 3689 647 3764 βῆ
663 3684 872 3764 ποντοπόροιο.
