2758 4228
473 357 523 404 21.
547 342 780 405 οαυυυαικν
811 346 848 405 ψ.
1069 341 1130 424 859

222 505 285 574 Ὣς
304 508 402 590 ἔφαθ’,
418 511 447 572 οἱ
463 509 487 574 δ’
505 509 559 591 ἀρα
576 508 688 576 πάντες
703 509 749 574 ἐπ’
765 511 842 594 αὐτῷ
857 510 913 588 ἡδὺ
928 513 1087 594 γέλασσαν

183 616 361 694 μνηστῆρες,
378 611 426 676 καὶ
442 613 478 692 δή
493 612 597 691 μέθιεν
610 619 760 698 χαλεποῖο
775 616 902 697 χόλοιο.

184 714 365 800 Τηλεμάχῳ·
387 719 425 780 τὰ
440 720 473 781 δέ
487 715 560 796 τόξα
576 717 678 799 φέρων
694 719 751 781 ἀνά
767 723 849 798 δῶμα
865 719 1007 798 συβώτης

184 819 217 881 ἐν
232 819 369 901 χείρεσσ’
384 819 513 898 Ὀδυσῆϊ
531 819 671 902 δαΐφρονι
687 824 760 899 θῆκε
776 818 942 901 παραστάς.

185 924 216 985 ἐκ
232 925 265 986 δέ
280 923 509 1005 καλεσσάμενος
524 924 666 1007 προσέφη
682 923 796 1006 τροφὸν
812 925 1005 1004 Εὐρύκλειαν·

184 1031 203 1060 “
214 1025 395 1110 Τηλέμαχος
410 1027 533 1092 κέλεταί
547 1055 592 1105 σε,
610 1031 766 1111 περίφρων
782 1029 957 1109 Εὐρύκλεια,

184 1124 308 1206 κληῗσαι
321 1132 464 1214 μεγάροιο
481 1133 570 1215 θύρας
589 1139 717 1199 πυκινῶς
733 1135 882 1215 ἀραρυίας,

183 1228 221 1310 ῆν
235 1232 268 1296 δέ
283 1259 328 1300 τις
345 1232 361 1314 ῆ
378 1240 529 1320 στοναχῆς
544 1237 579 1316 ῆέ
594 1237 704 1300 κτύπου
720 1237 806 1301 ἔνδον
821 1239 935 1322 ἀκούσῃ

185 1337 300 1417 ἀνδρῶν
314 1336 504 1420 ἡμετέροισιν
520 1342 553 1405 ἐν
568 1339 677 1421 ἕρκεσι,
692 1339 733 1419 μή
749 1366 779 1406 τι
798 1341 903 1421 θύραζε

185 1441 409 1520 προβλώσκειν,
424 1442 494 1505 ἀλλ’
510 1442 599 1506 αὐτοῦ
615 1443 690 1522 ἀκὴν
706 1445 808 1521 ἔμεναι
824 1442 904 1523 παρὰ
920 1441 1025 1528 ἔργιρ.”

221 1541 284 1610 Ὣς
300 1545 346 1626 ἄρ’
361 1547 529 1626 ἐφώνησεν,
545 1547 580 1632 τῇ
598 1546 623 1610 δ’
639 1547 767 1629 ἄπτερος
784 1548 895 1612 ἔπλετο
909 1552 1011 1628 μῦθος,

185 1645 311 1725 κλήϊσεν
326 1653 359 1714 δὲ
376 1651 465 1730 θύρας
480 1649 620 1732 μεγάρων
636 1650 668 1716 εὖ
684 1653 891 1717 ναιεταόντων.

228 1753 304 1838 Σιγῇ
320 1753 346 1817 δ’
362 1752 398 1831 ἔξ
411 1754 504 1817 οίκοιο
520 1743 676 1819 Φιλοίτιος
692 1755 767 1818 ἆλτο
784 1755 899 1836 θύραζε,

185 1854 311 1934 κλήϊσεν
326 1856 351 1920 δ’
367 1855 413 1938 ἀρ’
428 1858 532 1922 ἔπειτα
550 1857 638 1937 θύρας
654 1857 788 1938 εὐερκέος
805 1859 906 1934 αὐλῆς.

185 1964 265 2022 κεῖτο
279 1959 303 2022 δ’
318 1960 367 2024 ὑπ’
383 1961 510 2045 αἰθούσῃ
526 1961 623 2024 ὅπλον
639 1959 705 2026 νεάς
721 1961 927 2040 ἀμφιελίσσης

183 2063 345 2143 βύβλινον,
363 2061 387 2148 ᾧ
401 2063 433 2144 ῥ’
450 2062 580 2141 ἐπέδησε
595 2063 693 2145 θύρας,
711 2065 741 2129 ές
758 2063 784 2127 δ’
799 2063 864 2143 ἤϊεν
883 2064 980 2130 αὐτός·

185 2163 258 2243 ἕζετ’
274 2165 366 2230 ἔπειτ’
381 2165 431 2232 ἐπὶ
447 2168 555 2248 δίφρον
571 2167 633 2243 ἰών,
650 2167 737 2231 ἔνθεν
752 2193 807 2248 περ
824 2168 947 2246 ἀνέστη,

185 2271 331 2351 εἰσορόων
346 2271 490 2349 Ὀδυσῆα.
527 2273 542 2334 ὁ
559 2271 584 2335 δ’
599 2269 654 2370 ἤδη
671 2269 762 2351 τάξον
777 2272 876 2349 ἐνώμα

184 2373 281 2459 πάντη
296 2376 512 2456 ἀναστρωφῶν,
529 2375 710 2456 πειρώμενος
726 2375 797 2440 ἔνθα
813 2375 860 2440 καὶ
877 2376 958 2451 ἔνθα,

184 2477 225 2558 μῆ
242 2477 312 2560 κέρα
327 2479 396 2545 ἶπες
413 2480 507 2543 ἔδοιεν
523 2479 737 2562 ἀποιχομένοιο
753 2477 890 2545 ἀνακτος.
972 2540 976 2546 ,

186 2584 243 2645 ῶδε
258 2580 292 2645 δέ
306 2607 351 2648 τις
367 2583 506 2648 εἴπεσκεν
523 2584 593 2648 ἰδὼν
609 2585 639 2648 ἐς
654 2583 787 2662 πλησίον
801 2583 907 2647 ἀλλον·

186 2685 236 2765 “ή
251 2711 296 2751 τις
311 2685 423 2768 θηητὴρ
439 2684 488 2750 καὶ
506 2688 672 2752 ἐπίκλοπος
689 2688 799 2752 ἔπλετο
814 2685 920 2765 τόξων.

185 2785 204 2864 ῆ
217 2787 256 2869 ῥά
272 2787 307 2852 νύ
321 2811 379 2854 που
395 2792 517 2852 τοιαῦτα
533 2789 581 2853 καὶ
597 2788 675 2873 αύτῷ
691 2789 790 2866 οἴκοθι
805 2793 907 2867 κεῖται,

185 2889 204 2970 ῆ
221 2891 280 2974 ὅγ’
298 2894 464 2975 ἐφορμᾶται
480 2891 654 2973 ποιησέμεν,
671 2893 710 2960 ἀς
725 2890 770 2956 ἐνὶ
786 2890 875 2974 χερσὶ

186 2999 269 3079 νωμῆ
290 2999 362 3060 ἔνθα
379 2995 427 3061 καὶ
444 2998 516 3062 ἔνθα
531 3002 630 3060 κακῶν
646 2997 773 3076 ἔμπαιος
788 2994 932 3076 ἀλήτης.”
1080 3027 1132 3076 400

226 3101 343 3165 Ἀλλος
359 3101 384 3164 δ’
400 3100 464 3166 αὖτ’
480 3103 601 3165 εἴπεσκε
618 3101 694 3164 νέων
707 3100 976 3181 ὑπερηνορεόντων·

187 3208 205 3238 “
215 3203 246 3268 αἲ
262 3202 318 3285 γὰρ
334 3204 370 3284 δὴ
386 3209 555 3268 τοσσοῦτον
571 3204 692 3280 ὀνήσιος
708 3202 880 3269 ἀντιάσειεν

187 3307 226 3373 ὡς
242 3308 327 3374 ούτός
345 3333 419 3373 ποτε
435 3312 523 3373 τοῦτο
538 3305 697 3386 δυνήσεται
714 3303 965 3372 ἐντανύσασθαι.”

223 3409 286 3476 Ὣς
301 3408 347 3491 ἀρ’
362 3412 441 3492 ἔφαν
455 3413 634 3492 μνηστῆρες·
658 3410 732 3490 ἀτάρ
748 3410 913 3487 πολύμητις
927 3407 1104 3484 Ὀδυσσεύς,
1219 3409 1221 3412 ’

187 3509 279 3576 αὐτίκ’
295 3510 360 3578 ε’πεὶ
375 3515 451 3597 μέγα
466 3513 556 3594 τόξον
572 3512 730 3592 ἐβάστασε
746 3515 795 3577 καὶ
810 3514 855 3577 ίδε
870 3513 977 3599 πάντη,
1081 3540 1131 3590 405

187 3617 226 3682 ὦς
243 3613 285 3679 ὅτ’
301 3617 375 3699 ἀνὴρ
391 3619 559 3701 φόρμιγγος
575 3615 775 3694 ἐπιστάμενος
791 3617 839 3679 καὶ
855 3618 958 3696 ἀοιδῆς

187 3720 305 3803 ῥηϊδίως
320 3718 467 3786 ἐτάνυσσε
484 3721 541 3805 νέῳ
557 3717 625 3802 περὶ
645 3721 774 3784 κόλλοπι
790 3718 913 3803 χορδήν,
