2788 4230
254 351 316 416 820
551 367 600 432 19.
624 351 859 412 ολιυυυικυ
889 321 940 411 τ(

253 520 322 585 ἀλλ’
340 523 356 585 ὁ
371 522 427 598 μὲν
442 522 474 584 έν
490 518 599 598 νήεσσι
616 521 774 602 κορωνίσιν
786 519 884 584 Ἴλιον
900 522 973 594 εἴσω

255 622 344 709 ᾤχεθ’
360 624 409 705 ἀμ’
424 623 626 710 Ἀτρείδῃσιν,
642 625 708 703 ἐμοὶ
724 621 749 688 δ’
765 626 859 704 ὄνομα
876 628 984 686 κλυτὸν
1000 624 1111 698 Αἴθων,

254 729 419 809 ὁπλότερος
434 729 533 812 γενεῇ·
557 729 574 791 ό
590 725 615 792 δ’
630 727 688 808 ἀρα
704 729 846 808 πρότερος
861 728 910 790 καὶ
929 725 1046 807 ἀρείων.

254 829 314 896 ἔνθ’
329 829 463 908 Ὀδυσῆα
478 832 556 913 ἐγὼν
572 832 677 910 ἰδόμην
694 829 741 894 καὶ
758 831 853 908 ξείνια
868 836 958 894 δῶκα.
1151 840 1199 902 185

253 931 301 997 καὶ
319 933 375 1017 γὰρ
391 935 443 999 τὸν
460 933 612 1014 Κρήτηνδε
629 932 796 1016 κατήγαγεν
806 933 836 1000 *ις
852 933 983 1010 ἀνέμοιο,

254 1037 371 1119 ἱέμενον
385 1037 793 1120 Τροίηνδενπαραπλάγξοσα
809 1041 964 1101 Μαλειῶν·

253 1146 348 1221 στῆσε
365 1141 389 1206 δ’
407 1143 438 1205 έυ
453 1140 596 1225 Ἀμνισῷ,
613 1142 660 1204 ὅθι
677 1165 710 1205 τε
726 1139 821 1206 σπέος
839 1142 1026 1219 Εἰλειθυίης,

254 1248 286 1310 έν
300 1245 423 1325 λιμέσιν
438 1251 615 1328 χαλεποῖσι,
630 1245 718 1324 μόγις
734 1242 760 1308 δ’
775 1243 927 1322 ὑπάλυξεν
943 1243 1068 1308 ἀέλλας.

254 1351 356 1413 αὐτίκα
371 1347 397 1412 δ’
411 1346 566 1428 Ἰδομενῆα
578 1347 716 1429 μετάλλα
732 1345 834 1412 ἄστυδ’
850 1347 996 1412 ἀνελθών·
1147 1369 1202 1422 190

254 1453 352 1533 ξεῖνον
366 1451 423 1533 γάρ
439 1455 467 1516 οἱ
483 1452 600 1532 ἔφασκε
616 1453 710 1527 φίλον
725 1451 751 1513 τ’
767 1452 837 1531 έμεν
853 1452 968 1520 αἰδοῖόν
983 1475 1026 1514 τε.

252 1559 293 1642 τῷ
311 1555 335 1620 δ’
349 1555 405 1635 ήδη
422 1555 530 1634 δεκάτη
545 1552 564 1633 ῆ
581 1554 721 1632 ἑνδεκάτη
738 1554 832 1620 πέλεν
849 1555 909 1633 ἠὼς

254 1658 399 1744 οἰχομένῳ
416 1659 472 1722 σὺν
487 1661 575 1737 νηυσὶ
592 1660 751 1740 κορωνίσιν
765 1657 859 1724 Ἴλιον
879 1658 961 1728 είσω.

253 1763 375 1842 τὸνμὲν
392 1764 450 1845 ἐγὼ
467 1768 539 1844 πρὸς
555 1763 663 1843 δόρατ’
680 1762 762 1846 άγων
777 1761 809 1826 ε’ἰι
825 1761 989 1849 ἐξείνισσα,

254 1868 397 1933 ἐνδυκέως
416 1865 541 1951 φιλέων,
557 1873 683 1936 πολλῶν
700 1866 775 1939 κατὰ
791 1867 873 1936 οἶκον
889 1866 1009 1930 ἐόντων·
1152 1889 1203 1942 195

255 1974 304 2036 καί
318 1974 346 2035 οἱ
362 1976 423 2037 τοῖς
439 1971 546 2036 ἄλλοις
566 1969 692 2051 ἑτάροις,
708 1970 737 2032 οἳ
754 1969 803 2051 ἀμ’
820 1971 896 2053 αὐτῷ
914 1969 1034 2045 ἕποντο,

254 2077 382 2154 δημόθεν
399 2074 515 2154 άλφιτα
532 2079 611 2140 δῶκα
628 2076 676 2144 καὶ
691 2077 802 2146 αἴθοπα
819 2074 902 2141 οἶνον
917 2074 1039 2155 ἀγείρας

255 2178 305 2243 καὶ
318 2183 393 2258 βοῦς
410 2178 598 2259 ἱρεύσασθαι,
615 2181 663 2250 ἵνα
678 2179 850 2257 πλησαίατο
868 2177 969 2256 θυμόν.

255 2283 326 2346 ἔνθα
342 2282 472 2346 δυόδεκα
487 2285 542 2361 μὲν
557 2281 650 2360 μένον
665 2281 764 2362 ἤματα
780 2286 837 2344 δῖοι
852 2280 985 2365 Ἀχαιοί·

256 2387 330 2450 είλει
346 2389 404 2468 γὰρ
420 2385 530 2468 Βορέης
546 2385 654 2465 άνεμος
669 2385 763 2467 μέγας
778 2384 838 2456 οὐδ’
853 2381 903 2446 ἐπὶ
918 2384 990 2472 γαίῃ
1152 2409 1202 2444 200

256 2492 303 2552 εἰα
318 2492 470 2567 ἵστασθαι,
486 2489 623 2574 χαλεπὸς
638 2487 671 2556 δέ
687 2514 732 2555 τις
747 2489 838 2570 ὤρορε
855 2488 976 2564 δαίμων·

256 2594 291 2678 τῇ
308 2593 538 2679 τρισκαιδεκάτῃ
555 2591 580 2656 δ’
596 2593 704 2672 άνεμος
719 2591 805 2666 πέσε,
821 2593 867 2656 τοὶ
883 2588 908 2654 δ’
924 2587 1100 2672 ἀνάγοντο.”

296 2695 381 2758 Ἴσκε
396 2697 511 2777 ψεύδεα
527 2701 629 2766 πολλὰ
645 2696 744 2776 λέγων
760 2695 912 2773 ἐτύμοισιν
928 2697 1024 2776 όμοῖα·

256 2800 309 2874 τῆς
326 2793 351 2859 δ’
366 2794 410 2876 ἄρ’
428 2796 593 2874 ἀκουούσης
607 2796 657 2879 ῥέε
672 2796 790 2875 δάκρυα,
808 2794 914 2872 τήκετο
929 2798 960 2860 δὲ
976 2795 1064 2876 χρός.

257 2900 296 2964 ὡς
312 2900 344 2961 δὲ
359 2899 436 2981 χιδν
452 2897 622 2978 κατατήκετ’
639 2903 671 2963 ἐν
686 2898 903 2980 ἀκροπόλοισιν
919 2901 1052 2980 ὄρεσσιν,
1154 2924 1203 2971 205

256 3001 293 3078 ἥν
308 3000 333 3061 τ’
352 3001 445 3082 Εὖρος
462 3000 630 3080 κατέτηξεν,
646 3002 722 3080 έπὴν
739 3001 875 3082 Ζέφυρος
892 3001 1051 3087 καταχεύῃ·

256 3103 419 3183 τηκομένης
436 3103 461 3170 δ’
477 3105 534 3186 άρα
548 3108 601 3182 τῆς
618 3102 746 3185 ποταμοὶ
760 3105 911 3182 πλήθουσι
925 3103 1052 3187 ῥέοντες·

258 3207 297 3272 ὣς
313 3210 365 3285 τῆς
381 3207 487 3286 τήκετο
503 3207 581 3278 καλὰ
596 3208 708 3290 παρήϊα
723 3207 815 3290 δάκρυ
829 3208 971 3292 χεούσης,

259 3311 421 3390 κλαιούσης
439 3312 488 3376 ἔδυ
503 3313 596 3394 ἀνδρα
612 3311 794 3393 παρήμενον.
826 3312 918 3391 αὐτὰρ
933 3311 1102 3379 Ὀδυσσεὺς

259 3413 339 3498 θυμῷ
354 3417 410 3494 μὲν
424 3417 565 3498 γοόωσαν
580 3417 633 3496 έην
648 3418 767 3496 έλέαιρε
783 3421 920 3498 γυναῖκα,
1051 3467 1053 3475 ι
1157 3441 1205 3480 210

259 3516 413 3600 ὀφθαλμοὶ
430 3517 508 3586 δ’ὡς
527 3522 553 3584 εἰ
570 3520 641 3600 κέρα
655 3519 791 3584 ἕστασαν
806 3519 840 3598 ήὲ
857 3520 977 3599 σίδηρος

260 3621 388 3704 ἀτρέμας
405 3624 437 3686 έν
451 3623 650 3705 βλεφάροισι·
672 3625 751 3708 δόλιρ
767 3623 793 3686 δ’
808 3623 826 3684 ὅ
841 3647 875 3701 γε
890 3620 1002 3703 δάκρυα
1017 3627 1130 3690 κεῦθεν.

259 3726 279 3803 ἡ
296 3726 321 3789 δ’
337 3727 403 3790 έπεὶ
419 3724 472 3790 οὖν
487 3725 606 3807 τάρφθη
622 3727 857 3808 πολυδακρύτοιο
874 3725 966 3806 γόοιο,
