2874 4234
539 295 568 358 8.
599 298 832 361 οκτννωκν
863 299 902 359 ο.
1133 297 1196 379 623

247 463 338 548 αὐτὰρ
355 467 423 531 ἐπεί
436 466 468 549 ῥ’
483 465 609 548 ἤγερθεν
625 464 784 548 ὁμηγερέες
799 467 825 529 τ’
842 466 990 549 ἐγένοντο,

248 575 347 635 τοῖσιν
363 571 388 634 δ’
403 570 563 636 ’Λλκίνοος
578 569 749 654 ἀγορήσατο
765 572 814 634 καὶ
829 568 977 650 μετέειπε·
1164 597 1195 646 25

292 679 312 710 “
323 674 464 752 Κέκλυτε,
480 673 622 752 Φαιήκων
636 673 779 756 ἡγήτορες
794 675 848 753 ἠδὲ
862 672 1010 753 μέδοντες,

248 778 318 858 ὄφρ’
334 781 408 842 είπω
423 777 512 856 τάμε
527 784 620 859 θυμὸς
636 775 681 843 ἐνὶ
698 777 848 856 στήθεσσι
866 777 991 840 κελεύει.

248 880 346 960 ξεῖνος
362 882 416 960 ὅδ’,
431 882 484 945 οὐκ
500 882 555 946 οἶδ’
571 883 604 948 ὅς
619 907 674 959 τις,
691 882 844 962 ἀλύμενος
860 881 932 944 ἵκετ’
949 882 1022 961 ε’μδν
1037 885 1087 957 διδ,

247 986 283 1063 ἠέ
299 991 372 1066 πρὸς
386 986 478 1064 ήοίων
494 985 513 1064 ή
530 987 678 1066 ἐσπερίων
693 986 868 1065 ἀνθρώπων·

248 1089 371 1169 πομπὴν
385 1089 410 1154 δ’
426 1090 553 1171 ὀτρύνει,
570 1091 619 1153 καὶ
633 1090 775 1154 λίσσεται
791 1089 920 1167 ἔμπεδον
935 1087 1022 1151 εἶναι.

246 1192 333 1270 ἡμεῖς
347 1193 382 1272 δ’,
398 1193 437 1259 ὣς
453 1199 488 1256 τὸ
504 1193 597 1274 πάρος
613 1219 678 1276 περ,
696 1192 924 1273 ἐποτρυνώμεθα
941 1189 1073 1271 πομπήν.

246 1297 315 1360 οὐδὲ
329 1299 388 1378 γὰρ
403 1295 472 1360 οὐδέ
486 1323 534 1363 τις
546 1296 655 1374 ἀλλος,
670 1297 734 1363 ὅτις
751 1296 775 1359 κ’
792 1294 849 1373 ἐμὰ
865 1291 977 1375 δείμαθ’
993 1297 1101 1374 ἵκηται,

247 1399 347 1463 ἐνθάδ’
361 1401 539 1481 ὀδυρόμενος
555 1400 645 1481 δηρὸν
659 1401 741 1479 μένει
758 1402 856 1464 εἵνεκα
872 1401 1001 1479 πομπῆς.

248 1502 319 1564 ἀλλ’
338 1504 393 1586 ἀγε
409 1505 464 1580 νῆα
477 1503 624 1583 μέλαιναν
640 1504 808 1584 ἐρύσσομεν
823 1505 866 1568 είς
882 1501 942 1565 ἀλα
957 1506 1025 1565 δῖαν

248 1609 454 1685 πρωτόπλοον,
470 1607 564 1688 κούρω
580 1611 613 1671 δέ
627 1607 685 1670 δύω
703 1605 751 1670 καὶ
768 1605 953 1685 πεντήκοντα
1061 1685 1063 1689 .

248 1709 417 1789 κρινάσθων
433 1712 508 1774 κατά
522 1715 627 1791 δῆμον,
642 1712 712 1774 ὅσοι
727 1711 818 1792 πόρος
834 1711 914 1774 είσὶν
929 1709 1058 1790 ἄριστοι.

246 1813 412 1893 δησάμενοι
428 1814 452 1878 δ’
470 1812 502 1879 a}
518 1814 628 1880 πάντες
642 1816 694 1877 ἐπὶ
710 1808 833 1891 κληῗσιν
852 1810 960 1894 ἐρετμὰ

247 1916 369 1996 ἔκβητ’·
392 1917 485 1998 αὐτὰρ
501 1917 604 1980 ἔπειτα
619 1918 692 1994 θοήν
707 1916 869 1999 ἀλεγύνετε
884 1920 972 1979 δαῖτα

246 2019 417 2101 ἡμέτερόνδ’
433 2021 583 2086 ἐλθόντες·
606 2021 665 2102 ἐγὼ
682 2019 707 2083 δ’
724 2018 757 2084 εδ
772 2024 849 2083 πᾶσι
865 2017 994 2100 παρέξω.

248 2123 400 2204 κούροισιν
415 2125 470 2200 μὲν
485 2121 565 2186 ταῦτ’
581 2125 790 2204 ἐπιτέλλομαι·
815 2122 907 2202 αὐτὰρ
923 2125 953 2184 οἱ
969 2121 1062 2184 ἄλλοι

247 2231 436 2310 σκηπτοῦχοι
449 2231 603 2307 βασιλῆες
618 2227 675 2306 ἐμὰ
690 2227 764 2306 πρὸς
779 2227 900 2306 δόματα
916 2225 994 2289 καλὰ

246 2329 379 2415 ἔρχεσθ’,
397 2333 478 2412 ὄφρα
493 2329 593 2409 ξεῖνον
609 2333 653 2395 ἐνὶ
670 2330 831 2413 μεγάροισι
847 2329 1012 2411 φιλέωμεν·

246 2435 321 2512 μηδέ
336 2461 380 2500 τις
396 2435 553 2515 ἀρνείσθω·
577 2433 751 2498 καλέσασθε
766 2435 799 2497 δέ
814 2438 898 2498 θεῖον
913 2431 1024 2508 ἀοιδόν,

249 2538 434 2618 Δημόδοκον·
457 2540 499 2623 τῷ
514 2536 573 2620 γόρ
586 2539 625 2620 ῥα
640 2537 708 2603 θεὸς
723 2536 791 2618 πέρι
806 2540 903 2602 δόκεν
918 2535 1025 2615 ἀοιδήν

247 2643 377 2722 τέρπειν,
394 2642 476 2728 ὅππῃ
492 2646 583 2720 θυμὸς
600 2641 800 2726 ἐποτρύνῃσιν
815 2635 957 2704 ἀείδειν.”

285 2743 348 2811 Ὣς
363 2745 420 2826 ἀρα
436 2743 581 2826 φωνήσας
595 2744 743 2827 ἡγήσατο,
760 2747 806 2808 τοὶ
822 2744 847 2808 δ’
863 2743 913 2822 ἀμ’
927 2743 1035 2808 έποντο

248 2854 444 2932 σκηπτοῦχοι·
468 2846 562 2928 κῆρυξ
575 2850 607 2912 δέ
621 2847 776 2934 μετφχετο
791 2852 874 2912 θεῖον
889 2849 1003 2911 ἀοιδόν.

249 2952 343 3032 κούρω
360 2954 392 3016 δέ
409 2951 559 3032 κρινθέντε
574 2952 633 3016 δύω
650 2950 698 3015 καί
715 2949 901 3030 πεντήκοντα

248 3054 354 3134 βήτην,
372 3056 411 3122 ὣς
430 3055 575 3132 ἐκέλενσ’,
592 3056 642 3120 ἐπὶ
657 3055 715 3119 θῖν’
731 3056 806 3122 δλδς
821 3055 1002 3136 ἀτρυγέτοιο.

249 3157 342 3241 αὐτὰρ
354 3160 421 3224 ἐπεί
432 3160 462 3242 ῥ’
479 3161 529 3224 ἐπὶ
544 3163 602 3237 νῆα
619 3157 789 3238 κατήλυθον
803 3158 857 3236 ήδέ
873 3158 1042 3234 θάλασσαν,

249 3264 305 3338 νῆα
319 3264 374 3341 μὲν
389 3265 420 3326 οί
434 3289 468 3342 γε
483 3264 629 3344 μέλαιναν
645 3263 720 3328 ἀλὸς
734 3263 887 3341 βένθοσδε
903 3259 1043 3344 ἔρυσσαν,

249 3368 283 3429 ἐν
298 3365 323 3428 δ’
340 3366 424 3431 ἱστόν
439 3365 464 3428 τ’
480 3367 612 3430 ἐτίθεντο
630 3363 678 3429 καὶ
694 3366 777 3429 ἱστία
793 3365 842 3442 νηί
855 3366 992 3452 μελαίνῃ,

247 3468 410 3548 ἠρτύναντο
427 3469 453 3532 δ’
468 3468 575 3551 ἐρετμὰ
591 3473 712 3550 τροποῖς
729 3471 762 3533 ἐν
777 3470 989 3550 δερματίνοισι,

247 3571 347 3637 πάντα
363 3575 437 3635 κατὰ
451 3577 566 3655 μοῖραν·
591 3574 648 3637 ἀνὰ
663 3572 688 3636 δ’
706 3572 788 3636 ἱστία
802 3571 894 3637 λευκὰ
909 3575 1077 3640 πέτασσαν.

246 3677 328 3758 ὑψοῦ
344 3675 370 3738 δ’
386 3677 419 3740 ἐν
433 3678 520 3761 νοτίῳ
536 3676 592 3756 τήν
607 3675 635 3758 γ’
652 3678 796 3756 ὥρμισαν·
821 3674 911 3760 αιίτδρ
927 3679 1031 3743 ἔπειτα
