2728 4230
470 317 499 382 6.
522 320 692 380 ΙΛΙΑΔΟΣ
714 321 750 381 Ζ.

148 486 244 550 δόδεκ’
262 486 338 551 ἔσαν
352 484 451 569 τέγεοι
466 485 597 568 θάλαμοι
613 485 734 567 ξεστοῖο
749 488 859 563 λίθοιο,

147 590 277 667 πλησίον
291 587 436 668 θλλήλων
451 589 638 670 δεδμημένοι·
661 591 734 654 ἔνθα
749 591 783 654 δὲ
797 590 932 672 γαμβροὶ
968 674 975 698 1

148 697 289 771 κοιμῶντο
308 691 457 773 Πριάμοιο
472 692 540 773 παρ’
558 694 673 779 αἰδοίῃς
687 692 861 776 ἀλόχοισιν.
1036 718 1085 766 250

147 795 216 858 ἔνθα
231 795 261 858 οί
274 794 441 885 ἠπιόδωρος
455 795 574 874 ἐναντίη
588 793 683 874 ἠλυθε
696 793 794 876 μήτηρ

147 897 294 974 Λαοδίκην
308 894 472 978 ἐσάγουσα,
487 900 643 979 θυγατρῶν
657 897 737 965 είδος
753 898 890 978 ἀρίστην·

147 997 216 1063 ἔντ’
232 999 290 1081 άρα
305 1001 334 1063 οἱ
349 1005 392 1081 φῶ
405 1001 486 1084 χειρὶ
502 1000 575 1067 ἔπος
588 1000 614 1063 τ’
631 999 718 1082 ἔφατ’
734 1000 768 1064 έκ
782 1000 807 1064 τ’
825 1001 962 1080 ὀνόμαζε·

148 1112 166 1192 ‘f
175 1101 288 1175 τέκνον,
305 1103 391 1168 τίπτε
404 1104 505 1168 λιπδν
518 1103 654 1183 πόλεμον
668 1102 782 1185 θρασὺν
797 1101 1001 1182 είλήλουθαςς

147 1203 165 1284 ἠ
177 1203 261 1284 μάλα
275 1205 312 1285 δή
327 1205 461 1287 τείρουσι
475 1207 643 1286 δνσόνυμοι
656 1209 720 1274 υἶες
733 1204 869 1289 Ἀχαιῶν
1039 1230 1085 1280 ²⁵⁵

146 1306 326 1386 μαρνάμενοι
341 1309 409 1390 περὶ
423 1308 510 1373 ἀστυ·
534 1309 571 1371 σὲ
586 1309 610 1373 δ’
627 1308 733 1375 ἐνθάδε
749 1308 840 1388 θυμὸς
854 1310 964 1388 ἀνῆκεν

148 1408 261 1474 ἐλθόντ’
277 1408 315 1489 ἐξ
327 1409 418 1492 ἀκρης
432 1411 541 1477 πόλιος
556 1411 610 1475 Διὶ
624 1415 729 1493 χεῖρας
744 1411 902 1494 ἀνασχεῖν.

148 1511 227 1576 ἀλλὰ
240 1511 314 1592 μέν’,
331 1513 412 1596 ὄφρα
427 1512 460 1579 κέ
474 1538 521 1577 τοι
535 1513 681 1594 μελιηδέα
695 1514 778 1579 οίνον
793 1513 906 1591 ἐνείκω,

148 1615 186 1681 ὣς
200 1616 332 1702 σπείσῃς
347 1616 400 1681 Διὶ
415 1619 504 1699 πατρὶ
520 1619 569 1682 καὶ
583 1617 692 1684 ἀλλοις
706 1615 886 1682 ἀθανάτοισι

148 1722 273 1797 πρῶτον,
292 1717 396 1784 ἔπειτα
410 1720 444 1782 δὲ
459 1717 564 1785 καῦτδς
579 1716 713 1798 ὀνήσεαι,
728 1720 762 1783 σί
775 1743 809 1782 κε
823 1719 949 1804 πίῃσθα.
1038 1730 1087 1780 260

149 1819 230 1901 ἀνδρὶ
246 1821 279 1884 δὲ
295 1827 441 1901 κεκμηῶτι
455 1821 546 1902 μένος
559 1821 637 1904 μέγα
652 1821 734 1887 αἶνος
749 1818 843 1899 ἀέξει,

149 1921 186 1988 ὣς
200 1922 271 2004 τόνη
287 1922 435 2004 κέκμηκας
449 1924 568 2004 ἀμύνων
583 1929 686 1989 σοῖσιν
700 1921 822 2010 έπῃσι.”

188 2025 253 2106 Τήν
268 2024 293 2090 δ’
309 2025 444 2107 ἠμείβετ’
461 2027 567 2092 ἔπειτα
579 2025 674 2110 μέγας
690 2026 885 2108 κορυθαίολος
895 2026 1024 2108 Ἕκτωρ·

149 2137 169 2164 “
177 2127 217 2207 μή
230 2153 283 2207 μοι
298 2129 381 2194 οἶνον
396 2129 477 2212 ἀειρε
491 2130 670 2211 μελίφρονα,
686 2129 795 2193 πότνια
808 2132 910 2210 μῆτερ,

148 2229 187 2310 μή
200 2230 230 2309 μ’
247 2231 449 2317 ἀπογυιώσῃς,
464 2231 571 2312 μένεος
586 2231 611 2296 δ’
627 2232 722 2311 ἀλκῆς
735 2255 770 2295 τε
783 2228 932 2311 λάθωμαι·
1041 2243 1088 2307 265

148 2335 236 2416 χερσὶ
252 2333 277 2398 δ’
294 2334 466 2400 ἀνίπτοισιν
481 2335 534 2397 Διὶ
546 2334 669 2414 λείβειν
683 2335 796 2398 αἴθοπα
811 2333 894 2400 οἶνον

148 2437 265 2516 ἅζομαι·
289 2436 358 2501 οὐδέ
372 2441 413 2516 πη
428 2437 497 2502 ἔστι
512 2436 687 2518 κελαινεφέι·
703 2437 850 2519 Κρονίωνι

148 2543 249 2620 αἵματι
265 2541 315 2605 καὶ
328 2541 429 2626 λόθρκρ
444 2539 678 2624 πεπαλαγμένον
693 2539 905 2626 εὐχετάασθαι.

149 2645 229 2709 ἀλλὰ
245 2643 285 2708 οδ
298 2647 355 2726 μὲν
369 2645 445 2728 πρὸς
459 2644 531 2724 νηδν
545 2645 708 2724 Ἀθηναίης
723 2644 865 2726 ἀγελείης

149 2750 237 2832 ἔρχεο
253 2748 311 2812 σὺν
326 2747 479 2825 θυέεσσιν,
495 2747 694 2811 ἀολλίσσασα
707 2745 839 2830 γεραιάς·
1043 2768 1093 2822 ²70

148 2853 268 2919 πέπλον
282 2852 318 2926 δ’,
335 2853 369 2919 ός
383 2877 428 2919 τις
442 2877 489 2917 τοι
504 2850 704 2935 χαριέστατος
718 2851 771 2930 ἠδὲ
784 2848 930 2933 μέγιστος

149 2957 234 3022 ἔστιν
249 2957 295 3022 ένὶ
308 2954 428 3041 μεγάρῳ
439 2956 495 3019 καί
509 2979 557 3019 τοι
571 2954 650 3018 πολὺ
665 2954 813 3036 φίλτατος
828 2951 912 3038 αὐτῇ,

148 3059 202 3126 τδν
217 3061 267 3127 θὲς
279 3057 444 3139 Ἀθηναίης
459 3059 509 3122 ἐπὶ
523 3057 670 3141 γούνασιν
683 3057 837 3137 ἠϋκόμοιο,

148 3164 199 3227 καί
214 3166 243 3227 οἱ
258 3160 450 3245 ὑποσχέσθαι
465 3162 641 3226 δυοκαίδεκα
653 3166 730 3241 βοῦς
745 3161 791 3226 ἑνὶ
806 3159 868 3242 νηῷ

147 3265 214 3344 ἤνις
228 3265 359 3345 ἠκέστας
375 3263 556 3346 ἱερευσέμεν,
574 3268 607 3329 αί
621 3264 646 3330 κ’
664 3262 778 3350 έλεήσῃ
1047 3283 1095 3336 275

149 3369 227 3432 ἄστυ
241 3394 275 3432 τε
292 3368 341 3432 καὶ
355 3367 468 3448 Τρόωυ
482 3368 615 3451 ἀλόχους
631 3369 679 3433 καὶ
695 3365 788 3446 νήπια
802 3363 902 3439 τέκνα,

149 3475 183 3536 αί
197 3498 249 3537 κεν
262 3468 376 3537 Τυδέος
391 3469 458 3535 υἱὸν
472 3471 596 3557 ἀπόσχῃ
611 3470 706 3535 Ἰλίου
723 3472 797 3553 ἱρῆς,

149 3575 256 3657 ἄγριον
271 3571 432 3656 οίχμητήν,
449 3573 591 3656 κρατερὸν
604 3571 749 3655 μήστωρα
764 3573 889 3652 φόβοιο.

149 3677 233 3740 ἀλλὰ
249 3675 289 3740 σδ
303 3677 360 3755 μὲν
375 3674 448 3756 πρὸς
463 3676 536 3756 νηὸν
549 3676 712 3757 Ἀθηναίης
726 3676 868 3758 ἀγελείης
