2908 4232
245 369 309 436 500
570 365 619 426 24.
644 351 814 410 ΙΛΙΑΔΟΣ
837 351 877 410 Ω.

249 521 290 603 τῷ
307 523 360 583 νΰυ
373 518 414 600 μή
428 545 481 598 μοι
494 523 615 601 μᾶλλον
631 521 663 583 ἐν
678 518 790 600 ἄλγεσι
806 517 899 598 θνμόυ
914 519 1023 604 ὀρίνῃς,

248 621 289 703 μή
306 649 351 700 σε,
367 622 466 706 γέρον,
483 622 543 686 οὐδ’
560 622 651 686 αὐτὸν
667 625 712 687 ἐνὶ
730 623 888 709 κλισίῃσιν
905 620 986 685 ἐάσω

249 728 298 790 καὶ
316 725 416 804 ἱκέτην
430 752 486 807 περ
501 726 600 798 ἐόντα,
618 724 693 792 Διὸς
708 725 734 788 δ’
751 727 899 805 ἀλίτωμαι
915 722 1076 807 ἐφετμάς.”
1146 745 1195 799 570

285 827 348 895 Ὣς
364 829 459 910 ἔφατ’,
476 829 594 893 ἔδεισεν
609 828 633 892 δ’
652 830 668 892 ό
682 827 778 911 γέρων
792 826 843 892 καὶ
859 830 997 893 ἐπείθετο
1015 827 1108 912 μύθῳ.
1143 866 1145 875 ·

249 931 403 1011 Πηλείδης
418 932 443 996 δ’
460 933 554 995 οίκοιο
569 930 649 995 λέων
664 933 704 998 ὣς
719 932 795 993 ἆλτο
811 931 925 1012 θύραζε,

250 1036 301 1098 ούκ
318 1035 389 1113 οἶος,
405 1035 466 1116 άμα
482 1037 522 1120 τῷ
537 1061 573 1118 γε
588 1036 647 1098 δύω
666 1034 847 1116 θεράποντες
866 1035 985 1110 ἕποντο,

249 1141 326 1221 ἥρως
347 1139 524 1220 Αὐτομέδων
538 1137 584 1218 ἠδ’
598 1138 752 1217 Ἀλκιμος,
770 1140 821 1205 οὕς
835 1141 873 1221 ῥα
887 1137 1023 1219 μάλιστα

248 1241 286 1306 τῖ’
301 1242 443 1326 Ἀχιλεὺς
459 1241 572 1323 ἑτάρων
586 1244 662 1323 μετὰ
676 1241 858 1323 Πάτροκλόν
872 1268 907 1325 γε
923 1242 1063 1319 θανόντα,
1145 1262 1193 1316 575

249 1347 277 1410 οἳ
293 1346 354 1409 τόθ’
371 1348 429 1409 ὑπὸ
446 1345 572 1429 ζυγόφιν
586 1345 662 1408 λύον
676 1348 786 1412 ίππους
800 1345 942 1426 ἡμιόνους
957 1371 999 1422 τε,

249 1451 280 1515 ἐς
295 1446 320 1512 δ’
337 1449 452 1530 ἄγαγον
468 1446 580 1530 κήρυκα
595 1447 747 1530 καλήτορα
761 1453 827 1512 τοῖο
842 1447 992 1532 γέροντος,

250 1550 303 1615 κάδ
319 1552 344 1615 δ’
362 1553 411 1615 ἐπὶ
427 1553 536 1633 δίφρου
551 1553 648 1615 είσαν·
672 1549 816 1630 ἐϋξέστου
831 1557 855 1616 δ’
872 1551 922 1617 ἀπ’
938 1551 1053 1631 ἀπήνης

247 1654 337 1741 ᾕρεον
350 1653 511 1737 Ἑκτορέης
526 1657 662 1735 κεφαλῆς
678 1653 827 1737 ἀπερείσι’
842 1655 963 1721 άποιυα.

249 1758 303 1822 κάδ
319 1758 343 1823 δ’
360 1758 468 1822 ἔλιπον
478 1758 531 1822 δύο
546 1756 634 1840 φάρε’
651 1757 794 1839 ἐΰννητόν
808 1784 842 1823 τε
856 1764 979 1842 χιτῶνα,
1144 1773 1193 1835 580

249 1864 329 1943 ὄφρα
344 1860 433 1927 νέκυν
446 1861 584 1928 πυκάσας
599 1862 665 1939 δοίη
682 1861 799 1928 οἶκόνδε
815 1860 970 1943 φέρεσθαι.

249 1968 347 2045 δμωὰς
357 1962 390 2058 Ιδ’
407 1966 574 2032 ἐκκαλέσας
587 1970 700 2030 λοῦσαι
715 1962 814 2031 κέλετ’
830 1966 911 2047 ἀμφί
927 1965 953 2028 τ’
969 1966 1106 2048 ἀλεῖψαι,

248 2072 361 2151 νόσφιν
376 2067 528 2152 ἀειράσας,
544 2070 583 2136 ὧς
596 2070 638 2150 μὴ
657 2069 795 2152 Πρίαμος
809 2070 867 2132 ίδοι
883 2069 958 2145 υίόν,

247 2174 288 2254 μὴ
305 2175 321 2238 ὁ
335 2175 391 2255 μὲν
406 2173 558 2260 ἀχνυμένῃ
573 2173 678 2259 κραδίῃ
693 2173 790 2255 χόλον
805 2172 857 2235 αιἰκ
873 2172 1013 2254 ἐρύσαιτο

248 2282 341 2343 παῖδα
356 2277 436 2355 ίδιύυ,
450 2278 575 2362 Ἀχιλῆϊ
590 2277 614 2342 δ’
631 2276 763 2359 ὀρινθείη
779 2276 875 2357 φίλον
889 2275 969 2359 ἦτορ,
1144 2289 1192 2352 585

249 2382 300 2445 καί
313 2384 328 2445 ἐ
344 2381 554 2456 κατακτείνειε,
571 2379 646 2446 Διὸς
661 2377 687 2444 δ’
703 2379 844 2459 ἀλίτηται
859 2379 1001 2461 ἐφετμάς.

248 2490 301 2550 τδν
317 2480 342 2547 δ’
360 2485 426 2548 ἐπεὶ
442 2483 494 2546 οὖν
509 2484 604 2562 δμωαὶ
619 2488 739 2547 λοῦσαν
753 2483 803 2547 καὶ
818 2487 931 2566 χρῖσαν
947 2485 1048 2568 ἐλαίῳ,

249 2587 327 2668 ἀμφὶ
342 2586 375 2651 δέ
388 2613 440 2667 μιν
455 2591 552 2669 φᾶρος
568 2586 662 2652 καλὸν
676 2585 779 2668 βάλον
792 2587 845 2666 ἠδέ
860 2593 982 2670 χιτῶνα,

248 2690 336 2756 αὐτὸς
351 2691 404 2756 τόν
418 2690 446 2773 γ’
463 2688 606 2774 Ἀχιλεὺς
619 2690 736 2774 λεχέων
751 2689 896 2772 ἐπέθηκεν
911 2691 1020 2772 ἀείρας,

249 2793 306 2860 σὺν
320 2792 348 2858 δ’
364 2794 464 2877 ἔταροι
479 2793 583 2876 ἤειραν
598 2793 741 2875 ἐϋξέστην
757 2795 804 2859 ἐπ’
820 2793 948 2873 ἀπήνην.
1145 2821 1193 2872 590

250 2896 374 2981 ᾤμωξέν
386 2898 411 2962 τ’
428 2898 473 2980 ἄρ’
490 2899 605 2976 ἔπειτα,
621 2900 715 2980 φίλον
730 2898 754 2962 δ’
772 2898 919 2978 ὀνόμηνεν
937 2902 1064 2978 ἑταῖρον·

249 3008 265 3035 “
273 3000 315 3080 μή
329 3027 390 3079 μοι,
406 3000 574 3083 Πάτροκλε,
590 3001 815 3081 σκυδμαινέμεν,
834 3003 867 3066 αί
880 3027 914 3066 κε
928 3002 1039 3080 πύθηαι

250 3107 294 3168 είν
306 3104 409 3173 Ἀϊδός
423 3131 480 3187 περ
495 3107 554 3170 ἐὼν
567 3107 614 3169 ὅτι
626 3103 757 3186 Ἕκτορα
773 3109 838 3169 δῖον
854 3105 950 3169 ἔλυσα

249 3209 339 3289 πατρὶ
355 3211 445 3294 φίλῳ,
462 3210 529 3273 ἐπεὶ
545 3209 579 3272 ού
592 3234 645 3290 μοι
660 3207 760 3272 ἀεικέα
774 3213 870 3272 δῶκεν
884 3209 1003 3272 ἀποινα.

249 3314 300 3375 σοὶ
315 3309 342 3375 δ’
354 3312 391 3376 αὖ
406 3313 465 3395 ἐγιδ
483 3313 531 3376 καὶ
546 3311 632 3376 τῶνδ’
649 3309 863 3392 ἀποδάσσομαι
879 3311 949 3376 ὅστ’
962 3309 1129 3377 ἐπέοικεν.”
1144 3337 1193 3390 595

288 3414 333 3476 ’H
347 3417 395 3500 ῥα,
413 3418 461 3480 καὶ
476 3419 508 3481 ἐς
523 3418 645 3494 κλισίην
660 3414 755 3482 πάλιν
769 3414 817 3494 ἤϊε
833 3419 897 3482 δῖος
910 3412 1084 3498 Ἀχιλλεύς,

249 3519 333 3598 ἐζετο
348 3516 372 3582 δ’
389 3522 423 3582 ἐν
438 3522 556 3605 κλισμῷ
573 3518 797 3604 πολυδαιδάλῳ,
814 3518 901 3583 ἐνθεν
915 3517 1035 3597 ἀνέστη,

249 3624 354 3707 τοίχου
368 3627 421 3686 τοῦ
437 3621 547 3704 ἐτέρου,
563 3621 632 3687 ποτὶ
646 3625 679 3686 δέ
696 3623 832 3704 Πρίαμον
848 3619 928 3703 φάτο
943 3626 1046 3702 μῦθον·

250 3733 267 3763 “
277 3729 341 3795 υίδς
357 3714 412 3808 μὲν
427 3724 463 3805 δή
479 3750 526 3790 τοι
540 3724 675 3804 λέλυται,
690 3724 789 3809 γέρον,
805 3725 844 3792 ὦς
859 3723 1007 3804 ἐκέλευες,
