2908 4232
571 395 622 458 24.
647 381 818 442 ΙΛΙΑΔΟΣ
841 383 881 442 Ω.
1126 399 1187 464 491

241 545 330 616 αὔτδς
345 549 426 632 ἔχων
437 550 601 614 ἀτίταλλεν
617 548 746 636 ἐῦξέστῃ
762 551 812 614 ἐπὶ
827 549 936 638 φάτνῃ.
1144 567 1190 615 280

283 655 334 716 Τῶ
348 657 406 733 μέν
421 653 602 737 ζευγνύσθην
617 656 650 718 ἐν
665 655 801 734 δώμασιν
815 657 965 737 ὑψηλοῖσι

241 754 335 839 κῆρυξ
348 759 397 822 καί
413 759 559 840 Πρίαμος,
576 761 686 822 πυκινδ
701 761 794 840 φρεσὶ
809 757 895 838 μήδε’
912 759 1045 841 ἔχοντες·

242 860 411 942 ἀγχίμολον
426 860 461 924 δέ
475 858 531 942 σφ’
548 861 614 940 ἦλθ’
630 859 749 942 Ἑκάβη
765 863 895 941 τετιηότι
910 863 1002 948 θυμῷ,

242 964 324 1029 οἶνον
339 961 444 1048 ἔχοντ’
462 966 496 1028 ἐν
510 965 590 1048 χειρὶ
604 967 778 1046 μελίφρονα
791 964 972 1048 δεξιτερῆφι,

240 1066 359 1152 χρυσέῳ
375 1069 408 1131 ἐν
423 1067 521 1144 δέπαϊ,
539 1071 620 1150 ὄφρα
635 1069 784 1150 λείψαντε
799 1071 924 1149 κιοίτην·
1143 1084 1189 1144 285

242 1174 298 1248 στῆ
314 1170 339 1234 δ’
355 1173 457 1237 ίππων
471 1171 675 1255 προπάροιθεν
691 1172 762 1237 ἔπος
777 1171 802 1234 τ’
820 1170 908 1254 ἔφατ’
924 1173 957 1236 ἐκ
968 1170 994 1235 τ’
1011 1173 1149 1252 ὀνόμαζε·

242 1280 260 1308 “
270 1275 312 1351 τῆ,
331 1281 461 1340 σπεῖσον
477 1276 529 1340 Διὶ
544 1276 643 1357 πατρί,
661 1273 709 1339 καὶ
725 1275 814 1358 εὔχεο
829 1274 922 1339 οἴκαδ’
941 1275 1061 1340 ἱκέσθαι

240 1377 288 1460 ἀφ
303 1381 335 1442 ἐκ
352 1379 525 1459 δυσμενέων
541 1382 665 1462 ἀνδρῶν,
682 1381 749 1444 ἐπεί
765 1377 801 1461 ἀρ
818 1379 908 1461 σέγε
926 1380 1018 1459 θυμδς

241 1482 355 1564 ὀτρύνει
371 1485 421 1548 ἐπὶ
437 1488 519 1562 νῆας,
536 1486 618 1564 ἐμεῖο
633 1486 689 1562 μὲν
704 1483 756 1546 οὔκ
772 1483 945 1562 ἐθελούσης.

241 1582 312 1647 ἀλλ’
328 1587 416 1670 εὔχεο
431 1588 471 1650 σύ
484 1587 512 1670 γ’
529 1588 634 1652 ἔπειτα
649 1586 825 1668 κελαινεφέϊ
841 1588 990 1668 Κρονίωνι
1143 1614 1191 1662 290

239 1687 347 1775 Ἰδαίιρ,
366 1692 399 1757 ὅς
414 1717 447 1756 τε
461 1693 573 1773 Τροίην
588 1691 663 1756 κατὰ
678 1695 781 1768 πᾶσαν
796 1693 909 1772 ὀρεῖται,

240 1795 317 1857 αίτει
332 1792 357 1857 δ1
375 1796 490 1872 οἰωνόν,
507 1796 602 1878 ταχὺν
618 1795 758 1878 ἄγγελον,
774 1796 808 1861 ὅς
823 1821 856 1859 τε
872 1797 902 1857 οἱ
916 1794 995 1878 αότφ

241 1896 387 1976 φίλτατος
403 1901 524 1974 οἰωνῶν,
542 1901 594 1962 καί
607 1902 639 1962 εὔ
656 1898 762 1980 κρότος
778 1899 845 1962 ἐστὶ
859 1896 1015 1980 μέγιστον,

195 2054 197 2057 ,
241 1998 348 2079 δεξιόν,
365 2003 446 2084 ὄφρα
461 2029 513 2082 μιν
529 2003 617 2068 αὐτὸς
633 2004 665 2067 ἐν
682 2003 871 2084 ὀφθαλμοῖσι
888 1999 1001 2082 νοήσας

240 2105 281 2186 τῷ
297 2106 422 2172 πίσυνος
437 2107 486 2168 ἐπὶ
502 2111 574 2184 νῆας
589 2108 636 2192 ίῃς
653 2111 782 2170 Δαναῶν
796 2107 993 2189 ταχυπώλων.
1144 2129 1191 2179 295

241 2207 268 2268 εἰ
283 2206 316 2269 δέ
333 2234 378 2271 τοι
394 2209 428 2271 οὔ
443 2211 535 2273 δώσει
550 2209 601 2272 ἐδν
617 2209 749 2292 ἄγγελον
765 2209 894 2292 εύρύοπα
909 2211 993 2282 Ζεύς,

239 2315 290 2379 οὔκ
305 2315 342 2379 δν
359 2317 417 2394 ἐγώ
433 2315 470 2395 γέ
485 2314 512 2376 σ’
531 2316 634 2378 ἔπειτα
644 2313 851 2394 ἐποτρύνουσα
865 2313 1010 2392 κελοίμην

241 2417 312 2492 νῆας
328 2415 374 2480 ἐπ’
390 2417 538 2499 Ἀργείων
553 2415 632 2482 ἰέναι
647 2415 731 2498 μύλα
746 2443 801 2499 περ
816 2416 987 2497 μεμοῶτα.”

281 2518 346 2596 Τὴν
360 2518 387 2582 δ’
408 2521 652 2599 ἀπαμειβόμενος
668 2519 809 2602 προσέφη
826 2521 963 2602 Πρίαμος
978 2517 1122 2598 θεοειδής·

240 2618 290 2683 “32
305 2621 399 2702 γύναι,
415 2622 449 2685 οὔ
463 2620 519 2703 μέν
534 2648 581 2685 τοι
597 2622 658 2686 τόδ’
677 2622 820 2708 ἐφιεμένῃ
837 2621 984 2702 ἀπιθήσω·
1141 2649 1190 2697 300

240 2725 353 2788 ἐσθλὸν
367 2728 424 2807 γὰρ
441 2723 493 2788 Διὶ
509 2731 611 2806 χεῖρας
628 2725 812 2808 ἀνασχέμεν,
828 2730 862 2790 αἰ
876 2726 904 2789 κ’
920 2724 1065 2812 ἐλεήσῃ.”

278 2825 322 2889 'H
336 2830 384 2910 ῥα,
401 2830 449 2892 καὶ
465 2829 642 2908 ἀμφίπολον
663 2831 771 2908 ταμίην
787 2828 889 2909 ὤτρυν’
906 2830 923 2890 ό
937 2828 1057 2911 γεραιὸς

239 2933 344 3014 χερσὶν
359 2934 435 3014 ὔδωρ
451 2935 589 3015 ἐπιχεῦαι
609 2931 767 3013 ἀκήρατον·
792 2929 813 3010 ἡ
827 2934 860 2996 δέ
879 2931 1014 3013 παρέστη

238 3032 383 3115 χέρνιβον
397 3037 572 3116 ἀμφίπολος
588 3037 722 3119 πρόχοόν
738 3035 768 3098 θ’
786 3035 847 3116 ἅμα
861 3036 968 3118 χερσὶν
983 3035 1107 3118 ἔχουσα.

239 3137 403 3218 νιφόμενος
419 3141 452 3203 δέ
467 3141 620 3204 κύπελλον
636 3138 759 3218 ἐδέξατο
774 3139 810 3218 ἧς
826 3140 963 3222 ἀλόχοιο·
1138 3165 1186 3214 305

240 3239 334 3324 εὔχετ’
352 3243 456 3306 ἔπειτα
472 3247 547 3308 στδς
562 3243 646 3327 μέσῳ
664 3244 752 3324 έρκεϊ,
769 3248 858 3323 λεῖβε
874 3245 907 3306 δέ
922 3242 1005 3305 οἶνον

239 3344 364 3425 οὐρανὸν
378 3348 548 3422 εἰσανιδών,
565 3348 613 3410 καὶ
631 3344 776 3427 φωνήσας
791 3347 863 3411 ἔπος
878 3345 962 3426 ηὔδα·

240 3453 255 3480 “
267 3453 326 3512 Ζεῢ
340 3448 442 3532 πάτερ,
456 3450 576 3528 Ἴδηθεν
590 3449 712 3528 μεδέων,
729 3450 849 3513 κύδιστε
863 3449 998 3542 μέγιστε,

238 3552 290 3618 δός
303 3551 334 3631 μ’
352 3555 383 3618 ἐς
396 3553 564 3636 Ἀχιλλῆος
580 3554 676 3635 φίλον
689 3555 791 3615 ἐλθεῖν
806 3550 852 3630 ἠδ’
868 3555 1011 3632 ἐλεεινόν,

238 3654 362 3737 πέμψον
376 3655 403 3720 δ’
418 3657 534 3732 οἰωνόν,
550 3657 644 3739 ταχὺν
659 3655 800 3738 ἄγγελον,
818 3657 850 3721 ὅς
866 3682 899 3720 τε
916 3658 966 3724 σοί
982 3659 1061 3744 αὐτῷ
1138 3687 1185 3733 310

238 3762 385 3841 φίλτατος
402 3763 526 3838 οἰωνῶν,
542 3763 594 3825 καί
606 3764 639 3826 εὔ
654 3759 760 3842 κρότος
776 3761 843 3825 ἐστὶ
857 3761 1011 3846 μέγιστον,

680 3863 739 3934 R5
