2834 4234
504 368 553 433 13.
575 353 811 413 ΟΔΎΣΣΕΙΑΣ
841 354 879 414 Ν.
1099 365 1161 430 723

211 512 230 594 ἢ
247 517 289 582 είς
303 515 418 580 Ἤλιδα
434 521 512 595 δῖαν,
527 518 575 580 ὅθι
591 516 768 598 κρατέουσιν
783 516 910 582 Ἐπειοί.
1113 542 1159 593 275

212 617 283 684 ἀλλ’
297 619 316 699 ή
332 623 380 684 τοί
394 629 492 702 σφεας
509 625 607 685 κεῖθεν
624 622 767 686 ἀπώσατο
779 621 809 686 ἰς
826 621 948 701 ἀνέμοιο

212 721 304 786 πόλλ’
321 724 547 803 ἀεκαζομένους,
564 722 624 788 οὐδ’
639 723 750 801 ἤθελον
766 723 963 802 ἐξαπατῆσαι.

213 832 311 891 κεῖθεν
326 830 358 890 δὲ
374 828 584 910 πλαγχθέντες
601 828 741 907 ἱκάνομεν
756 828 862 893 ἐνθάδε
879 829 992 893 νυκτός.

212 931 327 1016 σπουδῇ
344 931 370 994 δ’
385 932 415 997 ές
432 931 540 1012 λιμένα
555 931 795 1013 προερέσσαμεν,
811 931 881 995 οὐδέ
895 958 942 997 τις
956 930 1030 1010 ἡμῖν

212 1036 323 1115 δόρπου
337 1039 464 1113 μνῆστις
479 1036 539 1113 ἔην,
557 1035 641 1115 μάλα
656 1061 712 1116 περ
727 1036 889 1117 χατέουσιν
905 1034 1041 1111 ἑλέσθαι,
1111 1051 1158 1098 280

213 1137 282 1200 ἀλλ’
299 1138 394 1204 αὕτως
410 1139 583 1217 ἀποβάντες
598 1140 735 1217 ἐκείμεθα
751 1138 822 1218 νηὸς
837 1139 974 1204 ἅπαντες.

213 1237 273 1305 ἔνθ’
289 1243 341 1320 ε’μὲ
355 1242 410 1318 μὲν
425 1243 537 1322 γλυκὺς
551 1243 644 1308 ὕπνος
660 1241 793 1320 ἐπήλυθε
810 1247 975 1321 κεκμηῶτα,

212 1347 240 1406 οἱ
256 1345 289 1407 δὲ
303 1342 430 1426 χρήματ’
446 1344 503 1423 έμά
517 1349 674 1428 γλαφυρῆς
690 1348 723 1408 ἐκ
739 1346 809 1424 νηδς
826 1346 946 1411 ἑλόντες

212 1447 370 1524 κάτθεσαν,
387 1449 458 1514 ἔνθα
474 1475 529 1530 περ
545 1449 633 1515 αιίτδς
649 1451 699 1513 ἐπὶ
714 1450 905 1530 ψαμάθοισιν
920 1450 1051 1527 ἐκείμην.

212 1554 240 1614 οἱ
256 1550 281 1616 δ’
296 1555 327 1618 ές
342 1555 483 1632 Σιδονίην
498 1553 531 1616 εὖ
546 1552 704 1632 ναιομένην
719 1551 889 1632 ἀναβάντες
1111 1568 1158 1628 285

212 1654 335 1739 ᾤχοντ’·
359 1656 451 1739 αὐτὰρ
467 1658 525 1740 ἐγὼ
539 1658 672 1736 λιπόμην
687 1655 875 1740 ἀκαχήμενος
891 1654 993 1735 ήτορ.”

248 1758 312 1827 Ὣς
327 1759 417 1841 φάτο,
433 1763 575 1842 μείδησεν
592 1763 624 1825 δὲ
641 1761 694 1824 θεά
710 1766 883 1840 γλαυκῶπις
899 1758 1021 1839 Ἀθήνη,

210 1866 292 1946 χειρί
305 1865 339 1928 τέ
352 1890 404 1942 μιν
420 1863 567 1947 κατέρεξε·
591 1865 680 1943 δέμας
696 1864 721 1927 δ’
737 1865 822 1943 ἤϊκτο
837 1865 956 1944 γυναικὶ

212 1967 290 2054 καλῇ
304 1993 338 2030 τε
351 1968 469 2053 μεγάλῃ
485 1993 518 2031 τε
535 1965 583 2030 καὶ
598 1969 700 2045 ἀγλαὰ
716 1967 789 2047 ἔργα
804 1967 890 2051 ἰδυίῃ·

212 2071 262 2133 καί
275 2096 327 2150 μιν
342 2068 501 2151 φωνήσασ’
517 2071 592 2134 ἔπεα
606 2071 769 2150 πτερόεντα
788 2068 953 2150 προσηύδα·
1110 2099 1160 2150 ²90

211 2183 228 2209 “
240 2175 400 2257 κερδαλέος
416 2173 442 2238 κ’
452 2174 503 2254 -εῖη
521 2175 569 2238 καὶ
585 2175 749 2239 ἐπίκλοπος
765 2175 798 2239 ὅς
814 2199 851 2237 σε
866 2174 1013 2252 παρέλθοι

211 2281 244 2342 έν
259 2278 408 2342 πάντεσσι
424 2279 553 2355 δόλοισι,
570 2276 618 2341 καὶ
634 2279 660 2342 εἰ
677 2278 744 2344 θεὸς
759 2275 921 2341 ἀντιάσειε.

212 2380 343 2465 σχέτλιε,
360 2386 570 2462 ποικιλομῆτα,
585 2382 684 2445 δόλων
700 2381 754 2459 ἆτ’,
771 2382 822 2446 οὐκ
838 2379 884 2461 ἀρ’
900 2381 1038 2459 ἔμελλες,

211 2482 272 2550 οὐδ’
288 2488 320 2549 έν
336 2479 448 2572 σῇπερ
464 2487 522 2552 έὼν
536 2487 614 2572 γαίῃ,
629 2483 735 2564 λήξειν
750 2482 892 2548 ἀπατάων

211 2589 310 2667 μόθων
325 2615 358 2654 τε
374 2590 517 2667 κλοπίων,
534 2592 565 2655 οἵ
578 2615 626 2652 τοι
641 2589 768 2653 πεδόθεν
784 2590 873 2669 φίλοι
889 2589 977 2652 εἰσίν.
1113 2617 1160 2666 295

213 2690 283 2755 ἀλλ’
298 2694 362 2776 ἄγε,
378 2694 481 2771 μηκέτι
496 2698 587 2755 ταῦτα
603 2693 769 2775 λεγώμεθα,
786 2693 898 2758 εἰδότες
913 2691 1005 2772 ἄμφω

211 2794 313 2876 κέρδε’,
328 2798 394 2861 έπεὶ
410 2797 449 2860 σὺ
464 2799 519 2876 μέν
534 2798 605 2860 ε’σσι
620 2803 740 2879 βροτῶν
756 2797 802 2880 ὄχ’
822 2795 944 2877 ἀριστος
961 2795 1102 2860 ἀπάντων

210 2899 310 2986 βουλῇ
328 2901 376 2963 καὶ
391 2899 541 2978 μόθοισιν,
559 2899 619 2979 ἐγὼ
635 2897 660 2961 δ’
675 2901 708 2962 ε’ν
726 2903 803 2962 πᾶσι
819 2903 916 2962 θεοῖσι

210 3001 281 3079 μήτι
296 3028 328 3066 τε
344 3003 471 3084 κλέομαι
486 3003 535 3066 καὶ
550 3002 695 3082 κέρδεσιν·
718 3002 784 3066 οὐδὲ
801 2999 882 3084 σύγ’
899 3002 993 3084 έγνως

211 3103 351 3169 Παλλάδ’
365 3103 537 3184 Ἀθηναίην,
554 3106 661 3186 κοόρην
678 3108 760 3182 Διός,
775 3105 795 3185 ή
810 3106 843 3170 τέ
858 3129 905 3170 τοι
920 3103 979 3170 αἰεὶ
1110 3135 1160 3179 300

212 3211 245 3272 έν
260 3209 410 3274 πάντεσσι
425 3211 548 3273 πόνοισι
565 3210 750 3290 παρίσταμαι
766 3207 818 3287 ἠδὲ
834 3207 997 3289 φυλάσσω,

213 3314 260 3376 καὶ
275 3312 308 3377 δέ
323 3340 360 3378 σε
376 3312 547 3392 Φαιήκεσσι
562 3314 656 3393 φίλον
670 3311 839 3377 πάντεσσιν
854 3312 957 3391 έθηκα.

211 3421 263 3481 νῦν
278 3417 315 3480 αὖ
330 3417 407 3498 δεῦρ’
423 3417 539 3496 ἱκόμην,
556 3418 606 3481 ἵνα
620 3441 668 3480 τοι
683 3415 740 3480 σὺν
755 3419 844 3495 μῆτιν
859 3414 965 3496 ὑφήνω

212 3517 350 3602 χρήματά
364 3545 397 3584 τε
413 3521 527 3601 κρόφω,
545 3521 604 3584 ὅσα
618 3544 665 3583 τοι
681 3520 811 3597 Φαίηκες
826 3517 932 3602 ἀγαυοὶ

213 3623 338 3687 ῶπασαν
353 3622 447 3686 οἴκαδ’
467 3623 544 3686 ἰόντι
560 3622 616 3706 ἐμῇ
629 3623 729 3708 βουλῇ
747 3648 779 3686 τε
794 3623 853 3706 νόῳ
868 3647 911 3699 τε,
1112 3650 1165 3698 305

212 3727 285 3790 εἴπω
302 3725 328 3789 θ’
344 3727 427 3789 όσσα
441 3752 486 3790 τοι
501 3726 575 3790 αἶσα
588 3728 689 3807 δόμοις
707 3727 752 3790 ένι
768 3731 922 3805 ποιητοῖσι
