2746 4228
243 347 284 408 60
573 365 601 431 3·
627 351 796 410 ιΛιΑΔοΣ
819 351 852 411 r.

243 517 293 578 καί
302 515 332 598 ῥ’
349 513 437 598 ἐγγὺς
453 511 566 594 στήτην
584 519 766 601 διαμετρητῷ
782 518 827 582 ἐνὶ
842 519 930 603 χόρῳ

243 617 353 682 σείοντ’
371 619 493 700 ἐγχείας
509 616 695 696 ἀλλήλοισιν
711 619 858 685 κοτέοντε.
1137 645 1185 696 345

242 722 357 802 πρόσθε
372 720 397 784 δ’
412 717 614 803 Ἀλέξανδρος
629 721 727 804 προίει
741 724 938 805 δολιχόσκιον
953 723 1052 807 ἔγχος,

243 825 292 887 καὶ
306 821 406 903 βάλεν
422 821 577 906 Ἀτρείδαο
593 823 656 887 κατ’
674 827 789 890 ἀσπίδα
804 824 931 892 πάντοσ’
948 825 1045 905 ἐίσην,

243 926 302 990 οὐδ’
320 923 443 1009 ἔρρηξεν
457 928 585 1010 χαλκόν,
602 926 798 1010 ἀνεγνάμφθη
815 928 848 992 δέ
864 931 893 993 οἱ
909 929 1002 1012 αίχμῆ

243 1031 350 1094 ἀσπίδι
366 1031 399 1093 ἐν
415 1033 550 1117 κρατερῇ·
574 1032 639 1094 ὁδὲ
654 1031 792 1114 δεύτερον
808 1033 919 1114 ὤρνυτο
934 1033 1040 1116 χαλκῷ

242 1131 395 1215 Ἀτρείδης
411 1131 570 1198 Μενέλαος
585 1131 784 1214 ἐπευξάμενος
798 1137 849 1198 Διὶ
861 1137 961 1217 πατρί·
1138 1162 1187 1210 550

244 1245 262 1271 ‘¹
273 1241 333 1300 Ζεῦ
348 1237 414 1308 ἀνα,
431 1236 481 1301 δὸς
496 1238 641 1300 τίσασθαι
656 1238 675 1300 ὅ
688 1263 727 1317 με
741 1239 885 1321 πρότερος
901 1236 963 1301 κάκ’
982 1238 1078 1321 ἔοργε,

243 1344 308 1405 δῖον
324 1337 533 1422 Ἀλέξανδρον,
550 1341 599 1404 καὶ
614 1342 687 1426 ἐμῆς
700 1341 759 1405 ὑπὸ
773 1343 864 1425 χερσὶ
878 1340 1047 1422 δάμασσον,

244 1447 324 1526 ὄφρα
339 1469 384 1511 τις
400 1445 536 1530 ἐρρίγῃσι
552 1445 601 1509 καὶ
616 1445 772 1527 ὀψιγόνων
786 1446 950 1528 ἀνθρώπων

244 1547 415 1625 ξεινοδόκον
430 1550 506 1612 κακὰ
519 1545 615 1631 ῥέξαι,
632 1550 649 1610 ὅ
665 1574 716 1613 κεν
731 1549 884 1631 φιλότητα
899 1547 1073 1635 παράσχῃ.”

283 1649 327 1713 Ἦ
341 1653 390 1734 ῥα,
408 1649 456 1715 καὶ
472 1652 659 1729 ἀμπεπαλὼν
675 1649 774 1733 προίει
788 1653 987 1736 δολιχόσκιον
1003 1654 1103 1734 ἔγχος,
1138 1677 1186 1728 355
1203 1735 1205 1744 Δ

245 1755 293 1819 καὶ
306 1753 389 1834 βάλε
404 1755 574 1836 Πριαμίδαο
590 1754 652 1818 κατ’
670 1755 786 1818 ἀσπίδα
801 1753 927 1820 πάντοσ’
946 1753 1042 1834 ἐίσην·

244 1860 293 1922 διδ
307 1859 363 1938 μὲν
378 1858 506 1924 ἀσπίδος
521 1857 598 1938 ῆλθε
612 1861 739 1940 φαεινῆς
754 1859 883 1940 όβριμον
899 1858 998 1941 ἔγχος,

245 1962 293 2024 καὶ
309 1963 359 2024 διδ
375 1960 508 2042 θόρηκος
523 1959 748 2026 πολυδαιδάλου
763 1960 933 2043 ἠρήρειστο·

245 2064 365 2146 ἀντικρὺ
380 2067 413 2128 δέ
428 2065 521 2146 παραὶ
535 2063 676 2146 λαπάρην
692 2063 822 2144 διάμησε
834 2071 950 2148 χιτῶνα

244 2169 345 2251 ἔγχος·
369 2167 426 2232 ὁδ’
443 2169 565 2247 ἐκλίνθη
582 2168 631 2232 καὶ
646 2167 775 2232 ἀλεύατο
791 2171 867 2250 κῆρα
880 2166 1037 2247 μέλαιναν.
1140 2179 1188 2241 360

230 2269 398 2351 ,Ἀτρείδης
413 2250 456 2336 δέι
462 2269 668 2353 ἐρυσσάμενος
684 2267 773 2352 ξίφος
788 2271 975 2353 ἀργυρόηλον

244 2370 360 2451 πλῆξεν
374 2374 583 2456 ἀνασχόμενος
599 2375 723 2455 κόρυθος
738 2372 850 2454 φάλον·
874 2372 952 2453 ἀμφὶ
967 2371 992 2434 δ’
1009 2370 1054 2452 ἀρ’
1072 2370 1150 2456 αὐτῷ

243 2474 353 2559 τριχθά
366 2501 400 2540 τε
415 2477 465 2540 καὶ
479 2479 630 2559 τετραχθδ
644 2477 806 2557 διατρυφὲν
822 2475 932 2539 ἔκπεσε
947 2474 1060 2557 χειρός.

245 2577 397 2662 Ἀτρείδης
412 2577 437 2643 δ’
455 2576 578 2664 ᾤμωξεν
593 2579 665 2642 ῑδδν
680 2580 722 2645 είς
737 2578 864 2660 οὐρανὸν
879 2577 973 2659 εὗρόν·

247 2689 264 2719 “
276 2688 335 2748 Ζεῦ
349 2681 452 2764 πάτερ,
470 2681 505 2746 οὔ
519 2707 564 2748 τις
580 2686 646 2746 σεῖο
662 2686 739 2746 θεῶν
754 2682 920 2762 όλοότερος
936 2680 1041 2746 ἄλλος·
1138 2693 1187 2758 365

245 2787 264 2867 ῆ
279 2785 304 2850 τ’
320 2784 440 2868 ἐφάμην
454 2786 601 2850 τίσασθαι
615 2782 819 2866 Ἀλέξανδρον
834 2785 1007 2863 κακότητος·

245 2896 298 2957 νῦν
313 2888 346 2954 δέ
359 2914 411 2970 μοι
426 2889 460 2953 ἐν
474 2891 634 2972 χείρεσσιν
649 2888 707 2971 άγη
724 2886 822 2969 ξίφος,
839 2888 873 2950 ἐκ
887 2885 921 2950 δέ
935 2912 987 2966 μοι
1002 2887 1094 2971 ἔγχος

245 2993 336 3077 ήίχθη
352 2991 534 3072 παλάμηφιν
549 2992 685 3066 ἐτόσιον,
702 2991 762 3056 οὐδ’
781 2989 900 3072 ἔβαλόν
913 2990 994 3070 μιν.”

284 3094 339 3169 Ἦ,
360 3096 409 3159 καὶ
424 3093 551 3174 ἐπαΐξας
567 3095 691 3177 κόρυθος
704 3092 806 3173 λάβεν
821 3094 1030 3174 ἱπποδασείης,

246 3199 316 3263 ἕλκε
332 3197 356 3263 δ’
372 3196 561 3280 ἐπιστρέψας
577 3196 640 3277 μετ’
658 3193 836 3274 ἐϋκνήμιδας
850 3195 1003 3279 Ἀχαιούς·
1138 3221 1189 3273 370

246 3303 324 3385 ἄγχε
338 3300 372 3365 δέ
385 3326 437 3380 μιν
452 3301 637 3366 πολύκεστος
653 3302 721 3377 ίμδς
737 3297 859 3378 ἀπολῆν
872 3298 931 3362 ὑπὸ
947 3298 1058 3381 δειρήν,

246 3406 280 3471 ός
295 3406 324 3468 οἱ
338 3403 387 3467 ὑπ’
404 3405 586 3484 ἀνθερεῶνος
601 3401 690 3485 ὀχεδς
704 3400 809 3464 τέτατο
825 3402 1017 3482 τρυφαλείης.

247 3506 297 3570 καί
311 3505 346 3571 νό
361 3531 411 3570 κεν
427 3504 568 3588 είρυσσέν
582 3530 616 3570 τε
632 3504 681 3568 καὶ
696 3503 831 3568 άσπετον
846 3504 938 3584 ῆρατο
954 3507 1052 3584 κῦδος,

248 3612 274 3673 εί
288 3608 328 3688 μῆ
344 3608 388 3691 ἄρ’
405 3607 460 3688 όξδ
475 3610 568 3690 νόησε
585 3607 658 3674 Διὸς
673 3605 804 3689 θυγάτηρ
818 3603 994 3686 Ἀφροδίτη,

245 3711 265 3792 ῆ
281 3713 310 3775 οἱ
324 3709 413 3794 ῥῆξεν
428 3710 536 3792 ίμάντα
549 3709 625 3790 βοὸς
639 3709 689 3791 ἶφι
705 3707 872 3788 κταμένοιο·
1139 3733 1189 3786 ³7⁵
