2874 4234
539 369 569 438 5·
593 359 828 420 οοοονυικν
861 361 895 419 υ.
1128 373 1192 444 593

243 530 295 592 νῦν
311 527 345 592 δέ
358 551 396 605 με
411 526 567 611 λευγαλέῳ
584 526 701 610 θανάτῳ
718 531 838 606 εἵμαρτο
853 525 996 592 ἀλῶνιιι.”
1072 539 1075 547 ’

280 629 343 695 *Ως
359 629 415 711 ἀρα
430 628 610 710 μιν,είπόντ’
623 632 738 695 ἔλασεν
752 629 829 712 μέγα
845 636 922 710 κῦμα
937 629 1000 694 κατ’
1015 633 1118 714 ἀκρης,

243 739 342 797 δεινὸν
358 733 573 813 ἐπεσσύμενον,
588 731 656 813 περὶ
672 735 704 796 δέ
720 735 847 817 σχεδίην
863 733 968 813 ἐλέλιξ
985 783 992 798 .

242 841 316 916 τῆλε
333 834 358 902 δ’
373 837 432 900 ἀπὸ
448 838 572 920 σχεδίης
588 837 676 903 αὐτὸς
688 837 776 912 πέσε,
792 838 942 916 πηδάλιον
957 843 990 904 δέ
1141 868 1170 916 3¹
1176 867 1189 916 5

243 942 275 1002 ἐκ
291 946 402 1023 χειρῶν
418 943 555 1020 προέηκε·
577 940 674 1019 μέσον
690 940 723 1005 δέ
738 943 767 1005 οἱ
781 943 866 1005 ίστὸν
879 941 948 1019 ἔαξε

243 1044 324 1122 δεινὴ
339 1043 530 1125 μισγομένων
545 1044 662 1123 ἀνέμων
677 1046 811 1108 ἐλθοῦσα
826 1045 948 1121 θύελλα,

242 1151 334 1226 τηλοῦ
351 1147 383 1212 δὲ
397 1152 524 1228 σπεῖρον
540 1148 588 1210 καὶ
604 1149 738 1228 ἐπίκριον
754 1148 868 1227 ἔμπεσε
885 1149 996 1234 πόντῳ.
1024 1187 1027 1193 s

243 1249 295 1314 τὸν
312 1246 337 1312 δ’
352 1247 398 1331 ἀρ’
415 1252 574 1331 ὑπόβρυχα
590 1253 662 1328 θῆκε
678 1250 773 1314 πολὺν
788 1253 908 1334 χρόνον,
925 1251 985 1317 οὐδ’
999 1252 1149 1332 ἐδυνάσθη

242 1353 321 1434 αἶψα
335 1349 407 1431 μάλ’
422 1354 600 1436 ἀνσχεθέειν
615 1353 750 1436 μεγάλου
764 1357 823 1418 ὑπὸ
841 1356 968 1435 κύματος
980 1358 1080 1437 ἀρμῆό·
1141 1385 1190 1432 320

243 1458 349 1536 είματα
363 1454 421 1538 γάρ
435 1453 468 1538 ῤ’
483 1455 620 1537 ἐβάρυνε,
637 1456 673 1519 τά
688 1459 717 1520 οί
732 1459 806 1538 πόρε
821 1464 870 1522 δῖα
889 1461 1033 1537 Κολυφιό.

242 1560 302 1633 ἀψὲ
319 1563 352 1623 δέ
368 1558 403 1637 δή
419 1558 450 1642 ῥ’
465 1561 563 1637 ἀνέδυ,
579 1562 728 1639 στόματος
744 1558 769 1625 δ’
785 1559 949 1639 ἐξέπτυσεν
965 1563 1065 1644 ἅλμην

243 1661 358 1742 πικρήν,
374 1663 397 1740 ἥ
410 1665 437 1726 οἱ
452 1664 554 1742 πολλὴ
571 1664 632 1727 ἀπδ
647 1669 750 1744 κρατὸς
767 1665 936 1746 κελάρυζεν.

243 1763 312 1829 ἀλλ’
327 1764 387 1832 οὐδ’
403 1767 441 1832 ὣς
458 1767 581 1849 σχεδίης
597 1767 774 1846 ἐπελήθετο,
792 1770 962 1849 τειρόμενός
978 1795 1044 1852 περ,

242 1871 324 1932 ἀλλά
338 1872 536 1950 μεθορμηθεὶς
552 1869 596 1934 ἐνὶ
612 1871 739 1951 κύμασιν
756 1870 899 1952 ἐλλάβετ’
914 1873 1013 1950 αὐτῆς,
1139 1901 1188 1951 325

242 1975 275 2036 ἐν
289 1972 390 2058 μέσσῃ
408 1975 440 2036 δέ
456 1974 557 2050 καθῖζε
572 1975 659 2038 τέλος
675 1973 802 2038 θανάτου
817 1977 971 2040 ἀλεείνων.

241 2075 295 2154 τὴν
314 2073 339 2139 δ’
356 2076 460 2156 ἐφόρει
474 2076 551 2158 μέγα
568 2081 645 2153 κῦμα
661 2077 733 2139 κατὰ
747 2078 818 2157 ῥόον
834 2078 907 2141 ἔνθα
923 2081 972 2143 καὶ
987 2080 1068 2143 ἔνθα.
1135 2095 1136 2098 ’

242 2179 280 2244 ὧς
296 2178 321 2243 δ’
337 2177 379 2242 ἀπ’
394 2179 542 2260 ὀπωρινὸς
553 2180 666 2260 Βορέης
680 2180 829 2266 φορέῃσιν
844 2180 974 2248 ἀκάνθας

241 2283 282 2362 ἀμ
297 2284 410 2358 πεδίον,
426 2279 546 2348 πυκιναί
562 2286 594 2347 δὲ
609 2284 683 2364 πρὸς
699 2282 875 2371 ἀλλήλῃσιν
891 2286 1024 2367 ἔχονται,

243 2388 281 2452 δς
298 2389 352 2466 τὴν
368 2386 409 2466 ἀμ
424 2387 556 2468 πέλαγος
571 2387 676 2464 ἀνεμοι
693 2386 787 2468 φέρον
802 2390 875 2451 ἔνθα
891 2386 940 2452 καὶ
955 2393 1038 2453 ἔνθα·
1137 2417 1187 2466 330

242 2493 354 2554 ἄλλοτε
368 2489 425 2568 μέν
440 2514 472 2554 τε
488 2491 586 2556 Νότος
601 2491 697 2578 Βορέῃ
712 2492 910 2574 προβάλεσκε
925 2495 1082 2574 φέρεσθαι,

242 2595 354 2658 ἀλλοτε
371 2591 396 2657 δ’
411 2591 473 2657 αὖτ’
488 2593 584 2674 Εάρος
600 2595 727 2678 Ζεφύρῳ
744 2593 865 2674 εἴξασκε
880 2598 1006 2662 διόκειν.

284 2703 347 2762 Τὸν
363 2700 395 2760 δὲ
410 2698 473 2768 ίδεν
489 2698 609 2778 Κάδμου
627 2697 768 2781 θυγάτηρ,
783 2701 990 2780 καλλίσφυρος
1004 2698 1079 2779 Ἰνώ,

242 2801 403 2878 Λευκοθέη,
419 2799 437 2878 ἢ
453 2802 523 2882 πρὶν
538 2803 593 2879 μὲν
608 2802 662 2878 έην
676 2803 788 2882 βροτὸς
804 2802 970 2880 αὐδήεσσα,

242 2909 294 2970 νῦν
312 2902 337 2968 δ’
352 2907 428 2970 ἀλὸς
445 2907 477 2969 ἐν
490 2905 666 2986 πελάγεσσι
683 2911 759 2970 θεῶν
774 2904 811 2985 ἐξ
825 2907 933 2988 ἔμμορε
952 2910 1047 2986 τιμῆς.
1137 2935 1187 2984 335

242 3008 261 3086 ἥ
275 3007 305 3091 ῥ’
321 3006 444 3087 Ὀδυσῆ’
459 3008 586 3088 ἐλέησεν
603 3010 769 3089 ἀλώμενον,
785 3009 869 3091 ἄλγε’
885 3011 1003 3092 ἔχοντα·

244 3107 357 3198 [αἰθυίῃ
376 3111 401 3176 δ’
417 3115 512 3176 ἐϊκυῖα
527 3115 603 3198 ποτῇ
619 3113 779 3177 ἀνεδύσετο
795 3109 926 3200 λίμνης,]
976 3169 977 3174 ,

242 3216 286 3292 ἷζε
302 3213 327 3278 δ’
343 3217 392 3278 ἐπὶ
408 3217 532 3297 σχεδίης
549 3217 601 3280 καί
609 3227 664 3295 ’μιν
680 3217 754 3296 πρὸς
768 3222 863 3296 μῦθον
879 3217 971 3280 ἔειπε·

286 3325 302 3351 “
316 3316 466 3401 Κάμμομε,
485 3320 570 3384 τίπτε
586 3346 638 3399 τοι
648 3322 705 3383 ὧδε
721 3318 901 3386 Ποσειδάων
917 3321 1086 3403 ἐνοσίχθων

243 3418 369 3484 ὠδύσατ’
383 3422 551 3505 ἐκπάγλως,
566 3423 613 3486 ὅτι
628 3447 675 3486 τοι
694 3425 770 3486 κακά
784 3427 888 3486 πολλὰ
903 3425 1022 3503 φυτεύει
1036 3450 1046 3498 ,·
1066 3454 1068 3459 ·
1137 3455 1187 3503 340

243 3525 277 3587 οὐ
294 3527 350 3604 μὲν
365 3525 400 3604 δή
418 3552 454 3590 σε
470 3529 660 3608 καταφθίσει,
676 3527 760 3607 μάλα
776 3553 831 3606 περ
846 3529 1018 3606 μενεαίνων.

243 3628 325 3692 ἀλλά
337 3626 412 3709 Ιμάλ’
427 3628 477 3694 ὧδ’
493 3629 587 3711 ἔρξαι,
602 3630 715 3696 δοκέεις
731 3630 765 3694 δέ
779 3643 830 3710 μοι
844 3632 898 3695 οὐκ
913 3634 1101 3698 ἀπινύσσειν·

242 3735 348 3814 εἵματα
367 3731 446 3797 ταῦτ’
462 3735 572 3801 ἀποδὺς
588 3735 711 3819 σχεδίην
727 3733 863 3815 ἀνέμοισι
879 3737 1026 3817 φέρεσθαι
