2788 4230
501 929 890 1007 ΟΔΥΣΣΕΙΑΣ
934 927 975 1005 Σ.

448 1233 662 1321 Ὀδυσσέως
688 1237 750 1316 καὶ
771 1231 873 1341 Ἴρου
898 1238 1036 1341 πυγμή.

261 1424 362 1489 Ἦλθε
381 1423 405 1490 δ’
422 1428 471 1490 ἐπὶ
487 1433 607 1510 πτωχὸς
626 1425 799 1506 πανδήμιος,
815 1425 847 1493 δς
864 1426 938 1490 κατὰ
953 1426 1030 1489 ἀστν

263 1528 447 1613 πτωχεύεσκ’
462 1525 591 1608 Ἰθάκης,
606 1533 681 1609 μετδ
697 1529 722 1594 δ’
739 1530 849 1611 ἔπρεπε
865 1527 989 1612 γαστέρι
1004 1526 1102 1614 μάργῃ

263 1634 372 1715 ἀζηχὲς
387 1632 523 1714 φαγέμεν
540 1636 589 1697 καὶ
605 1632 719 1711 πιέμεν·
743 1633 811 1698 ούδέ
825 1636 854 1697 οἱ
870 1633 908 1712 ήν
921 1633 951 1699 ἲς

262 1737 330 1800 οὐδὲ
345 1738 413 1816 βίη,
428 1736 507 1802 εἶδος
522 1738 554 1800 δὲ
568 1735 652 1815 μάλα
665 1735 760 1819 μέγας
775 1736 812 1815 ήν
827 1736 982 1818 ὁράασθαι.

262 1841 399 1920 Ἀρναῖος
415 1839 441 1903 δ’
457 1839 539 1918 ὄνομ’
555 1839 637 1905 έσκε·
670 1840 704 1904 τδ
721 1839 776 1922 γὰρ
793 1841 861 1905 θέτο
876 1842 984 1905 πότνια
999 1838 1094 1922 μήτηρ
1195 1865 1210 1913 5

262 1945 295 2006 ἐκ
310 1946 443 2025 γενετῆς·
471 1941 553 2023 Ἷραν
568 1946 600 2007 δὲ
615 1944 678 2009 νέοι
694 1946 859 2024 κίκλησκον
874 1945 1014 2022 ἀπαντες,

262 2047 356 2110 οὕνεκ’
372 2046 603 2129 ἀπαγγέλλεσκε
620 2048 701 2127 κιόν,
717 2051 767 2112 ὅτε
785 2049 844 2113 πού
858 2071 903 2116 τις
919 2048 1039 2131 ἀνιόγοι·

261 2151 295 2216 ὅς
309 2150 339 2231 ῥ’
356 2153 453 2215 ἐλθὼν
467 2150 602 2228 Ὀδυσῆα
617 2151 741 2215 διώκετο
757 2154 803 2215 oto
820 2153 932 2230 δόμοιο,

262 2256 313 2317 καί
325 2280 376 2332 μιν
392 2256 525 2318 νεικείων
540 2253 614 2315 ἔπεα
629 2256 793 2334 πτερόεντα
807 2255 971 2336 προσηύδα·

262 2363 282 2392 “
293 2357 364 2434 εἶκε,
380 2357 477 2438 γέρον,
495 2356 651 2438 προθύρου,
666 2358 706 2438 μὴ
722 2359 758 2438 δὴ
774 2357 852 2442 τάχα
869 2359 918 2421 καὶ
933 2358 1025 2424 ποδὸς
1040 2357 1124 2444 έλκῃ.
1179 2385 1210 2420 ιο

262 2462 313 2524 οὐκ
330 2458 406 2525 ἀίεις
421 2460 467 2522 ὅτι
483 2459 519 2538 δή
533 2485 584 2538 μοι
601 2463 812 2540 ἐπιλλίζουσιν
828 2461 967 2538 ἅπαντες,

262 2562 420 2642 ἑλκέμεναι
435 2567 467 2627 δὲ
484 2562 643 2639 κέλονται,·
668 2567 726 2647 ἐγὼ
743 2563 768 2630 δ’
784 2565 966 2648 αἰσχύνομαι
982 2565 1087 2645 ἔμπης.

262 2665 331 2730 ἀλλ’
347 2666 414 2743 ἀνα,
429 2666 470 2747 μή
485 2665 565 2750 τάχα
580 2674 651 2733 νῶῖυ
667 2669 728 2748 έρις
744 2669 793 2732 καὶ
807 2667 896 2752 χερσὶ
912 2666 1063 2751 γένηται.”

303 2771 365 2836 Τὸν
380 2771 405 2835 δ’
419 2770 466 2853 ἀρ’
481 2773 596 2850 ὑπόδρα
611 2774 682 2838 ίδδν
698 2770 836 2854 προσέφη
853 2773 1019 2853 πολύμητις
1034 2771 1210 2840 Ὀδυσσεύς·

261 2881 282 2911 “
294 2875 429 2954 δαιμόνι’,
446 2875 512 2938 οὔτε
528 2877 559 2938 τί
572 2902 608 2940 σε
622 2876 697 2960 ῥέζω
714 2875 804 2941 κακὸν
822 2874 884 2939 οὔτ’
895 2876 1036 2958 ἀγορεύω,
1178 2905 1209 2956 15

260 2981 328 3044 οὔτε
343 2977 409 3043 τινὰ
425 2979 543 3060 φθονέω
560 2981 682 3060 δόμεναι
699 2981 745 3042 καὶ
761 2979 853 3044 πόλλ’
869 2978 1023 3044 ἀνελόντα.

260 3082 345 3149 οὐδὸς
361 3083 387 3147 δ’
402 3081 588 3166 ἀμφοτέρους
605 3085 656 3147 ὅδε
669 3084 816 3166 χείσεται,
831 3082 900 3149 οάδέ
915 3084 945 3146 τί
958 3109 995 3148 σε
1009 3083 1067 3166 χρὴ

260 3188 429 3268 ἀλλοτρίων
443 3185 593 3268 φθονέειν·
623 3185 733 3252 δοκέεις
748 3184 782 3250 δέ
795 3211 847 3266 μοι
862 3188 940 3252 εἶναι
955 3185 1069 3266 ἀλήτης

260 3292 299 3355 ὥς
316 3315 371 3372 περ
387 3292 473 3373 έγῶυ,
488 3291 587 3370 ὄλβου
603 3294 635 3354 δὲ
651 3291 714 3355 θεοὶ
729 3289 898 3371 μέλλουσιν
912 3289 1045 3368 ἀπόζειν.

259 3395 349 3477 χερσὶ
365 3396 397 3457 δὲ
412 3392 453 3473 μή
469 3419 498 3457 τι
512 3395 584 3472 λίην
598 3395 790 3476 προκαλίζεο,
805 3393 846 3475 μή
861 3419 898 3475 με
913 3394 1062 3482 χολόσῃς,
1175 3422 1208 3460 ιο

258 3496 300 3577 μή
315 3523 353 3561 σε
367 3496 463 3580 γέρων
478 3523 534 3579 περ
550 3498 607 3561 έὼυ
623 3501 734 3577 στῆθος
750 3499 798 3562 καὶ
813 3500 924 3582 χείλεα
937 3499 1044 3580 φύρσω

260 3604 394 3682 αἵματος·
422 3599 535 3683 ἡσυχίη
551 3602 577 3665 δ’
592 3600 630 3666 δν
645 3599 711 3681 ἐμοὶ
727 3605 776 3666 καὶ
791 3606 911 3683 μᾶλλον
927 3599 968 3666 ἔτ’
983 3603 1029 3682 είη

260 3707 370 3786 αὔριον·
402 3703 435 3768 αὖ
448 3705 505 3783 μὶν
519 3704 576 3788 γάρ
591 3706 622 3768 τί
636 3705 665 3767 σ’
680 3704 929 3788 ὑποστρέψεσθαι
944 3705 998 3771 ἀίω
