2874 4234
517 341 545 407 7·
577 330 810 391 οιιυννοικς
844 333 882 392 ιι.
1111 331 1174 410 619

227 498 300 561 ἔνθα
312 495 346 559 κέ
360 494 389 575 μ’
400 496 587 575 ,ἐκβαίνοντα
601 495 735 577 βιήσατο
751 497 816 576 κῦμ’
834 496 882 562 ἐπὶ
898 497 1018 581 χέρσου,

227 599 336 687 πέτρῃς
352 599 426 680 πρὸς
442 596 594 686 μεγάλῃσι
608 599 710 681 βαλὸν
727 599 774 664 καὶ
793 601 916 682 ἀτερπέι·
930 603 1028 688 χώρῳ·

226 703 296 768 ἀλλ’
314 703 566 786 ἀναχασσάμενος
582 706 677 787 νῆχον
692 703 793 781 πάλιν,
812 704 864 784 ῆος
880 707 1015 782 ἐπῆλθον
1126 725 1174 772 280

227 809 258 873 ἐς
274 807 420 886 ποταμόν,
435 807 472 892 τῇ
487 806 522 886 δή
538 833 590 886 μοι
606 809 726 871 ἐείσατο
742 813 839 889 χῶρος
854 811 986 890 ἀριστος,

226 915 309 976 λεῖος
324 907 470 991 πετράων,
488 912 536 975 καὶ
555 908 604 975 ἐπὶ
620 911 736 978 σκέπας
751 910 787 989 ῆν
803 912 935 993 ἀνέμοιο.

226 1016 259 1077 ἐκ
275 1015 299 1077 δ’
318 1013 430 1079 ἔπεσον
446 1013 643 1097 θυμηγερέων,
660 1015 709 1079 ἐπὶ
725 1015 750 1078 δ’
766 1017 920 1096 ἀμβροσίη
938 1017 994 1096 νὺξ

226 1115 324 1196 ἤλυθ’·
349 1113 407 1200 ἐγὼ
425 1116 449 1181 δ’
468 1117 618 1182 ἀπάνευθε
633 1119 781 1185 διιπετέος
797 1125 944 1199 ποταμοῖο

227 1223 320 1300 ἐκβὰς
336 1223 368 1284 ἐν
384 1220 526 1301 θάμνοισι
542 1221 733 1302 κατέδραθον,
750 1222 827 1303 ἀμφὶ
847 1226 879 1287 δὲ
896 1225 1002 1303 φύλλα
1128 1241 1174 1300 285

226 1322 400 1405 ἠφυσάμην·
423 1326 517 1390 ὕπνον
533 1329 565 1390 δὲ
581 1325 649 1390 θεὸς
667 1324 728 1388 κατ’
743 1327 888 1405 ἀπείρονα
902 1333 1000 1408 χεῦεν.

226 1428 299 1492 ἔνθα
313 1430 368 1507 μέν
383 1429 417 1491 ἐν
432 1428 590 1508 φύλλοισι,
609 1427 703 1507 φίλον
718 1429 888 1507 τετιημένος
905 1429 985 1510 ἦτορ,

227 1531 313 1594 εῦδον
328 1531 493 1613 παννύχιος
509 1530 557 1595 καὶ
572 1530 618 1594 ἐπ’
636 1531 679 1610 ήιῦ
696 1534 744 1595 καὶ
759 1531 856 1609 μέσον
871 1531 958 1613 ἦμαρ·

228 1633 336 1697 δύσετό
351 1635 375 1696 τ’
392 1634 501 1713 ἠέλιος,
518 1635 568 1698 καί
582 1660 619 1708 με
635 1635 746 1716 γλυκὺς
761 1636 853 1702 ὕπνος
869 1637 987 1712 ἀνῆκεν.

228 1739 419 1818 ἀμφιπόλους
435 1735 459 1800 δ’
476 1738 525 1802 ἐπὶ
541 1735 601 1801 θινὶ
615 1739 686 1813 τεῆς
701 1738 815 1818 ἐνόησα
831 1740 976 1820 θυγατρὸς
1128 1770 1177 1819 290

228 1841 401 1918 παιζούσας,
418 1843 451 1903 ἐν
467 1840 490 1904 δ’
508 1841 580 1920 αῦτὴ
597 1842 649 1920 έην
664 1843 759 1904 ἐϊκυῖα
775 1843 871 1926 θεῇσι.

226 1943 282 2022 τῆν
299 1943 439 2007 ἱκέτευσ’·
463 1943 481 2022 ἡ
499 1943 523 2006 δ’
541 1943 574 2007 ού
589 1970 618 2006 τι
634 1942 781 2023 νοήματος
796 1943 949 2025 ἤμβροτεν
965 1949 1085 2023 ἐσθλοῦ,

227 2047 266 2112 ὡς
282 2047 334 2110 οῦκ
351 2046 388 2110 δν
404 2048 511 2110 ἔλποιο
526 2047 670 2127 νεότερον
687 2046 869 2111 ἀντιάσαντα

227 2149 360 2231 ἐρξέμεν·
385 2148 444 2213 αἰεὶ
458 2149 515 2231 γάρ
531 2175 564 2212 τε
580 2150 719 2230 νεώτεροι
736 2149 948 2230 ἀφραδέουσιν.

227 2255 247 2333 ή
260 2279 312 2333 μοι
329 2258 414 2317 σῖτον
430 2253 539 2318 ἔδωκεν
555 2252 622 2318 ἅλις
639 2252 684 2332 ἠδ’
699 2255 813 2317 αἴθοπα
829 2253 919 2332 οἶνον,
1126 2277 1178 2338 ²95

227 2355 276 2421 καὶ
290 2354 379 2420 λοῦσ’
395 2359 427 2419 ἐν
442 2358 577 2441 ποταμῷ,
594 2356 644 2419 καί
657 2381 708 2435 μοι
724 2356 795 2420 τάδε
811 2355 905 2437 εἵματ’
921 2359 1023 2424 ἔδωκε.

228 2459 319 2525 ταῦτά
334 2486 381 2524 τοι
397 2461 563 2542 ἀχνύμενός
579 2485 634 2541 περ
651 2461 797 2538 ἀληθείην
814 2459 988 2540 κατέλεξα.”

269 2564 333 2627 Τὸν
349 2561 373 2628 δ’
390 2564 450 2626 αὖτ’
467 2565 626 2629 ’Λλκίνοος
641 2565 827 2644 ἀπαμείβετο
843 2565 987 2645 φώνησέν
1002 2587 1043 2630 τε·

229 2674 246 2700 “
258 2665 340 2745 ξεῖν’,
356 2665 374 2746 ή
390 2692 436 2731 τοι
451 2670 507 2748 μὲν
523 2669 612 2732 τοῦτό
627 2668 653 2750 γ’
675 2669 832 2747 ἐναίσιμον
848 2668 900 2731 οῦκ
916 2670 1025 2748 ἐνόησε

228 2776 297 2835 παῖς
313 2769 378 2851 ἐμή,
394 2769 500 2836 ούνεκά
516 2769 546 2832 σ’
561 2770 595 2834 ού
610 2797 638 2834 τι
653 2768 717 2851 μετ’
734 2771 939 2852 ἀμφιπόλοισι
954 2772 1094 2854 γυναιξὶν
1124 2800 1176 2848 300

228 2873 301 2956 ήγεν
316 2877 347 2940 ἐς
361 2875 515 2956 ἡμέτερον·
540 2876 579 2938 σὺ
595 2872 619 2938 δ’
637 2874 695 2955 ἀρα
706 2875 827 2955 πρώτην
844 2872 1031 2942 ἶκέτευσας.”

270 2982 333 3041 Τὸν
348 2977 374 3041 δ’
390 2979 633 3058 ἀπαμειβόμενος
649 2977 790 3059 προσέφη
806 2977 972 3058 πολύμητις
987 2977 1165 3046 Ὀδυσσεύς·

229 3086 250 3115 “
260 3081 346 3161 ἥρως,
361 3080 402 3160 μή
419 3108 471 3160 μοι
487 3081 599 3146 τούνεκ’
617 3081 748 3160 ἀμύνονα
763 3084 859 3146 νείκεε
876 3083 992 3163 κούρην·

228 3183 246 3262 ἡ
262 3187 317 3264 μὲν
333 3183 389 3266 γάρ
405 3186 435 3265 μ’
451 3183 570 3250 ἐκέλευε
584 3185 642 3248 σῦν
658 3185 883 3265 ἀμφιπόλοισιν
898 3187 1034 3250 ἔπεσθαι·

228 3287 298 3350 ἀλλ’
314 3289 372 3371 ἐγὼ
389 3288 441 3352 οῦκ
457 3290 565 3354 ἐθελον
581 3289 685 3354 δείσας
700 3288 919 3372 αἰσχυνόμενός
935 3314 977 3366 τε,
1127 3285 1175 3368 30}

226 3389 267 3471 μή
284 3418 346 3458 πως
363 3389 411 3456 καὶ
428 3394 477 3458 σοί
494 3392 585 3473 θυμὸς
601 3391 823 3470 ἐπισκύσσαιτο
840 3393 944 3457 ἰδόντι·

227 3495 370 3574 δύσζηλοι
384 3497 441 3579 γάρ
456 3495 481 3560 τ’
498 3499 582 3575 εἰμέν
597 3497 648 3559 ἐπὶ
663 3497 753 3578 χθονὶ
770 3496 844 3579 φῦλ’
854 3496 1045 3576 ἀνθρώπων.”

270 3603 333 3662 Τὸν
349 3599 375 3662 δ’
390 3599 453 3664 αὖτ’
469 3600 626 3666 Ἀλκίνοος
642 3600 831 3680 ἀπαμείβετο
847 3600 991 3681 φώνησέν
1006 3620 1047 3666 τε·

228 3712 247 3741 “
258 3702 340 3783 ξεῖν’,
356 3704 390 3766 ού
404 3729 456 3784 μοι
472 3710 606 3769 τοιοῦτον
622 3699 666 3768 ἐνὶ
682 3703 831 3783 στήθεσσι
848 3706 942 3786 φίλον
959 3707 1013 3786 κῆρ

672 3821 733 3890 x5
