2788 4230
475 269 525 336 18.
548 274 782 334 ΟΔΎΣΣΕΙΑΣ
805 275 839 334 Σ.
1070 271 1133 350 805

240 443 286 506 Ως
301 440 390 522 φάτο,
407 443 456 505 καὶ
473 443 602 509 σπείσας
619 443 703 507 ἔπιεν
717 440 863 522 μελιηδέα
878 442 967 517 οἴνου,

184 541 232 626 ἂψ
248 544 273 608 δ’
289 548 322 609 ἐν
335 547 442 629 χερσὶν
457 546 545 626 ἔθηκε
561 545 652 612 δέπας
668 543 830 628 κοσμήτορι
845 552 937 610 λαῶν.

186 648 277 729 αὐτὰρ
293 650 309 710 ὁ
324 653 367 727 βῆ
383 648 432 713 διὰ
448 655 531 728 δῶμα
547 652 642 731 φίλον
656 649 828 729 τετιημένος
843 648 925 730 ήτορ,

186 751 356 829 νευστάζων
373 753 501 837 κεφαλῇ·
525 739 561 832 δῆ
576 754 634 836 γὰρ
650 752 741 816 κακὸν
757 755 871 817 ὄσσετο
887 753 979 837 θυμῷ.

186 855 256 916 ἀλλ’
271 855 331 919 οὐδ’
347 856 386 922 ἀς
402 857 480 939 φύγε
496 861 578 938 κῆρα·
602 857 717 937 πέδησε
732 858 765 922 δέ
782 857 830 920 καὶ
844 857 897 920 τὸν
911 855 1024 936 Ἀθήνη
1085 884 1095 916 ι
1101 885 1132 933 55

184 959 367 1042 Τηλεμάχου
382 960 440 1024 ὑπὸ
455 962 545 1044 χερσὶ
562 958 609 1024 καὶ
629 961 714 1043 ἔγχεϊ
727 961 777 1040 ἶφι
793 964 930 1041 δαμῆναι.

185 1059 233 1144 δή
248 1062 273 1126 δ’
289 1063 371 1129 αὖτις
386 1064 448 1126 κατ’
464 1065 508 1146 ἀρ’
525 1062 598 1142 ἕζετ’
614 1066 664 1128 ἐπὶ
681 1065 788 1146 θρόνου
804 1064 891 1129 ἔνθεν
907 1061 1026 1142 ἀνέστη.

227 1167 274 1252 Τῇ
288 1166 314 1230 δ’
329 1166 374 1247 ἄρ’
389 1163 439 1230 ἐπὶ
454 1164 546 1248 φρεσὶ
563 1171 636 1248 θῆκε
652 1170 706 1232 θεά
723 1173 897 1250 γλαυκῶπις
912 1165 1035 1246 Ἀθήνη,

186 1269 273 1356 κούρῃ
289 1269 434 1351 Ἰκαρίοιο,
450 1272 607 1350 περίφρονι
625 1273 826 1357 Πηνελοπείῃ,

185 1371 394 1454 μνηστήρεσσι
410 1377 551 1454 φανῆναι,
570 1374 651 1440 ὅπως
667 1373 809 1439 πετάσειε
824 1373 961 1455 μάλιστα
1084 1387 1130 1436 160

186 1481 278 1556 θυμὸν
295 1475 473 1557 μνηστήρων
489 1479 533 1541 ίδὲ
548 1477 698 1557 τιμήεσσα
713 1478 832 1560 γένοιτο

184 1583 303 1659 μάλλον
319 1586 392 1658 πρὸς
407 1582 516 1648 πόσιός
531 1606 564 1646 τε
580 1582 628 1646 καὶ
643 1581 724 1648 υἱέος
740 1580 758 1660 ῆ
774 1581 868 1664 πάρος
885 1581 946 1661 ῆεν.

186 1685 307 1766 ἀχρεῖον
322 1683 347 1748 δ’
363 1683 533 1765 ἐγέλασσεν
548 1684 620 1752 ἔπος
635 1683 660 1749 τ’
676 1685 762 1766 ἔφατ’
778 1686 810 1749 ἔκ
827 1685 852 1746 τ’
867 1685 1022 1766 ὀνόμαζεν·

186 1795 203 1822 “
216 1789 379 1870 Εὐρυνόμη,
396 1790 487 1869 θυμός
502 1815 553 1869 μοι
569 1789 711 1867 ἐέλδεται,
727 1789 760 1852 ού
775 1815 804 1855 τι
821 1788 915 1870 πάρος
930 1815 975 1871 γε,

184 1889 393 1972 μνηστήρεσσι
410 1893 549 1972 φανῆναι,
566 1893 806 1974 ἀπεχθομένοισί
819 1919 875 1974 περ
892 1893 996 1972 ἔμπης·
1089 1903 1136 1968 1⁶5

186 1991 269 2058 παιδὶ
285 1993 318 2057 δέ
334 2021 385 2058 κεν
402 1996 517 2073 είποιμι
532 1994 612 2071 ἔπος,
628 1996 664 2057 τό
680 2021 712 2058 κε
728 1996 844 2073 κέρδιον
861 1997 915 2072 είη,

184 2099 224 2177 μὴ
241 2097 338 2160 πάντα
352 2101 541 2178 μνηστῆρσιν
555 2099 792 2178 ὑπερφιάλοισιν
809 2100 936 2178 ὁμιλεῖν,

186 2204 216 2265 οἵ
230 2201 255 2265 τ’
272 2201 304 2264 εύ
318 2204 374 2280 μὲν
389 2199 531 2280 βάζουσι,
548 2207 643 2268 κακῶς
659 2202 684 2265 δ’
701 2203 805 2266 ὄπιθεν
820 2199 1011 2282 φρονέουσι.”

228 2305 292 2384 Τήν
309 2302 333 2368 δ’
349 2304 411 2367 αὖτ’
427 2304 583 2386 Εὐρυνόμη
598 2307 687 2385 ταμίη
705 2311 778 2388 πρὸς
793 2309 888 2384 μῦθον
903 2305 995 2368 ἔειπε·

184 2415 200 2442 “
213 2407 260 2474 ναὶ
276 2409 312 2488 δή
328 2407 471 2490 ταῦτάγε
486 2408 592 2488 πάντα,
608 2409 699 2484 τέκος,
716 2407 790 2472 κατὰ
805 2413 912 2489 μοῖραν
928 2408 1036 2474 ἔειπες.
1091 2433 1137 2481 170

186 2513 256 2577 ἀλλ’
271 2515 314 2577 ίθι
331 2513 380 2574 καὶ
395 2511 442 2596 οφ
456 2514 540 2576 παιδὶ
557 2511 628 2578 ἔπος
645 2512 708 2593 φάο
724 2512 793 2593 μηδ’
808 2512 957 2589 ἐπίκευθε,

186 2616 279 2701 χρῶτ’
296 2616 507 2695 ἀπονιψαμένη
525 2614 573 2678 καὶ
589 2617 776 2698 ἐπιχρίσασα
792 2614 927 2696 παρειάς·

185 2719 250 2801 μηδ’
268 2721 343 2782 ούτω
359 2719 512 2799 δακρύοισι
528 2720 702 2801 πεφυρμένη
719 2716 798 2799 ἀμφὶ
816 2721 965 2802 πρόσωπα

186 2824 283 2906 ἔρχευ,
300 2819 365 2886 ἐπεὶ
381 2823 483 2886 κάκιον
499 2821 682 2901 πενθήμεναι
698 2822 819 2904 ἀκριτον
835 2824 902 2886 αίεί.

185 2926 240 3005 ήδη
256 2929 312 3007 μέν
326 2926 385 3008 γάρ
400 2951 446 2988 τοι
462 2931 532 2992 ταῖς
546 2928 678 3005 τηλίκος,
695 2925 730 2990 δν
745 2927 784 2988 σὺ
798 2925 932 3008 μάλιστα
1093 2947 1137 3000 175

187 3031 246 3111 ήρῶ
263 3028 440 3093 ἀθανάτοισι
455 3029 656 3111 γενειήσαντα
672 3029 816 3094 ίδέσθαι.”

227 3136 293 3213 Τῆν
308 3131 332 3197 δ’
351 3133 420 3197 αὖτε
435 3135 598 3213 προσέειπε
613 3135 768 3216 περίφρων
784 3133 987 3212 Πηνελόπεια·

185 3245 202 3274 “
213 3238 376 3317 Εὐρυνόμη,
392 3237 432 3318 μὴ
449 3241 540 3300 ταῦτα
555 3238 700 3319 παραύδα,
716 3235 860 3318 κηδομένη
877 3261 944 3316 περ,

185 3341 274 3424 χρῶτ’
289 3341 509 3405 ἀπονίπτεσθαι
526 3336 573 3403 καὶ
589 3341 778 3423 ἐπιχρίεσθαι
795 3341 921 3424 ἀλοιφῆ·

187 3442 317 3527 ἀγλαίην
331 3445 389 3527 γὰρ
405 3446 474 3524 ἐμοί
487 3471 522 3528 γε
539 3447 611 3520 θεοί,
628 3445 674 3507 τοὶ
685 3443 846 3522 Ὄλυμπον
862 3444 997 3524 ἔχουσιν,
1090 3457 1140 3504 180

187 3549 315 3627 ὤλεσαν,
331 3546 368 3627 ἐξ
381 3549 415 3611 οὗ
431 3554 528 3616 κεῖνος
544 3548 601 3629 ἔβη
618 3549 723 3633 κοίλης
739 3545 782 3611 ἐνὶ
800 3547 916 3625 νηυσίν.

186 3651 268 3715 ἀλλά
282 3677 334 3732 μοι
352 3651 503 3730 Αὐτονόην
519 3679 551 3718 τε
568 3648 615 3717 καὶ
630 3649 847 3730 Ἱπποδάμειαν
862 3648 977 3734 άνωχθι
