<?xml version="1.0" encoding="UTF-8"?>
<!DOCTYPE html PUBLIC "-//W3C//DTD XHTML 1.0 Transitional//EN"
    "http://www.w3.org/TR/xhtml1/DTD/xhtml1-transitional.dtd">
<html xmlns="http://www.w3.org/1999/xhtml" xml:lang="en" lang="en">
 <head>
  <title>
</title>
<meta http-equiv="Content-Type" content="text/html;charset=utf-8" />
  <meta name='ocr-system' content='tesseract 3.04.00' />
  <meta name='ocr-capabilities' content='ocr_page ocr_carea ocr_par ocr_line ocrx_word'/>
</head>
<body>
  <div class='ocr_page' id='page_1' title='image "./homerioperaetre00homegoog_0012.png"; bbox 0 0 2746 4228; ppageno 0'>
   <div class='ocr_carea' id='block_1_1' title="bbox 287 354 904 424">
    <p class='ocr_par' dir='ltr' id='par_1_1' title="bbox 287 354 904 424">
     <span class='ocr_line' id='line_1_1' title="bbox 287 354 904 424; baseline -0.003 -8"><span class='ocrx_word' id='word_1_1' title='bbox 287 378 305 424; x_wconf 86' lang='lat'>2</span> <span class='ocrx_word' id='word_1_2' title='bbox 622 369 649 418; x_wconf 89' lang='lat'>1.</span> <span class='ocrx_word' id='word_1_3' title='bbox 675 354 843 415; x_wconf 82' lang='grc' dir='ltr'><strong>ΙΛΙΑΔΟΣ</strong></span> <span class='ocrx_word' id='word_1_4' title='bbox 867 356 904 414; x_wconf 83' lang='grc' dir='ltr'>Α.</span> 
     </span>
    </p>
   </div>
   <div class='ocr_carea' id='block_1_2' title="bbox 229 519 1242 3790">
    <p class='ocr_par' dir='ltr' id='par_1_2' title="bbox 229 519 1242 3790">
     <span class='ocr_line' id='line_1_2' title="bbox 263 519 1017 609; baseline 0 -25"><span class='ocrx_word' id='word_1_5' title='bbox 263 600 265 606; x_wconf 19' lang='lat' dir='ltr'>y</span> <span class='ocrx_word' id='word_1_6' title='bbox 283 519 353 584; x_wconf 91' lang='grc' dir='ltr'>ἀλλ’</span> <span class='ocrx_word' id='word_1_7' title='bbox 368 519 421 586; x_wconf 80' lang='grc' dir='ltr'>οὔκ</span> <span class='ocrx_word' id='word_1_8' title='bbox 435 519 573 609; x_wconf 80' lang='grc' dir='ltr'>Ἀτρείδη</span> <span class='ocrx_word' id='word_1_9' title='bbox 586 520 788 606; x_wconf 91' lang='grc' dir='ltr'>Ἀγαμέμνονι</span> <span class='ocrx_word' id='word_1_10' title='bbox 802 521 912 600; x_wconf 80' lang='grc' dir='ltr'>ἥνδανε</span> <span class='ocrx_word' id='word_1_11' title='bbox 927 519 1017 603; x_wconf 72' lang='grc' dir='ltr'>θυμῷ,</span> 
     </span>
     <span class='ocr_line' id='line_1_3' title="bbox 283 624 1223 707; baseline -0.004 -19"><span class='ocrx_word' id='word_1_12' title='bbox 283 625 366 688; x_wconf 86' lang='grc' dir='ltr'>ἀλλά</span> <span class='ocrx_word' id='word_1_13' title='bbox 380 629 476 691; x_wconf 78' lang='grc' dir='ltr'>κακῶς</span> <span class='ocrx_word' id='word_1_14' title='bbox 491 625 585 705; x_wconf 88' lang='grc' dir='ltr'>ἀφίει,</span> <span class='ocrx_word' id='word_1_15' title='bbox 602 625 744 707; x_wconf 89' lang='grc' dir='ltr'>κρατερδν</span> <span class='ocrx_word' id='word_1_16' title='bbox 758 624 783 689; x_wconf 89' lang='grc' dir='ltr'>δ’</span> <span class='ocrx_word' id='word_1_17' title='bbox 799 626 849 688; x_wconf 82' lang='grc' dir='ltr'>ἔπὶ</span> <span class='ocrx_word' id='word_1_18' title='bbox 863 627 958 703; x_wconf 84' lang='grc' dir='ltr'>μῦθον</span> <span class='ocrx_word' id='word_1_19' title='bbox 973 625 1092 690; x_wconf 83' lang='grc' dir='ltr'>ἔτελλε·</span> <span class='ocrx_word' id='word_1_20' title='bbox 1198 648 1223 697; x_wconf 80' lang='lat'>²5</span> 
     </span>
     <span class='ocr_line' id='line_1_4' title="bbox 284 724 1080 816; baseline -0.003 -28"><span class='ocrx_word' id='word_1_21' title='bbox 284 736 303 762; x_wconf 73' lang='lat'>‘⁸</span> <span class='ocrx_word' id='word_1_22' title='bbox 312 724 353 805; x_wconf 79' lang='grc' dir='ltr'>μή</span> <span class='ocrx_word' id='word_1_23' title='bbox 369 752 415 799; x_wconf 93' lang='grc' dir='ltr'>σε,</span> <span class='ocrx_word' id='word_1_24' title='bbox 431 725 529 808; x_wconf 92' lang='grc' dir='ltr'>γέρον,</span> <span class='ocrx_word' id='word_1_25' title='bbox 546 728 687 814; x_wconf 77' lang='grc' dir='ltr'>κοίλῃσιν</span> <span class='ocrx_word' id='word_1_26' title='bbox 701 728 761 810; x_wconf 79' lang='grc' dir='ltr'>έγδ</span> <span class='ocrx_word' id='word_1_27' title='bbox 776 728 858 808; x_wconf 82' lang='grc' dir='ltr'>παρὰ</span> <span class='ocrx_word' id='word_1_28' title='bbox 872 727 960 804; x_wconf 81' lang='grc' dir='ltr'>νηυσὶ</span> <span class='ocrx_word' id='word_1_29' title='bbox 976 725 1080 816; x_wconf 64' lang='grc' dir='ltr'>κηηείω</span> 
     </span>
     <span class='ocr_line' id='line_1_5' title="bbox 282 823 972 911; baseline 0.003 -19"><span class='ocrx_word' id='word_1_30' title='bbox 282 823 370 906; x_wconf 76' lang='grc' dir='ltr'>ἢνθν</span> <span class='ocrx_word' id='word_1_31' title='bbox 383 827 535 906; x_wconf 75' lang='grc' dir='ltr'>δηθόνοντ’</span> <span class='ocrx_word' id='word_1_32' title='bbox 550 824 568 908; x_wconf 77' lang='grc' dir='ltr'>ἢ</span> <span class='ocrx_word' id='word_1_33' title='bbox 584 829 711 911; x_wconf 74' lang='grc' dir='ltr'>ὕστερον</span> <span class='ocrx_word' id='word_1_34' title='bbox 725 828 807 895; x_wconf 74' lang='grc' dir='ltr'>αὖτις</span> <span class='ocrx_word' id='word_1_35' title='bbox 823 828 917 898; x_wconf 80' lang='grc' dir='ltr'>ἰόντα.</span> <span class='ocrx_word' id='word_1_36' title='bbox 967 885 972 894; x_wconf 76' lang='grc'>,</span> 
     </span>
     <span class='ocr_line' id='line_1_6' title="bbox 229 927 1103 1024; baseline 0.001 -32"><span class='ocrx_word' id='word_1_37' title='bbox 229 959 232 974; x_wconf 55' lang='lat'>¹</span> <span class='ocrx_word' id='word_1_38' title='bbox 279 927 322 1024; x_wconf 68' lang='grc' dir='ltr'>φή</span> <span class='ocrx_word' id='word_1_39' title='bbox 338 929 433 1010; x_wconf 75' lang='grc' dir='ltr'>νηίτοι</span> <span class='ocrx_word' id='word_1_40' title='bbox 448 929 483 993; x_wconf 84' lang='grc' dir='ltr'>οὐ</span> <span class='ocrx_word' id='word_1_41' title='bbox 496 931 631 1018; x_wconf 80' lang='grc' dir='ltr'>χραίσμῃ</span> <span class='ocrx_word' id='word_1_42' title='bbox 647 934 799 1013; x_wconf 85' lang='grc' dir='ltr'>σκῆπτρον</span> <span class='ocrx_word' id='word_1_43' title='bbox 815 931 864 994; x_wconf 88' lang='grc' dir='ltr'>καὶ</span> <span class='ocrx_word' id='word_1_44' title='bbox 879 929 997 1010; x_wconf 78' lang='grc' dir='ltr'>στέμμα</span> <span class='ocrx_word' id='word_1_45' title='bbox 1012 933 1103 994; x_wconf 88' lang='grc' dir='ltr'>θεοῖο·</span> 
     </span>
     <span class='ocr_line' id='line_1_7' title="bbox 280 1029 1077 1117; baseline 0.005 -22"><span class='ocrx_word' id='word_1_46' title='bbox 280 1029 337 1113; x_wconf 79' lang='grc' dir='ltr'>την</span> <span class='ocrx_word' id='word_1_47' title='bbox 352 1031 376 1096; x_wconf 92' lang='grc' dir='ltr'>δ’</span> <span class='ocrx_word' id='word_1_48' title='bbox 393 1033 452 1115; x_wconf 81' lang='grc' dir='ltr'>ἔγάι</span> <span class='ocrx_word' id='word_1_49' title='bbox 468 1032 503 1097; x_wconf 81' lang='grc' dir='ltr'>οὗ</span> <span class='ocrx_word' id='word_1_50' title='bbox 516 1034 611 1097; x_wconf 86' lang='grc' dir='ltr'>λόσω·</span> <span class='ocrx_word' id='word_1_51' title='bbox 634 1035 705 1117; x_wconf 92' lang='grc' dir='ltr'>πρίν</span> <span class='ocrx_word' id='word_1_52' title='bbox 718 1059 771 1114; x_wconf 90' lang='grc' dir='ltr'>μιν</span> <span class='ocrx_word' id='word_1_53' title='bbox 785 1035 834 1099; x_wconf 81' lang='grc' dir='ltr'>καὶ</span> <span class='ocrx_word' id='word_1_54' title='bbox 849 1038 943 1116; x_wconf 81' lang='grc' dir='ltr'>γῆρας</span> <span class='ocrx_word' id='word_1_55' title='bbox 958 1035 1077 1099; x_wconf 78' lang='grc' dir='ltr'>ἔπεισιν</span> 
     </span>
     <span class='ocr_line' id='line_1_8' title="bbox 281 1134 1225 1222; baseline -0.002 -22"><span class='ocrx_word' id='word_1_56' title='bbox 281 1134 413 1222; x_wconf 78' lang='grc' dir='ltr'>ἡμετέρῳ</span> <span class='ocrx_word' id='word_1_57' title='bbox 429 1138 474 1202; x_wconf 81' lang='grc' dir='ltr'>ἔνὶ</span> <span class='ocrx_word' id='word_1_58' title='bbox 489 1139 569 1222; x_wconf 82' lang='grc' dir='ltr'>οίκῳ,</span> <span class='ocrx_word' id='word_1_59' title='bbox 587 1138 620 1202; x_wconf 88' lang='grc' dir='ltr'>ἔν</span> <span class='ocrx_word' id='word_1_60' title='bbox 631 1135 747 1219; x_wconf 69' lang='grc' dir='ltr'>Ἀργεῖ’,</span> <span class='ocrx_word' id='word_1_61' title='bbox 763 1137 869 1216; x_wconf 85' lang='grc' dir='ltr'>τηλόθι</span> <span class='ocrx_word' id='word_1_62' title='bbox 883 1135 1006 1218; x_wconf 90' lang='grc' dir='ltr'>πάτρης,</span> <span class='ocrx_word' id='word_1_63' title='bbox 1196 1159 1225 1209; x_wconf 78' lang='lat'>30</span> 
     </span>
     <span class='ocr_line' id='line_1_9' title="bbox 284 1237 1036 1339; baseline 0.003 -37"><span class='ocrx_word' id='word_1_64' title='bbox 284 1238 370 1339; x_wconf 67' lang='grc' dir='ltr'>ἱστόν</span> <span class='ocrx_word' id='word_1_65' title='bbox 385 1237 584 1332; x_wconf 76' lang='grc' dir='ltr'>έποιχρμένην</span> <span class='ocrx_word' id='word_1_66' title='bbox 598 1241 647 1304; x_wconf 84' lang='grc' dir='ltr'>καὶ</span> <span class='ocrx_word' id='word_1_67' title='bbox 663 1240 735 1319; x_wconf 87' lang='grc' dir='ltr'>ἔμδν</span> <span class='ocrx_word' id='word_1_68' title='bbox 749 1239 842 1324; x_wconf 86' lang='grc' dir='ltr'>λέχος</span> <span class='ocrx_word' id='word_1_69' title='bbox 858 1240 1036 1324; x_wconf 77' lang='grc' dir='ltr'>ἀντιόωσαν·</span> 
     </span>
     <span class='ocr_line' id='line_1_10' title="bbox 283 1339 1058 1435; baseline 0.003 -31"><span class='ocrx_word' id='word_1_70' title='bbox 283 1341 353 1404; x_wconf 90' lang='grc' dir='ltr'>ἀλλ’</span> <span class='ocrx_word' id='word_1_71' title='bbox 368 1343 420 1414; x_wconf 86' lang='grc' dir='ltr'>ίθι,</span> <span class='ocrx_word' id='word_1_72' title='bbox 435 1339 476 1420; x_wconf 82' lang='grc' dir='ltr'>μή</span> <span class='ocrx_word' id='word_1_73' title='bbox 490 1341 520 1420; x_wconf 94' lang='grc' dir='ltr'>μ’</span> <span class='ocrx_word' id='word_1_74' title='bbox 538 1341 658 1423; x_wconf 77' lang='grc' dir='ltr'>ἐρέθιζε,</span> <span class='ocrx_word' id='word_1_75' title='bbox 675 1342 826 1425; x_wconf 74' lang='grc' dir='ltr'>σαώτερος</span> <span class='ocrx_word' id='word_1_76' title='bbox 840 1343 881 1410; x_wconf 80' lang='grc' dir='ltr'>ὥς</span> <span class='ocrx_word' id='word_1_77' title='bbox 896 1369 930 1434; x_wconf 76' lang='grc' dir='ltr'>κε</span> <span class='ocrx_word' id='word_1_78' title='bbox 945 1340 1058 1435; x_wconf 76' lang='grc' dir='ltr'>νέηαι.”</span> 
     </span>
     <span class='ocr_line' id='line_1_11' title="bbox 319 1442 1132 1530; baseline 0.002 -24"><span class='ocrx_word' id='word_1_79' title='bbox 319 1442 383 1511; x_wconf 85' lang='grc' dir='ltr'>Ὣς</span> <span class='ocrx_word' id='word_1_80' title='bbox 397 1443 494 1525; x_wconf 88' lang='grc' dir='ltr'>ἔφατ’,</span> <span class='ocrx_word' id='word_1_81' title='bbox 511 1444 628 1511; x_wconf 87' lang='grc' dir='ltr'>ἔδεισεν</span> <span class='ocrx_word' id='word_1_82' title='bbox 641 1443 666 1509; x_wconf 94' lang='grc' dir='ltr'>δ’</span> <span class='ocrx_word' id='word_1_83' title='bbox 683 1447 700 1508; x_wconf 90' lang='grc' dir='ltr'>ό</span> <span class='ocrx_word' id='word_1_84' title='bbox 714 1444 811 1528; x_wconf 90' lang='grc' dir='ltr'>γέρων</span> <span class='ocrx_word' id='word_1_85' title='bbox 825 1446 874 1510; x_wconf 81' lang='grc' dir='ltr'>καὶ</span> <span class='ocrx_word' id='word_1_86' title='bbox 889 1446 1026 1510; x_wconf 77' lang='grc' dir='ltr'>ἐπείθετο</span> <span class='ocrx_word' id='word_1_87' title='bbox 1039 1444 1132 1530; x_wconf 84' lang='grc' dir='ltr'>μόθιρ·</span> 
     </span>
     <span class='ocr_line' id='line_1_12' title="bbox 283 1546 1108 1674; baseline 0.004 -63"><span class='ocrx_word' id='word_1_88' title='bbox 283 1551 326 1629; x_wconf 82' lang='grc' dir='ltr'>βῆ</span> <span class='ocrx_word' id='word_1_89' title='bbox 342 1547 367 1611; x_wconf 92' lang='grc' dir='ltr'>δ’</span> <span class='ocrx_word' id='word_1_90' title='bbox 384 1546 480 1674; x_wconf 40' lang='grc' dir='ltr'>ἀκρέων</span> <span class='ocrx_word' id='word_1_91' title='bbox 493 1550 574 1630; x_wconf 77' lang='grc' dir='ltr'>παρὰ</span> <span class='ocrx_word' id='word_1_92' title='bbox 589 1551 656 1613; x_wconf 84' lang='grc' dir='ltr'>θῖνα</span> <span class='ocrx_word' id='word_1_93' title='bbox 671 1549 922 1630; x_wconf 80' lang='grc' dir='ltr'>πολυφλοίσβοιο</span> <span class='ocrx_word' id='word_1_94' title='bbox 938 1547 1108 1626; x_wconf 77' lang='grc' dir='ltr'>θαλάσσης·</span> 
     </span>
     <span class='ocr_line' id='line_1_13' title="bbox 283 1649 1227 1734; baseline 0.008 -20"><span class='ocrx_word' id='word_1_95' title='bbox 283 1652 387 1714; x_wconf 75' lang='grc' dir='ltr'>πολλὰ</span> <span class='ocrx_word' id='word_1_96' title='bbox 401 1656 417 1714; x_wconf 87' lang='grc' dir='ltr'>δ</span> <span class='ocrx_word' id='word_1_97' title='bbox 443 1649 533 1714; x_wconf 88' lang='grc' dir='ltr'>ἔπειτ’</span> <span class='ocrx_word' id='word_1_98' title='bbox 550 1649 699 1716; x_wconf 75' lang='grc' dir='ltr'>ἀπάνευθε</span> <span class='ocrx_word' id='word_1_99' title='bbox 713 1652 785 1716; x_wconf 80' lang='grc' dir='ltr'>κιδν</span> <span class='ocrx_word' id='word_1_100' title='bbox 799 1651 882 1734; x_wconf 78' lang='grc' dir='ltr'>ἠρᾶθ’</span> <span class='ocrx_word' id='word_1_101' title='bbox 899 1653 916 1716; x_wconf 87' lang='grc' dir='ltr'>ό</span> <span class='ocrx_word' id='word_1_102' title='bbox 930 1649 1050 1734; x_wconf 87' lang='grc' dir='ltr'>γεραιὸς</span> <span class='ocrx_word' id='word_1_103' title='bbox 1198 1673 1227 1725; x_wconf 81' lang='lat'>35</span> 
     </span>
     <span class='ocr_line' id='line_1_14' title="bbox 283 1751 994 1834; baseline 0 -17"><span class='ocrx_word' id='word_1_104' title='bbox 283 1753 458 1819; x_wconf 90' lang='grc' dir='ltr'>Ἀπόλλωνι</span> <span class='ocrx_word' id='word_1_105' title='bbox 473 1752 587 1827; x_wconf 82' lang='grc' dir='ltr'>ἄνακτι,</span> <span class='ocrx_word' id='word_1_106' title='bbox 603 1753 657 1819; x_wconf 90' lang='grc' dir='ltr'>τδν</span> <span class='ocrx_word' id='word_1_107' title='bbox 670 1751 799 1834; x_wconf 73' lang='grc' dir='ltr'>ἠΰκομος</span> <span class='ocrx_word' id='word_1_108' title='bbox 813 1752 882 1819; x_wconf 89' lang='grc' dir='ltr'>τέκε</span> <span class='ocrx_word' id='word_1_109' title='bbox 895 1753 994 1834; x_wconf 87' lang='grc' dir='ltr'>Λητό·</span> 
     </span>
     <span class='ocr_line' id='line_1_15' title="bbox 285 1853 1099 1938; baseline 0 -18"><span class='ocrx_word' id='word_1_110' title='bbox 285 1867 305 1893; x_wconf 85' lang='lat'>‘¹</span> <span class='ocrx_word' id='word_1_111' title='bbox 314 1856 403 1920; x_wconf 83' lang='grc' dir='ltr'>κλῦθί</span> <span class='ocrx_word' id='word_1_112' title='bbox 415 1881 479 1935; x_wconf 90' lang='grc' dir='ltr'>μευ,</span> <span class='ocrx_word' id='word_1_113' title='bbox 496 1853 679 1938; x_wconf 77' lang='grc' dir='ltr'>ἀργυρότοξ’,</span> <span class='ocrx_word' id='word_1_114' title='bbox 696 1854 729 1923; x_wconf 82' lang='grc' dir='ltr'>ὃς</span> <span class='ocrx_word' id='word_1_115' title='bbox 743 1856 868 1938; x_wconf 80' lang='grc' dir='ltr'>Χρύσην</span> <span class='ocrx_word' id='word_1_116' title='bbox 881 1853 1099 1938; x_wconf 84' lang='grc' dir='ltr'>ἀμφιβέβηκας</span> 
     </span>
     <span class='ocr_line' id='line_1_16' title="bbox 286 1956 1012 2040; baseline 0.001 -19"><span class='ocrx_word' id='word_1_117' title='bbox 286 1959 406 2024; x_wconf 89' lang='grc' dir='ltr'>Κίλλαν</span> <span class='ocrx_word' id='word_1_118' title='bbox 419 1983 453 2023; x_wconf 89' lang='grc' dir='ltr'>τε</span> <span class='ocrx_word' id='word_1_119' title='bbox 468 1957 576 2037; x_wconf 80' lang='grc' dir='ltr'>ζαθέην</span> <span class='ocrx_word' id='word_1_120' title='bbox 588 1957 732 2024; x_wconf 88' lang='grc' dir='ltr'>Τενέδοιό</span> <span class='ocrx_word' id='word_1_121' title='bbox 744 1984 779 2023; x_wconf 90' lang='grc' dir='ltr'>τε</span> <span class='ocrx_word' id='word_1_122' title='bbox 791 1958 842 2040; x_wconf 78' lang='grc' dir='ltr'>ἶφι</span> <span class='ocrx_word' id='word_1_123' title='bbox 857 1956 1012 2029; x_wconf 89' lang='grc' dir='ltr'>ἀνάσσεις,</span> 
     </span>
     <span class='ocr_line' id='line_1_17' title="bbox 285 2058 1037 2144; baseline -0.003 -21"><span class='ocrx_word' id='word_1_124' title='bbox 285 2064 423 2140; x_wconf 78' lang='grc' dir='ltr'>Σμινθεῦ,</span> <span class='ocrx_word' id='word_1_125' title='bbox 440 2062 469 2124; x_wconf 85' lang='grc' dir='ltr'>εί</span> <span class='ocrx_word' id='word_1_126' title='bbox 481 2059 555 2124; x_wconf 88' lang='grc' dir='ltr'>ποτέ</span> <span class='ocrx_word' id='word_1_127' title='bbox 569 2085 616 2123; x_wconf 87' lang='grc' dir='ltr'>τοι</span> <span class='ocrx_word' id='word_1_128' title='bbox 630 2059 761 2144; x_wconf 82' lang='grc' dir='ltr'>χαρίεντ’</span> <span class='ocrx_word' id='word_1_129' title='bbox 778 2061 828 2124; x_wconf 86' lang='grc' dir='ltr'>ἔπὶ</span> <span class='ocrx_word' id='word_1_130' title='bbox 843 2058 916 2138; x_wconf 89' lang='grc' dir='ltr'>νηδν</span> <span class='ocrx_word' id='word_1_131' title='bbox 931 2058 1037 2141; x_wconf 80' lang='grc' dir='ltr'>ἔρεφα,</span> 
     </span>
     <span class='ocr_line' id='line_1_18' title="bbox 284 2159 1231 2244; baseline -0.005 -16"><span class='ocrx_word' id='word_1_132' title='bbox 284 2161 304 2244; x_wconf 78' lang='grc' dir='ltr'>ἢ</span> <span class='ocrx_word' id='word_1_133' title='bbox 319 2166 345 2228; x_wconf 82' lang='grc' dir='ltr'>εἰ</span> <span class='ocrx_word' id='word_1_134' title='bbox 360 2162 396 2242; x_wconf 85' lang='grc' dir='ltr'>δή</span> <span class='ocrx_word' id='word_1_135' title='bbox 412 2161 486 2227; x_wconf 90' lang='grc' dir='ltr'>ποτέ</span> <span class='ocrx_word' id='word_1_136' title='bbox 499 2187 547 2226; x_wconf 88' lang='grc' dir='ltr'>τοι</span> <span class='ocrx_word' id='word_1_137' title='bbox 562 2165 637 2226; x_wconf 81' lang='grc' dir='ltr'>κατδ</span> <span class='ocrx_word' id='word_1_138' title='bbox 651 2163 742 2229; x_wconf 89' lang='grc' dir='ltr'>πίονα</span> <span class='ocrx_word' id='word_1_139' title='bbox 754 2159 839 2244; x_wconf 88' lang='grc' dir='ltr'>μηρί’</span> <span class='ocrx_word' id='word_1_140' title='bbox 855 2163 929 2242; x_wconf 86' lang='grc' dir='ltr'>ἔκηα</span> <span class='ocrx_word' id='word_1_141' title='bbox 1199 2188 1231 2232; x_wconf 84' lang='lat'>40</span> 
     </span>
     <span class='ocr_line' id='line_1_19' title="bbox 286 2261 1128 2348; baseline -0.002 -19"><span class='ocrx_word' id='word_1_142' title='bbox 286 2266 400 2348; x_wconf 85' lang='grc' dir='ltr'>ταύρων</span> <span class='ocrx_word' id='word_1_143' title='bbox 414 2265 458 2344; x_wconf 86' lang='grc' dir='ltr'>ἠδ’</span> <span class='ocrx_word' id='word_1_144' title='bbox 475 2267 577 2347; x_wconf 75' lang='grc' dir='ltr'>αἰγῶν,</span> <span class='ocrx_word' id='word_1_145' title='bbox 593 2265 663 2329; x_wconf 91' lang='grc' dir='ltr'>τόδε</span> <span class='ocrx_word' id='word_1_146' title='bbox 675 2288 727 2344; x_wconf 87' lang='grc' dir='ltr'>μοι</span> <span class='ocrx_word' id='word_1_147' title='bbox 742 2262 869 2347; x_wconf 84' lang='grc' dir='ltr'>κρήηνον</span> <span class='ocrx_word' id='word_1_148' title='bbox 884 2261 1010 2345; x_wconf 87' lang='grc' dir='ltr'>ἔέλδωρ·Ι</span> <span class='ocrx_word' id='word_1_149' title='bbox 1127 2275 1128 2280; x_wconf 76' lang='grc'>’</span> 
     </span>
     <span class='ocr_line' id='line_1_20' title="bbox 285 2363 1027 2448; baseline -0.001 -17"><span class='ocrx_word' id='word_1_150' title='bbox 285 2370 403 2433; x_wconf 85' lang='grc' dir='ltr'>τίσειαν</span> <span class='ocrx_word' id='word_1_151' title='bbox 418 2368 533 2432; x_wconf 86' lang='grc' dir='ltr'>Δαναοὶ</span> <span class='ocrx_word' id='word_1_152' title='bbox 549 2368 606 2446; x_wconf 85' lang='grc' dir='ltr'>ἔμά</span> <span class='ocrx_word' id='word_1_153' title='bbox 621 2364 732 2448; x_wconf 88' lang='grc' dir='ltr'>δάκρυα</span> <span class='ocrx_word' id='word_1_154' title='bbox 747 2371 832 2431; x_wconf 84' lang='grc' dir='ltr'>σοῖσι</span> <span class='ocrx_word' id='word_1_155' title='bbox 846 2363 1027 2445; x_wconf 80' lang='grc' dir='ltr'>βέλεσσιν.”</span> 
     </span>
     <span class='ocr_line' id='line_1_21' title="bbox 321 2465 1221 2552; baseline 0.001 -20"><span class='ocrx_word' id='word_1_156' title='bbox 321 2469 385 2538; x_wconf 77' lang='grc' dir='ltr'>Ὠς</span> <span class='ocrx_word' id='word_1_157' title='bbox 400 2468 486 2551; x_wconf 85' lang='grc' dir='ltr'>ἔφατ’</span> <span class='ocrx_word' id='word_1_158' title='bbox 503 2468 673 2552; x_wconf 81' lang='grc' dir='ltr'>εὐχόμενος,</span> <span class='ocrx_word' id='word_1_159' title='bbox 689 2473 742 2531; x_wconf 82' lang='grc' dir='ltr'>τοῦ</span> <span class='ocrx_word' id='word_1_160' title='bbox 757 2466 782 2531; x_wconf 85' lang='grc' dir='ltr'>δ’</span> <span class='ocrx_word' id='word_1_161' title='bbox 796 2467 888 2532; x_wconf 88' lang='grc' dir='ltr'>ἔκλυε</span> <span class='ocrx_word' id='word_1_162' title='bbox 901 2471 1018 2547; x_wconf 82' lang='grc' dir='ltr'>Φοῖβος</span> <span class='ocrx_word' id='word_1_163' title='bbox 1031 2465 1205 2539; x_wconf 89' lang='grc' dir='ltr'>Ἀπόλλων,</span> <span class='ocrx_word' id='word_1_164' title='bbox 1219 2529 1221 2533; x_wconf 79' lang='grc'>,</span> 
     </span>
     <span class='ocr_line' id='line_1_22' title="bbox 284 2569 1082 2654; baseline -0.006 -17"><span class='ocrx_word' id='word_1_165' title='bbox 284 2577 328 2654; x_wconf 87' lang='grc' dir='ltr'>βῆ</span> <span class='ocrx_word' id='word_1_166' title='bbox 343 2575 376 2637; x_wconf 78' lang='grc' dir='ltr'>δὲ</span> <span class='ocrx_word' id='word_1_167' title='bbox 392 2571 454 2636; x_wconf 88' lang='grc' dir='ltr'>κατ’</span> <span class='ocrx_word' id='word_1_168' title='bbox 471 2570 647 2651; x_wconf 82' lang='grc' dir='ltr'>Οόλόμποιο</span> <span class='ocrx_word' id='word_1_169' title='bbox 663 2569 798 2654; x_wconf 81' lang='grc' dir='ltr'>καρήνων</span> <span class='ocrx_word' id='word_1_170' title='bbox 811 2571 964 2654; x_wconf 90' lang='grc' dir='ltr'>χωόμενος</span> <span class='ocrx_word' id='word_1_171' title='bbox 980 2573 1044 2652; x_wconf 81' lang='grc' dir='ltr'>κῆρ,</span> <span class='ocrx_word' id='word_1_172' title='bbox 1077 2578 1082 2592; x_wconf 86' lang='lat'><em>‘</em></span> 
     </span>
     <span class='ocr_line' id='line_1_23' title="bbox 284 2672 1233 2758; baseline 0.001 -20"><span class='ocrx_word' id='word_1_173' title='bbox 284 2673 348 2754; x_wconf 82' lang='grc' dir='ltr'>τόξ’</span> <span class='ocrx_word' id='word_1_174' title='bbox 362 2675 489 2756; x_wconf 78' lang='grc' dir='ltr'>ὤμοισιν</span> <span class='ocrx_word' id='word_1_175' title='bbox 503 2674 583 2758; x_wconf 80' lang='grc' dir='ltr'>ἔχων</span> <span class='ocrx_word' id='word_1_176' title='bbox 598 2673 780 2757; x_wconf 72' lang='grc' dir='ltr'>ἀμφηρεφέα</span> <span class='ocrx_word' id='word_1_177' title='bbox 792 2699 826 2738; x_wconf 91' lang='grc' dir='ltr'>τε</span> <span class='ocrx_word' id='word_1_178' title='bbox 840 2672 1002 2756; x_wconf 86' lang='grc' dir='ltr'>φαρέτρην·</span> <span class='ocrx_word' id='word_1_179' title='bbox 1201 2699 1233 2751; x_wconf 81' lang='lat'>4⁵</span> 
     </span>
     <span class='ocr_line' id='line_1_24' title="bbox 285 2776 1008 2862; baseline -0.006 -17"><span class='ocrx_word' id='word_1_180' title='bbox 285 2777 437 2862; x_wconf 84' lang='grc' dir='ltr'>ἔκλαγξαν</span> <span class='ocrx_word' id='word_1_181' title='bbox 451 2778 476 2842; x_wconf 86' lang='grc' dir='ltr'>δ’</span> <span class='ocrx_word' id='word_1_182' title='bbox 492 2777 537 2861; x_wconf 84' lang='grc' dir='ltr'>ἀρ’</span> <span class='ocrx_word' id='word_1_183' title='bbox 553 2779 652 2843; x_wconf 84' lang='grc' dir='ltr'>ὀϊστοὶ</span> <span class='ocrx_word' id='word_1_184' title='bbox 667 2777 714 2842; x_wconf 79' lang='grc' dir='ltr'>ἐπ’</span> <span class='ocrx_word' id='word_1_185' title='bbox 731 2777 818 2858; x_wconf 78' lang='grc' dir='ltr'>ὤμων</span> <span class='ocrx_word' id='word_1_186' title='bbox 831 2776 1008 2862; x_wconf 87' lang='grc' dir='ltr'>χωομένοιο,</span> 
     </span>
     <span class='ocr_line' id='line_1_25' title="bbox 285 2878 938 2961; baseline -0.005 -14"><span class='ocrx_word' id='word_1_187' title='bbox 285 2883 375 2947; x_wconf 79' lang='grc' dir='ltr'>αὐτοῦ</span> <span class='ocrx_word' id='word_1_188' title='bbox 389 2880 569 2960; x_wconf 87' lang='grc' dir='ltr'>κινηθέντος·</span> <span class='ocrx_word' id='word_1_189' title='bbox 590 2883 610 2944; x_wconf 87' lang='grc' dir='ltr'>δ</span> <span class='ocrx_word' id='word_1_190' title='bbox 624 2881 650 2945; x_wconf 89' lang='grc' dir='ltr'>δ’</span> <span class='ocrx_word' id='word_1_191' title='bbox 665 2878 713 2961; x_wconf 81' lang='grc' dir='ltr'>ἤϊε</span> <span class='ocrx_word' id='word_1_192' title='bbox 728 2881 810 2947; x_wconf 79' lang='grc' dir='ltr'>νυκτὶ</span> <span class='ocrx_word' id='word_1_193' title='bbox 823 2881 938 2946; x_wconf 78' lang='grc' dir='ltr'>ἔοικάς.</span> 
     </span>
     <span class='ocr_line' id='line_1_26' title="bbox 285 2981 1017 3064; baseline -0.001 -15"><span class='ocrx_word' id='word_1_194' title='bbox 285 2984 359 3064; x_wconf 74' lang='grc' dir='ltr'>ἕζετ’</span> <span class='ocrx_word' id='word_1_195' title='bbox 375 2983 466 3049; x_wconf 88' lang='grc' dir='ltr'>ἔπειτ’</span> <span class='ocrx_word' id='word_1_196' title='bbox 482 2982 631 3049; x_wconf 85' lang='grc' dir='ltr'>ἀπάνευθε</span> <span class='ocrx_word' id='word_1_197' title='bbox 646 2989 729 3056; x_wconf 79' lang='grc' dir='ltr'>νεῶν,</span> <span class='ocrx_word' id='word_1_198' title='bbox 745 2985 821 3062; x_wconf 76' lang='grc' dir='ltr'>μετὰ</span> <span class='ocrx_word' id='word_1_199' title='bbox 834 2981 860 3046; x_wconf 89' lang='grc' dir='ltr'>δ’</span> <span class='ocrx_word' id='word_1_200' title='bbox 877 2982 923 3047; x_wconf 82' lang='grc' dir='ltr'>ίδν</span> <span class='ocrx_word' id='word_1_201' title='bbox 935 2982 1017 3061; x_wconf 85' lang='grc' dir='ltr'>ἔηκε·</span> 
     </span>
     <span class='ocr_line' id='line_1_27' title="bbox 285 3085 1012 3170; baseline -0.008 -16"><span class='ocrx_word' id='word_1_202' title='bbox 285 3089 367 3169; x_wconf 73' lang='grc' dir='ltr'>δεινὴ</span> <span class='ocrx_word' id='word_1_203' title='bbox 382 3091 416 3153; x_wconf 66' lang='grc' dir='ltr'>δὲ</span> <span class='ocrx_word' id='word_1_204' title='bbox 431 3087 548 3170; x_wconf 72' lang='grc' dir='ltr'>κλαγγὴ</span> <span class='ocrx_word' id='word_1_205' title='bbox 563 3086 658 3170; x_wconf 84' lang='grc' dir='ltr'>γένετ’</span> <span class='ocrx_word' id='word_1_206' title='bbox 675 3085 831 3169; x_wconf 89' lang='grc' dir='ltr'>ἀργυρέοιο</span> <span class='ocrx_word' id='word_1_207' title='bbox 844 3089 938 3166; x_wconf 80' lang='grc' dir='ltr'>βιοῖο·</span> <span class='ocrx_word' id='word_1_208' title='bbox 1009 3155 1012 3162; x_wconf 23' lang='lat'><strong>⁴</strong></span> 
     </span>
     <span class='ocr_line' id='line_1_28' title="bbox 286 3188 1240 3276; baseline -0.004 -20"><span class='ocrx_word' id='word_1_209' title='bbox 286 3193 393 3276; x_wconf 74' lang='grc' dir='ltr'>οάρῇας</span> <span class='ocrx_word' id='word_1_210' title='bbox 406 3195 463 3273; x_wconf 79' lang='grc' dir='ltr'>μὲν</span> <span class='ocrx_word' id='word_1_211' title='bbox 476 3197 594 3275; x_wconf 81' lang='grc' dir='ltr'>πρῶτον</span> <span class='ocrx_word' id='word_1_212' title='bbox 608 3188 744 3276; x_wconf 72' lang='grc' dir='ltr'>ἐπῴχετο</span> <span class='ocrx_word' id='word_1_213' title='bbox 759 3190 808 3254; x_wconf 82' lang='grc' dir='ltr'>καὶ</span> <span class='ocrx_word' id='word_1_214' title='bbox 824 3189 912 3257; x_wconf 86' lang='grc' dir='ltr'>κόνας</span> <span class='ocrx_word' id='word_1_215' title='bbox 926 3190 1044 3272; x_wconf 80' lang='grc' dir='ltr'>ἀργούς,</span> <span class='ocrx_word' id='word_1_216' title='bbox 1201 3217 1240 3266; x_wconf 81' lang='lat'>50</span> 
     </span>
     <span class='ocr_line' id='line_1_29' title="bbox 285 3292 1014 3378; baseline 0.001 -19"><span class='ocrx_word' id='word_1_217' title='bbox 285 3297 377 3378; x_wconf 79' lang='grc' dir='ltr'>αὐτὰρ</span> <span class='ocrx_word' id='word_1_218' title='bbox 393 3293 483 3360; x_wconf 86' lang='grc' dir='ltr'>ἔπειτ’</span> <span class='ocrx_word' id='word_1_219' title='bbox 500 3294 618 3357; x_wconf 76' lang='grc' dir='ltr'>αὐτοῖσι</span> <span class='ocrx_word' id='word_1_220' title='bbox 632 3292 727 3374; x_wconf 94' lang='grc' dir='ltr'>βέλος</span> <span class='ocrx_word' id='word_1_221' title='bbox 738 3294 902 3377; x_wconf 54' lang='grc' dir='ltr'>’ἐχεπευκὲς</span> <span class='ocrx_word' id='word_1_222' title='bbox 917 3294 1014 3374; x_wconf 81' lang='grc' dir='ltr'>έφιεὶς</span> 
     </span>
     <span class='ocr_line' id='line_1_30' title="bbox 285 3394 1031 3479; baseline -0.004 -18"><span class='ocrx_word' id='word_1_223' title='bbox 285 3397 391 3478; x_wconf 89' lang='grc' dir='ltr'>βάλλ’·</span> <span class='ocrx_word' id='word_1_224' title='bbox 414 3398 473 3462; x_wconf 80' lang='grc' dir='ltr'>αίεὶ</span> <span class='ocrx_word' id='word_1_225' title='bbox 488 3399 521 3461; x_wconf 68' lang='grc' dir='ltr'>δέ</span> <span class='ocrx_word' id='word_1_226' title='bbox 536 3397 626 3479; x_wconf 83' lang='grc' dir='ltr'>πυραὶ</span> <span class='ocrx_word' id='word_1_227' title='bbox 641 3394 752 3461; x_wconf 86' lang='grc' dir='ltr'>νεκόων</span> <span class='ocrx_word' id='word_1_228' title='bbox 767 3396 886 3461; x_wconf 88' lang='grc' dir='ltr'>καίοντο</span> <span class='ocrx_word' id='word_1_229' title='bbox 902 3395 1031 3475; x_wconf 89' lang='grc' dir='ltr'>θαμειαί.</span> 
     </span>
     <span class='ocr_line' id='line_1_31' title="bbox 328 3495 1077 3583; baseline -0.005 -19"><span class='ocrx_word' id='word_1_230' title='bbox 328 3500 478 3583; x_wconf 82' lang='grc' dir='ltr'>Ἐννῆμαρ</span> <span class='ocrx_word' id='word_1_231' title='bbox 492 3501 548 3580; x_wconf 70' lang='grc' dir='ltr'>μὲν</span> <span class='ocrx_word' id='word_1_232' title='bbox 563 3501 620 3564; x_wconf 83' lang='grc' dir='ltr'>ἀνά</span> <span class='ocrx_word' id='word_1_233' title='bbox 635 3496 764 3580; x_wconf 80' lang='grc' dir='ltr'>στρατὸν</span> <span class='ocrx_word' id='word_1_234' title='bbox 779 3495 876 3583; x_wconf 83' lang='grc' dir='ltr'>φ’χετο</span> <span class='ocrx_word' id='word_1_235' title='bbox 892 3500 971 3577; x_wconf 83' lang='grc' dir='ltr'>κῆλα</span> <span class='ocrx_word' id='word_1_236' title='bbox 985 3502 1077 3571; x_wconf 82' lang='grc' dir='ltr'>θεοῖο,</span> 
     </span>
     <span class='ocr_line' id='line_1_32' title="bbox 286 3598 1115 3690; baseline 0.001 -25"><span class='ocrx_word' id='word_1_237' title='bbox 286 3605 321 3689; x_wconf 78' lang='grc' dir='ltr'>τῇ</span> <span class='ocrx_word' id='word_1_238' title='bbox 337 3601 445 3690; x_wconf 77' lang='grc' dir='ltr'>δεκάτῃ</span> <span class='ocrx_word' id='word_1_239' title='bbox 460 3601 485 3666; x_wconf 94' lang='grc' dir='ltr'>δ’</span> <span class='ocrx_word' id='word_1_240' title='bbox 502 3598 648 3683; x_wconf 82' lang='grc' dir='ltr'>ἀγορήνδε</span> <span class='ocrx_word' id='word_1_241' title='bbox 663 3598 837 3664; x_wconf 88' lang='grc' dir='ltr'>καλέσσατο</span> <span class='ocrx_word' id='word_1_242' title='bbox 850 3598 928 3665; x_wconf 88' lang='grc' dir='ltr'>λαὸν</span> <span class='ocrx_word' id='word_1_243' title='bbox 941 3598 1115 3683; x_wconf 77' lang='grc' dir='ltr'>Ἀχιλλεύς·</span> 
     </span>
     <span class='ocr_line' id='line_1_33' title="bbox 286 3701 1242 3790; baseline 0.003 -27"><span class='ocrx_word' id='word_1_244' title='bbox 286 3706 328 3790; x_wconf 66' lang='grc' dir='ltr'>τῷ</span> <span class='ocrx_word' id='word_1_245' title='bbox 342 3706 400 3789; x_wconf 84' lang='grc' dir='ltr'>γάρ</span> <span class='ocrx_word' id='word_1_246' title='bbox 415 3706 465 3770; x_wconf 82' lang='grc' dir='ltr'>ἔπὶ</span> <span class='ocrx_word' id='word_1_247' title='bbox 481 3705 573 3790; x_wconf 85' lang='grc' dir='ltr'>φρεσὶ</span> <span class='ocrx_word' id='word_1_248' title='bbox 588 3705 661 3781; x_wconf 81' lang='grc' dir='ltr'>θῆκε</span> <span class='ocrx_word' id='word_1_249' title='bbox 675 3706 731 3768; x_wconf 82' lang='grc' dir='ltr'>θεδ</span> <span class='ocrx_word' id='word_1_250' title='bbox 743 3703 931 3770; x_wconf 77' lang='grc' dir='ltr'>λευκώλενος</span> <span class='ocrx_word' id='word_1_251' title='bbox 941 3701 1033 3782; x_wconf 86' lang='grc' dir='ltr'>Ἥρη·</span> <span class='ocrx_word' id='word_1_252' title='bbox 1202 3727 1242 3777; x_wconf 76' lang='lat'>55</span> 
     </span>
    </p>
   </div>
   <div class='ocr_carea' id='block_1_3' title="bbox 0 0 1384 4228">
    <p class='ocr_par' dir='ltr' id='par_1_3' title="bbox 0 0 1384 4228">
     <span class='ocr_line' id='line_1_34' title="bbox 0 0 1384 4228; baseline 0 0"><span class='ocrx_word' id='word_1_253' title='bbox 0 0 1384 4228; x_wconf 95' lang='lat' dir='ltr'> </span> 
     </span>
    </p>
   </div>
  </div>
 </body>
</html>
