2758 4228
489 287 556 346 ων
579 285 822 347 Απολλαυκ.
1062 295 1127 364 935

178 457 211 520 έν
226 456 251 520 δ’
267 456 304 520 αὖ
318 458 407 542 τῇσιν
418 451 511 535 Ἀρης
527 451 575 518 καί
590 451 738 518 ἔόσκοπος
751 451 971 534 Ἀργειφόντης
1075 477 1127 513 τοο·

177 561 326 638 παίζουσ’·
350 559 441 640 αὐτὰρ
456 560 473 622 ό
488 563 605 639 Φοῖβος
619 557 782 620 Ἀπόλλων
799 555 985 636 ἐγκιθαρίζει,

177 667 256 728 καλά
272 665 320 728 καὶ
334 665 391 746 ὕψι
405 663 511 744 βιβάς,
527 665 619 744 αίγλη
639 659 672 724 δέ
686 685 738 740 μιν
752 660 952 741 ἀμφιφαείνει

175 767 365 850 μαρμαρυγαί
378 791 410 830 τε
425 771 525 829 ποδῶν
541 767 589 828 καὶ
605 762 788 827 ἑῦκλόστοιο
803 767 939 843 χιτῶνος.
1068 767 1125 837 [²5]

176 873 204 934 οἱ
220 871 244 935 δ’
263 869 470 952 ἐπιτέρπονται
485 867 579 948 θυμδν
593 867 689 950 μέγαν
705 864 907 946 εἰσορόωντες,

174 975 262 1052 Λητό
278 999 311 1038 τε
325 972 581 1057 χρυσοπλόκαμος
596 968 645 1034 καὶ
658 971 783 1050 μητίετα
800 968 883 1046 Ζεός,
1075 995 1123 1044 205

173 1079 224 1141 υἶα
239 1078 332 1158 φίλον
347 1077 492 1154 παίζοντα
505 1071 568 1154 μετ’
584 1072 762 1136 ἀθανάτοισι
779 1077 886 1135 θεοῖσι.

217 1185 289 1247 Πῶς
305 1180 331 1242 τ’
347 1179 383 1261 ἄρ
400 1179 429 1241 σ’
446 1176 570 1257 ὑμνήσω
586 1175 706 1242 πάντως
720 1175 843 1254 εὔυμνον
859 1175 947 1238 ἐόντα
955 1199 969 1248 ,·

173 1283 209 1362 ἠέ
224 1281 254 1346 α’
269 1281 313 1347 ἐνὶ
328 1283 499 1367 μνηστῇσιν
515 1281 604 1344 ἀείδω
620 1277 669 1344 καὶ
685 1279 838 1361 φιλότητι,
1065 1287 1125 1354 [30]

173 1387 276 1452 ὅππως
291 1383 463 1467 μνωόμενος
481 1383 559 1449 ἔκιες
573 1382 732 1458 Ἀζαντίδα
750 1381 867 1462 κούρην,

168 1486 266 1574 Ἴσχυ’
281 1488 330 1568 ἅμ’
347 1489 481 1572 ἀντιθέῳ,
496 1487 687 1572 Ἐλατιονίδη
703 1486 818 1569 εὐίππῳ
831 1512 842 1560 ,·
1075 1515 1125 1550 210

51 1647 55 1652 ,
171 1591 189 1671 ἢ
206 1592 268 1673 άμα
283 1595 439 1673 Φόρβαντι
454 1591 577 1673 Τριόπω
592 1590 689 1674 γένος,
703 1587 723 1668 ἢ
740 1589 789 1670 ἅμ’
803 1590 962 1671 Ἐρευθεῖ,·

171 1692 266 1777 ἢάμα
282 1697 444 1780 Λευκίππῳ
460 1691 510 1758 καὶ
525 1696 709 1758 Λευκίπποιο
726 1692 850 1775 δάμαρτι

171 1800 270 1877 πεζός,
286 1801 302 1862 ὁ
318 1797 342 1863 δ’
360 1802 519 1870 ίππαισιν;
543 1799 577 1861 οὐ
592 1797 651 1876 μὴν
665 1797 797 1878 Τρίοπός
812 1794 841 1878 γ’
856 1796 1020 1862 ἐνέλειπεν.
1064 1807 1123 1874 [35]

170 1899 188 1980 ἢ
206 1902 245 1968 ὡς
259 1908 294 1965 τδ
310 1907 429 1983 πρῶτον
444 1898 626 1981 χρηστήριον
640 1899 826 1980 δνθριίτοισι

171 2005 301 2083 ζητεύων
317 2007 391 2069 κατὰ
406 2009 496 2086 γαῖαν
512 2005 596 2083 ἔβης,
615 2000 776 2082 ἑκατηβόλ’
790 2001 968 2077 ”Λπολλον,·
1073 2033 1100 2066 ιι
1106 2032 1121 2081 5

171 2108 298 2189 Πιερίην
312 2108 367 2186 μὲν
382 2112 499 2188 πρῶτον
518 2104 569 2169 ἀπ’
585 2104 762 2186 Οὐλύμποιο
779 2109 935 2183 κατῆλθες·

93 2259 96 2269 s
170 2210 285 2276 Λέκτον
300 2211 325 2273 τ’
341 2211 510 2289 ἠμαθόεντα
525 2208 708 2292 παρέστιχες
723 2208 768 2285 ἠδ’
783 2208 933 2285 Ἐνιῆνας,

172 2311 220 2376 καὶ
235 2312 286 2376 διὰ
302 2314 502 2394 Περραιβούς·
525 2311 605 2396 τάχα
619 2309 645 2376 δ’Ι
661 2314 703 2378 Ιεἰς
717 2309 860 2376 Ἰαωλκὸν
875 2313 985 2384 ἵκανες,
1063 2322 1122 2392 [40]

171 2418 303 2494 Κηναίου
319 2417 344 2480 τ’
359 2417 472 2498 ἐπέβης
487 2416 697 2495 ναυσικλείτης
713 2414 855 2494 Εὐβοίης·
929 2417 932 2422 ’
948 2444 951 2450 ’

171 2523 244 2598 στῆς
260 2521 285 2584 δ’
301 2522 351 2584 ἐπὶ
366 2520 513 2603 Ληλάντῳ
529 2521 632 2604 πεδίῳ,
648 2519 683 2581 τό
697 2543 743 2582 τοι
759 2517 816 2602 οὔχ
832 2519 885 2583 άδε
901 2521 983 2604 θυμῳ
1072 2548 1121 2584 ατο

170 2621 331 2701 τεύξασθαι
348 2625 420 2703 νηόν
437 2649 470 2687 τε
486 2620 534 2686 καὶ
549 2624 649 2686 ἄλσεα
664 2621 849 2701 δενδρήεντα.
1011 2618 1013 2626 ’

161 2727 256 2815 Ιένθεν
272 2727 297 2791 δ’
314 2727 447 2809 Εὔριπον
462 2723 758 2806 διαβάς,έκατηβόλ’
769 2723 937 2804 Ἀπολλον,

168 2832 228 2909 βῆς
244 2827 289 2895 ἄν’
305 2832 373 2911 όρος
390 2831 494 2908 ζάθεον
509 2830 639 2913 χλωρόν·
662 2828 742 2912 τάχα
757 2829 782 2892 δ’
798 2827 860 2908 ἷξες
876 2829 927 2892 ἆτ’
943 2828 1032 2893 αὐτοῦ
1059 2839 1120 2909 [45]

168 2934 198 2998 ἐς
215 2934 427 3012 Μυκαλησσὸν
443 2934 497 2996 ἰῶν
513 2934 562 2996 καὶ
576 2937 759 3012 Τευμησσὸν
774 2933 950 3016 λεχεποίην.

168 3035 278 3116 Θήβης
293 3035 319 3100 δ’
335 3038 529 3117 εἰσαφίκανες
546 3036 613 3101 ἕδος
629 3034 823 3115 καταειμένον
838 3037 906 3122 ὕλῃ·
1070 3065 1117 3115 225

168 3140 202 3202 οὗ
216 3139 275 3223 γάρ
290 3141 336 3204 πό
352 3166 397 3206 τις
413 3145 494 3204 ἔναιε
508 3146 627 3222 βροτῶν
646 3139 710 3225 ἱερῇ
727 3136 771 3203 ἑνὶ
787 3138 891 3225 Θήβῃ,
914 3167 917 3176 ’

167 3244 228 3307 οὐδ’
244 3245 301 3325 άρα
316 3271 362 3307 πω
378 3245 445 3308 τότε
461 3244 488 3327 γ’
503 3243 582 3322 ἦσαν
597 3243 752 3324 ἀταρπιτοὶ
767 3243 835 3306 οὐδὲ
849 3243 988 3308 κέλευθοι

202 3415 249 3464 ²04
267 3399 331 3464 μέγα
341 3402 370 3451 Μ
467 3415 513 3464 209
532 3398 641 3449 όττότιιν
651 3399 745 3462 ίέμενος
757 3401 799 3458 Μ;
819 3399 905 3448 &nod
919 3400 1055 3465 όνωόμενος
1068 3421 1116 3470 xp;

166 3478 264 3528 emend.
275 3479 375 3528 Martin.
427 3477 599 3544 άζαντίδιικρς
616 3478 751 3526 δτλαντὶδα
766 3479 803 3528 Μ.
889 3491 933 3528 211
952 3497 1050 3531 versum
1065 3496 1116 3530 om.

166 3573 193 3622 p.
244 3555 347 3619 τριοτόω
358 3574 408 3607 om.
419 3555 490 3618 γένος
500 3573 516 3622 y
526 3573 532 3616 ;
548 3555 589 3618 ἅμ’
597 3557 697 3619 ἐρεχθεΐ
703 3555 731 3604 Μ
741 3573 747 3616 ;
765 3555 805 3615 ἅμ’
817 3557 911 3620 έρενθεΐ
918 3574 946 3616 x;
959 3556 1084 3620 άμαρόνθω
1091 3573 1117 3621 γ.

170 3647 217 3695 213
235 3633 350 3698 δλέλιφεν
371 3635 413 3694 Μ;
433 3633 582 3700 ὶνέλζεμπετ
600 3642 658 3686 oett.
756 3634 803 3682 216
822 3633 911 3699 τιερίης
933 3651 965 3695 x;
991 3633 1066 3698 τιερίη
1090 3651 1116 3698 p.

166 3723 214 3777 217
235 3711 340 3774 Ἐνιῆνας
361 3714 470 3771 Matth.;
493 3713 608 3778 ἁγνιήυιις
623 3715 670 3775 Μ;
689 3712 820 3778 μαγνιήνας
837 3731 868 3780 y;
889 3713 1021 3776 μα’γνηίδας
1039 3727 1083 3778 xp.
