2758 4228
257 366 322 436 954
582 399 584 404 .
653 353 802 414 'Y'MNOL

256 522 400 607 πορθήσω
419 525 468 588 καὶ
482 525 606 605 χρυσόν,
622 523 691 590 ἀλις
705 523 731 587 τ’
748 525 862 588 αἴθωνα
877 522 1011 603 σίδηρον,
1152 535 1204 584 180

257 631 304 694 καὶ
320 629 440 707 πολλὴν
456 630 580 706 ἐσθῆτα·
602 626 641 691 σὺ
656 627 682 692 δ’
697 629 799 709 ὄψεαι,
816 629 850 691 αἴ
863 626 888 690 κ’
904 627 1067 713 ἐθέλῃσθα.

291 731 355 798 Ὣς
371 734 399 795 οί
415 730 471 811 μέν
484 731 512 812 ῥ’
531 733 656 798 ἐπέεσσι
671 731 746 813 πρὸς
761 728 914 809 ἀλλήλους
929 730 1082 813 ἀγόρευον,

255 837 319 902 υἱός
337 832 363 898 τ’
377 837 528 919 αἰγιόχοιο
545 841 618 902 Διὸς
634 833 681 899 καὶ
697 837 803 899 πότνια
819 837 913 899 Μαῖα.

255 939 314 1018 ἠὼς
329 937 354 1003 δ’
369 938 520 1023 ἠριγένεια
535 940 619 1021 φόως
634 943 771 1012 θνητοῖσι
787 937 923 1019 φέρουσα

256 1043 358 1123 ὤρνυτ’
374 1042 425 1107 ἀπ’
444 1043 603 1106 Ὠκεανοῖο
618 1041 798 1123 βαθυρρόου·
822 1039 914 1122 αύτάρ
929 1037 1091 1104 Ἀπόλλων
1152 1053 1201 1114 185

254 1147 455 1230 Ὀγχηστόνδ’
471 1147 599 1227 ἀφίκανε
616 1146 696 1223 κιών,
712 1144 901 1225 πολυήρατον
916 1144 1014 1210 ἀλσος

254 1252 348 1332 ἁγνὸν
364 1249 569 1332 ἐρισφαράγου
584 1249 742 1334 Γαιηόχου·
765 1250 837 1314 ἔνθα
851 1249 980 1331 γέροντα

255 1354 411 1419 κνώδαλον
426 1354 492 1435 εὗρε
508 1353 636 1435 νέμοντα
651 1351 747 1434 παρὲξ
760 1354 829 1416 ὁδοῦ
844 1352 928 1433 έρκος
944 1353 1054 1429 ἀλωῆς.

254 1462 306 1520 τὸν
323 1458 467 1538 πρότερος
482 1456 625 1537 προσέφη
641 1461 755 1534 Λητοῦς
772 1453 919 1538 ἐρικυδέος
933 1455 1007 1520 υἱός·

293 1559 337 1621 Ὠ
351 1561 441 1642 γέρον
455 1559 644 1641 Ὀγχηστοῖο
659 1561 831 1640 βατοδρόπε
846 1557 1015 1638 ποιήεντος,
1151 1583 1203 1632 190

253 1668 328 1742 βοῦς
345 1663 405 1726 ἀπὸ
421 1664 546 1745 Πιερίης
561 1661 715 1743 διζήμενος
731 1663 830 1726 ἐνθάδ’
846 1661 946 1740 ἱκάνω,

253 1766 353 1832 πόσας
370 1767 500 1846 θηλείας,
514 1765 616 1832 πόσας
632 1765 793 1848 κεράεσσιν
807 1765 937 1842 ἑλικτάς,

253 1869 289 1948 ἐξ
302 1869 425 1953 ἀγέλης·
449 1872 465 1933 ὁ
481 1873 512 1936 δὲ
528 1875 634 1951 ταῦρος
651 1873 800 1950 ἐβόσκετο
814 1874 923 1949 μοῦνος
938 1866 989 1933 ἀπ’
1004 1869 1108 1932 ἄλλων

254 1973 387 2052 κυάνεος,
403 1975 532 2056 χαροποὶ
548 1978 581 2039 δὲ
597 1975 681 2041 κύνες
698 1975 881 2039 κατόπισθεν
895 1973 1004 2037 ἕποντο

253 2078 409 2158 τέσσαρες,
425 2076 494 2157 ἠύτε
512 2085 621 2158 φῶτες,
637 2081 813 2160 ὁμόφρονες·
837 2081 865 2141 οῖ
882 2081 937 2160 μὲν
953 2077 1104 2157 ἔλειφθεν,
1150 2104 1200 2156 195

252 2183 284 2245 οἵ
298 2207 331 2245 τε
348 2182 432 2248 κύνες
447 2183 512 2246 ὅτε
528 2187 643 2262 ταῦρος,
659 2181 676 2245 δ
692 2183 727 2261 δὴ
745 2183 813 2262 περὶ
829 2185 926 2260 θαῦμα
940 2179 1086 2245 τέτυκται·

214 2332 218 2341 .
253 2283 301 2349 ταὶ
316 2285 341 2350 δ’
357 2286 435 2365 ἔβαν
449 2285 565 2364 ἠελίοιο
582 2286 650 2350 νέον
665 2289 897 2363 καταδυομένοιο

253 2392 286 2453 ἐκ
302 2394 439 2469 μαλακοῦ
455 2393 610 2468 λειμῶνος,
628 2389 689 2452 ἀπὸ
702 2393 860 2471 γλυκεροῖο
875 2393 988 2467 νομοῖο.

253 2491 345 2554 ταῦτά
359 2519 410 2572 μοι
426 2491 502 2568 εἰπέ,
519 2495 619 2574 γεραιὲ
635 2494 827 2575 παλαιγενές,
844 2494 873 2556 εἴ
886 2516 944 2555 που
960 2492 1083 2558 ὄπωπας

255 2595 345 2676 ἀνέρα
361 2594 460 2660 ταῖσδ’
475 2593 524 2658 ἐπὶ
540 2597 635 2676 βουσὶ
651 2594 879 2676 διαπρήσσοντα
894 2596 1044 2660 κέλευθον.
1148 2622 1200 2657 τοο

295 2701 357 2763 Τὸν
373 2699 398 2760 δ’
415 2701 430 2762 ὁ
445 2698 542 2782 γέρων
555 2700 697 2777 μύθοισιν
712 2700 913 2778 ἀμειβόμενος
928 2698 1119 2778 προσέειπεν·

252 2801 275 2866 ὦ
292 2805 394 2884 φίλος,
410 2803 560 2885 ἀργαλέον
575 2806 630 2884 μὲν
648 2801 695 2866 ἀν’
711 2805 917 2884 ὀφθαλμοῖσιν
931 2803 1026 2867 ίδοιτο

252 2904 350 2970 πάντα
365 2907 478 2988 λέγειν·
500 2903 612 2970 πολλοὶ
627 2905 685 2988 γὰρ
700 2905 771 2970 ὁδὸν
786 2904 979 2988 πρήσσουσιν
995 2908 1100 2983 ὁδῖται,

251 3015 311 3072 τῶν
326 3012 356 3074 οί
371 3014 427 3090 μὲν
443 3009 518 3074 κακὰ
533 3008 637 3074 πολλὰ
651 3012 809 3090 μεμαότες,
823 3011 852 3072 οἱ
871 3011 903 3072 δὲ
919 3007 990 3090 μόλ’
1006 3009 1111 3087 ἐσθλά,

252 3117 409 3191 φοιτῶσιν·
433 3113 570 3195 χαλεπὸν
586 3119 616 3177 δὲ
632 3111 778 3191 δαήμεναί
791 3115 874 3176 ἐστιν
890 3113 1026 3178 ἕκαστον.
1149 3140 1198 3189 ²05

252 3214 343 3295 αύτάρ
359 3217 419 3295 ἐγὼ
434 3218 555 3297 πρόπαν
569 3215 647 3296 ἦμαρ
666 3217 696 3282 ἔς
710 3215 815 3293 ἠέλιον
831 3217 996 3282 καταδύντα

252 3318 402 3382 ἔσκαπτον
419 3317 487 3400 περὶ
503 3325 610 3403 γουνὸν
625 3321 726 3396 ἀλωῆς
742 3319 921 3384 οἰνοπέδοιο·

251 3426 344 3485 παῖδα
358 3419 385 3485 δ’
400 3423 499 3502 ἔδοξα,
515 3423 651 3505 φέριστε,
668 3425 768 3506 σαφές
788 3424 814 3488 δ’
833 3423 885 3487 οῦκ
901 3423 976 3498 οῖδα,
992 3427 1109 3504 νοῆσαι,

288 3648 335 3710 183
353 3646 412 3708 μαῖα
432 3663 481 3712 κρ;
504 3646 584 3710 μήτηρ
602 3649 640 3699 Μ.
741 3651 787 3699 188
805 3649 928 3698 κνώδαλον
947 3651 1059 3702 nondum
1075 3658 1199 3702 sanatum.

254 3739 303 3774 τοο
319 3724 422 3775 κέλευθα
434 3725 472 3774 Μ.
540 3739 586 3776 202
606 3725 677 3786 ίδοιμι
690 3727 727 3778 Μ.
