2738 4226
465 347 512 392 10.
536 332 705 390 ΙΛΙΑΔΟΣ
728 331 765 391 K.
1029 342 1087 408 197
1125 370 1129 378 -

146 497 263 583 χλωρὸς
278 498 350 562 ύπαὶ
366 498 473 564 δείους·
495 498 535 560 τὸ
552 498 577 562 δ’
595 499 797 578 ἀσθμαίνοντε
813 495 949 580 κιχήτην,

145 607 255 686 χειρῶν
269 599 295 664 δ’
311 599 465 683 ἁψάσθην·
488 601 505 664 ὁ
523 602 556 665 δὲ
570 600 719 683 δακρύσας
735 601 807 668 ἔπος
821 601 905 680 ηύδα·

147 715 166 740 “
177 704 319 787 ζωγρεῖτ’,
335 703 426 784 αὐτὰρ
443 703 521 786 ἔγιδν
536 705 588 784 ἐμὲ
603 703 745 784 λύσομαι·
770 703 837 767 ἔστι
851 706 908 786 γὰρ
925 703 1011 769 ἔνδον

145 809 260 890 χαλκός
275 833 308 872 τε
321 806 436 889 χρυσός
450 831 484 870 τε
499 805 690 884 πολύκμητός
705 831 737 872 τε
754 808 885 888 σίδηρος,

145 915 204 972 τῶν
220 907 246 972 κ’
259 909 350 990 ύμμιν
366 908 529 992 χαρίσαιτο
544 910 641 990 πατὴρ
657 909 804 991 ἀπερείσι’
820 908 941 981 ἄποινα,
1039 923 1087 984 380

146 1015 175 1076 εί
188 1039 239 1077 κεν
254 1014 306 1092 ἐμὲ
323 1009 397 1089 ζωδν
412 1010 568 1075 πεπύθοιτ’
584 1013 635 1077 ἐπὶ
650 1014 758 1091 νηυσὶν
771 1011 934 1095 Ἀχαιῶν.”

186 1115 248 1179 Τδν
263 1112 288 1178 δ’
305 1114 549 1195 ἀπαμειβόμενος
563 1113 705 1198 προσέφη
721 1114 887 1194 πολύμητις
900 1114 1076 1179 Ὀδυσσεύς·

146 1230 165 1253 “
175 1217 289 1300 θάρσει,
305 1215 381 1298 μηδέ
396 1218 426 1281 τί
440 1243 486 1281 τοι
502 1217 630 1285 θάνατος
646 1219 825 1298 καταθύμιος
840 1218 928 1282 ἔστω.

145 1320 213 1383 ἀλλ’
230 1319 285 1404 ἄγε
299 1346 351 1402 μοι
366 1322 435 1386 τόδε
451 1323 516 1386 είπέ
532 1322 581 1386 καὶ
597 1319 742 1404 ἀτρεκέως
758 1320 934 1400 κατάλεξον·

143 1423 185 1506 πῇ
200 1422 236 1502 δὴ
252 1424 344 1490 οὕτως
359 1425 409 1488 έπὶ
425 1427 498 1502 νῆας
514 1424 573 1487 ἀπὸ
589 1428 719 1505 στρατοῦ
735 1422 838 1507 ἔρχεαι
854 1424 917 1490 οἶος
1039 1438 1086 1499 385

145 1526 234 1589 νύκτα
249 1526 285 1590 δι’
303 1527 460 1609 ὀρφναίην,
478 1527 528 1590 ότε
544 1524 571 1590 θ’
587 1528 708 1591 εύδουσι
723 1525 830 1608 βροτοὶ
845 1525 937 1589 ἄλλοι
952 1552 963 1600 ;

143 1629 162 1708 ή
177 1655 244 1694 τινα
258 1628 404 1709 συλήσων
419 1629 530 1694 νεκύων
546 1630 818 1709 κατατεθνηιύτων,·

144 1733 162 1811 ή
180 1732 209 1797 π’
222 1731 340 1814 Ἕκτωρ
355 1730 484 1814 προέηκε
498 1737 735 1798 διασκοπιᾶσθαι
750 1734 864 1798 έκαστα

143 1840 214 1916 νῆας
230 1838 280 1901 ἔπι
297 1836 479 1920 γλαφυράς,·
503 1835 522 1915 ἦ
537 1837 565 1899 σ’
583 1835 672 1901 αὐτὸν
688 1837 779 1917 θυμὸς
793 1839 885 1916 ἀνῆκε
896 1836 931 1910 ,·’'

184 1941 247 2004 Τὸν
258 1937 284 2003 δ’
296 1938 433 2020 ἠμείβετ’
445 1939 549 2004 ἔπειτα
561 1941 681 2012 Δόλων,
690 1939 749 2004 ύπδ
760 1939 784 2004 δ’
796 1940 900 2020 ἔτρεμε
910 1943 991 2020 γυῖα·
1037 1965 1086 2014 390

145 2054 164 2080 “
173 2045 327 2130 πολλῇσίν
341 2042 370 2124 μ’
387 2041 479 2129 ἄτῃσι
497 2043 592 2124 παρὲκ
607 2043 679 2108 νόον
693 2041 806 2125 ἤγαγεν
817 2041 944 2124 Ἕκτωρ,

144 2149 176 2212 ός
189 2172 241 2226 μοι
256 2144 434 2226 Πηλεΐωνος
449 2148 561 2227 ἀγαυοῦ
575 2145 715 2228 μιύιαιχας
729 2147 840 2211 ἵππους

144 2248 310 2329 δωσέμεναι
326 2246 487 2313 κατένευσε
502 2247 551 2311 καὶ
567 2246 683 2330 ἅρματα
698 2247 824 2312 ποικίλα
837 2247 954 2332 χαλκῷ,

143 2352 250 2433 ήνόγει
266 2350 299 2414 δέ
312 2350 342 2430 μ’
360 2350 445 2415 ἰόντα
460 2350 534 2430 θοήν
549 2353 599 2416 διδ
614 2349 704 2415 νύκτα
717 2348 866 2431 μέλαιναν

144 2456 257 2535 ἀνδρῶν
272 2453 444 2534 δυσμενέων
459 2455 571 2538 σχεδὸν
586 2453 722 2534 ἐλθέμεν,
739 2452 772 2518 ἔκ
786 2479 820 2518 τε
834 2453 984 2518 πύθεσθαι
1038 2480 1086 2529 395

143 2558 177 2636 ἠὲ
190 2556 405 2639 φυλάσσονται
421 2561 490 2636 νῆες
506 2559 574 2622 θοαὶ
590 2557 630 2624 ὦς
645 2557 679 2621 τδ
694 2556 789 2639 πάρος
805 2581 870 2638 περ,

143 2660 161 2739 ή
175 2659 230 2740 ήδη
244 2659 406 2744 χείρεσσιν
420 2659 473 2741 ὑφ’
487 2659 651 2746 ἡμετέρῃσι
666 2658 810 2739 δαμέντες

144 2761 233 2842 φύξιν
246 2761 433 2842 βουλεύουσι
447 2764 524 2843 μετὰ
539 2762 661 2843 σφίσιν,
681 2760 742 2825 οὐδ’
759 2759 902 2826 ἐθέλουσι

143 2865 231 2929 νύκτα
246 2863 490 2944 φυλασσέμεναι,
507 2863 627 2949 καμάτῳ
645 2864 787 2944 ἀδηκότες
803 2859 905 2947 αῑνῷ.”

182 2967 245 3031 Τὸν
254 2967 279 3031 δ’
291 2964 488 3047 ἐπιμειδήσας
499 2965 641 3048 προσέφη
653 2966 821 3046 πολύμητις
833 2965 1010 3034 Ὀδυσσεύς·
1037 2994 1087 3040 4ου

144 3070 191 3151 “ή
203 3069 242 3156 ῥά
258 3071 293 3134 νύ
307 3096 354 3134 τοι
368 3069 510 3152 μεγάλων
526 3071 628 3152 δύρων
644 3071 804 3148 ἐπεμαίετο
820 3070 921 3150 θυμός,

143 3177 242 3240 ἵππων
260 3174 407 3238 Αἰακίδαο
422 3172 595 3256 δαΐφρονος·
618 3175 649 3238 οἱ
663 3171 689 3238 δ’
705 3174 859 3256 ἀλεγεινοὶ

143 3276 269 3359 ἀνδράσι
283 3301 320 3358 γε
336 3279 474 3354 θνητοῖσι
488 3274 655 3356 δαμήμεναι
673 3274 720 3356 ἠδ’
735 3276 889 3362 ὀχέεσθαι,

143 3382 227 3465 ἄλλῳ
242 3377 272 3462 γ’
287 3376 305 3459 ή
322 3375 455 3464 Ἀχιλῆϊ,
472 3378 525 3444 τὸν
540 3378 673 3459 ἀθανάτη
690 3379 758 3446 τέκε
771 3379 878 3462 μήτηρ.

143 3482 212 3545 ἀλλ’
228 3482 283 3565 άγε
297 3508 349 3561 μοι
364 3483 434 3546 τόδε
453 3483 518 3546 είπέ
533 3482 583 3546 καί
598 3480 743 3564 ἀτρεκέως
759 3481 937 3562 κατάλεξον·
1037 3509 1086 3558 40⁵

143 3589 200 3647 ποῦ
214 3589 266 3650 νῦν
281 3590 367 3667 δεῦρο
384 3586 456 3650 κιὼν
470 3587 560 3654 λίπες
571 3586 712 3668 Ἕκτορα,
728 3585 857 3666 ποιμένα
871 3593 978 3662 λαῶν,·

144 3692 200 3751 ποθ
214 3687 247 3752 δέ
263 3690 293 3753 οἱ
309 3689 397 3753 ἔντεα
412 3693 507 3752 κεῖται
524 3686 640 3771 Ἀρήϊα,
656 3694 715 3752 ποθ
729 3687 763 3753 δέ
779 3690 808 3755 οἱ
823 3691 935 3763 ίπποι,·
