2792 4232
486 315 535 382 15.
560 302 729 361 ΙΛΙΑΔΟΣ
751 300 789 360 0.
1049 314 1109 380 311

171 472 244 551 ἠμὲν
262 471 337 555 ὅτεῳ
355 470 462 547 ζόουσι
478 471 527 532 καὶ
543 466 566 554 ᾧ
582 465 828 546 κατατεθνήκασι·

170 581 227 640 τῶν
241 576 316 655 ὕπερ
332 570 431 638 ἐνθάδ’
447 573 505 654 έγδ
520 571 702 654 γουνάζομαι
717 571 751 634 οὗ
766 569 939 651 παρεόντων
1060 576 1109 640 665

171 672 329 754 ἑστάμεναι
345 680 500 757 κρατερῶς,
515 675 591 754 μηδὲ
605 677 766 756 τρωπᾶσθε
780 669 946 754 φόβουδε.”

204 774 266 842 Ὣς
281 777 374 841 είπδν
390 777 501 858 ὤτρυνε
514 776 603 856 μένος
619 777 667 840 καὶ
683 779 777 856 θυμδυ
793 773 930 838 ἑκάστου.

170 883 248 942 τοῖσι
262 879 286 942 δ’
304 877 355 943 ἀπ’
371 881 539 960 ὀφθαλμῶν
555 879 647 961 νέφος
662 879 775 961 ἀχλύος
791 875 871 943 ῶσεν
886 874 997 955 Ἀθήνη

172 975 343 1040 θεσπέσιον·
366 975 451 1055 μάλα
465 975 499 1041 δέ
515 984 573 1058 σφι
589 974 784 1058 φόως·γένετ’
800 975 1020 1057 ἀμφοτέρωθεν,

171 1078 242 1156 ἠμὲν
257 1077 331 1159 πρδς
346 1085 425 1159 νηῶν
439 1079 488 1143 καὶ
504 1078 620 1159 ὁμοιΐου
636 1078 793 1158 πολέμοιο.
1063 1092 1112 1155 όηο

98 1191 99 1196 ’
168 1179 295 1262 Ἕκτορα
310 1184 343 1244 δὲ
359 1180 539 1263 φράσσαντο
554 1183 634 1263 βοὴν
648 1183 762 1264 ἀγαθὸν
778 1182 828 1246 καὶ
842 1182 985 1263 ἑταίρους,

171 1283 242 1362 ἠμὲν
257 1284 325 1347 ὅσοι
338 1286 525 1365 μετόπισθεν
539 1284 721 1366 ἀφέστασαν
735 1285 795 1349 οὐδ’
811 1285 969 1369 ἐμάχοντο,

171 1383 214 1464 ἠδ’
230 1387 320 1450 όσσοι
335 1391 416 1470 παρὰ
430 1390 519 1468 νηυσὶ
532 1388 634 1472 μάχην
649 1388 798 1472 ἐμάχοντο
814 1390 931 1474 θοῇσιν.

212 1489 281 1554 Οὐδ’
298 1490 343 1572 ἀρ’
361 1491 401 1556 ἔτ’
419 1494 524 1556 Αἴαντι
539 1489 722 1574 μεγαλήτορι
737 1491 847 1571 ἥνδανε
862 1494 943 1577 θυμῷ

172 1591 296 1672 ἑστάμεν
312 1593 384 1657 ἔνθα
399 1620 454 1675 περ
469 1596 561 1657 ἀλλοι
577 1593 758 1675 ἀφέστασαν
772 1597 834 1661 υίες
849 1593 994 1678 Ἀχαιῶν·
1061 1609 1109 1671 675

171 1694 238 1758 ἀλλ’
254 1698 271 1761 ό
284 1724 322 1780 γε
336 1705 415 1778 νηῶν
429 1697 500 1780 ἴκρι’
517 1697 653 1782 έπηίχετο
667 1702 765 1782 μακρδ
779 1698 952 1779 βιβάσθων,

170 1799 250 1878 νόμα
265 1802 297 1863 δὲ
313 1799 425 1878 ξυστδυ
438 1800 517 1882 μέγα
532 1801 684 1885 ναύμαχον
699 1804 733 1865 ἐν
747 1800 916 1888 παλάμῃσι,

171 1903 318 1981 κολλητὸν
332 1901 508 1986 βλήτροισι,
524 1905 823 1987 δυωκαιεικοσίπηχυ.

171 2005 208 2070 ὡς
222 2004 249 2069 δ’
265 2005 308 2069 ὅτ’
325 2005 399 2087 ἀνὴρ
417 2008 540 2071 ίπποισι
556 2006 721 2087 κελητίζειν
738 2007 770 2071 εὖ
786 2007 879 2081 εἶδός,

170 2108 201 2174 ὅς
214 2107 241 2171 τ’
258 2110 324 2173 ἐπεὶ
340 2110 373 2172 ἐκ
388 2107 508 2173 πολέων
523 2111 651 2190 πίσυρας
667 2113 854 2192 συναείρεται
870 2111 988 2188 ἵππους,
1061 2121 1111 2170 680

171 2210 258 2276 σεόας
272 2212 306 2275 έκ
320 2211 437 2275 πεδίοιο
451 2209 530 2293 μέγα
544 2213 633 2293 προτὶ
648 2211 725 2275 άστυ
743 2212 841 2291 δίηται

170 2316 323 2396 λαοφόρον
338 2313 405 2377 καθ’
422 2314 500 2379 όδόν·
523 2314 632 2381 πολέες
647 2313 680 2378 τέ
697 2313 879 2395 ἐθηήσαντο

171 2417 270 2500 ἀνέρες
284 2419 337 2498 ἠδὲ
351 2422 498 2500 γυναῖκες·
523 2419 539 2480 ὁ
554 2418 579 2482 δ’
596 2419 726 2498 ἔμπεδον
742 2419 881 2494 ἀσφαλὲς
897 2418 956 2481 αἰεὶ

172 2522 311 2601 θρόσκων
326 2519 432 2584 ἄλλοτ’
451 2518 500 2585 ἐπ’
517 2520 615 2586 ἀλλον
630 2522 798 2601 ἀμείβεται,
815 2523 845 2584 οἱ
860 2522 893 2584 δὲ
908 2518 1060 2584 πέτονται·

172 2625 209 2690 ῶς
223 2626 298 2690 Αἴας
313 2624 363 2688 ἐπὶ
379 2625 483 2686 πολλδ
498 2621 598 2687 θοάων
612 2625 692 2705 ίκρια
708 2629 786 2702 νηῶν
1061 2635 1109 2696 685

172 2729 260 2807 φοίτα
273 2729 373 2808 μακρὰ
387 2725 493 2806 βιβάς,
509 2726 596 2807 φωνὴ
612 2725 646 2789 δέ
661 2728 690 2790 οἱ
705 2725 798 2808 αἰθέρ’
813 2729 922 2804 ἵκανεν,

172 2832 227 2896 αἰεὶ
242 2835 274 2896 δὲ
291 2829 439 2911 σμερδνὸν
452 2830 556 2909 βοόων
571 2835 721 2893 Δαναοῖσι
736 2829 841 2894 κέλευε

172 2937 259 3012 νηυσί
270 2958 305 2998 τε
320 2933 369 2996 καὶ
384 2933 541 3018 κλισίῃσιν
557 2931 713 3012 ἀμυνέμεν.
744 2933 812 2996 οὐδὲ
826 2935 882 3012 μὲν
894 2932 1010 3013 Ἕκτωρ

170 3039 274 3117 μίμνεν
289 3037 334 3101 ένὶ
349 3035 461 3116 Τρόωυ
476 3033 575 3120 ὁμάδῳ
591 3036 669 3098 πόκα
688 3035 876 3118 θωρηκτάων·

172 3137 239 3202 ἀλλ’
255 3140 296 3205 ῶς
310 3135 338 3201 τ’
353 3138 481 3219 ὀρνίθων
495 3145 647 3218 πετεηνῶν
662 3138 761 3204 αίετδς
777 3140 869 3201 αἴθων
1062 3150 1113 3214 690

173 3242 257 3309 ἔθνος
277 3245 444 3324 ἐφορμᾶται
464 3243 599 3321 ποταμὸν
614 3240 695 3323 πάρα
710 3239 937 3322 βοσκομενάων,

169 3351 270 3426 χηνῶν
283 3341 302 3424 ἢ
317 3343 452 3427 γεράνων
465 3342 484 3424 ἢ
502 3345 614 3410 κόκνων
632 3345 873 3427 δουλιχοδείρων,

170 3447 208 3512 ῶς
219 3446 337 3529 Ἕκτωρ
351 3450 440 3513 ίθυσε
455 3447 521 3514 νεδς
536 3445 758 3531 κυανοπρῴροιο

170 3552 268 3618 ἀντίος
284 3550 380 3630 ἀίξας·
403 3551 456 3616 τδυ
471 3554 504 3615 δὲ
520 3550 593 3617 Ζεὺς
610 3548 690 3615 ῶσεν
706 3552 815 3614 όπισθε

168 3657 247 3737 χειρὶ
260 3655 346 3736 μάλα
359 3654 487 3741 μεγάλῃ,
505 3654 614 3735 ὤτρυνε
629 3655 661 3717 δὲ
676 3653 752 3718 λαδν
768 3650 817 3731 ἀμ’
833 3651 920 3738 αὐτῷ.
1063 3663 1111 3725 695
