2728 4230
425 348 455 412 6.
482 352 650 412 ΙΛῙΑΔΟΣ
674 354 709 416 Ζ.

146 518 283 601 ἀνδρῶνι
306 515 327 597 ή
341 518 391 582 σοὶ
406 518 516 600 ἀριστα
531 523 693 599 πεποίηται
709 521 783 585 κατά
798 519 882 586 οἶκον

146 622 218 703 πρὸς
231 622 353 704 Τρύων
377 627 436 686 τῶν
449 621 492 703 μή
507 648 552 690 τις
566 622 734 706 ὑπεκφύγοι
749 623 838 690 αίπδν
854 625 981 705 ὄλεθρον

145 723 248 805 χεῖράς
263 722 292 787 θ’
306 723 461 806 ἡμετέρας,
475 721 546 806 μηδ’
561 725 597 790 όν
613 750 682 790 τινα
694 723 821 807 γαστέρι
833 725 931 808 μήτηρ

146 834 252 908 κοῦρον
268 829 358 893 ἐόντα
373 827 471 909 φέροι,
486 825 556 910 μηδ’
573 827 605 896 δς
620 828 722 910 φύγοι,
738 826 810 892 ἀλλ’
823 827 885 908 άμα
900 828 1011 895 πάντες

71 993 84 1011 ,,
147 928 239 995 Ἰλίου
254 928 448 1010 ἐξαπολοίατ’
463 930 624 1011 ἀκήδεστοι
638 933 688 996 καί
703 928 861 1014 όφανποι.”
1056 946 1090 995 60

71 1012 85 1068 ἀ
180 1032 245 1100 Ὣς
261 1034 354 1098 είπδν
368 1034 499 1117 ἔτρεψεν
513 1036 677 1116 ἀδελφειοῦ
692 1033 806 1117 φρένας
820 1033 906 1115 ἥρως,

147 1139 253 1215 αίσιμα
268 1137 433 1218 παρειπόν·
457 1139 475 1202 ἀ
488 1133 515 1202 δ’
531 1137 592 1202 ἀπὸ
607 1137 676 1202 ἕθεν
692 1139 792 1203 ὤσατο
806 1139 887 1222 χειρὶ

145 1237 216 1322 ἥρω’
228 1239 411 1322 Ἀδρηστον·
434 1238 487 1306 τάν
502 1241 535 1303 δὲ
551 1241 657 1322 κρείων
672 1237 868 1323 Ἀγαμέμνων

147 1343 217 1406 οδτα
232 1343 309 1408 κατὰ
323 1342 472 1424 λαπάρην·
497 1345 514 1408 ἀ
529 1340 556 1408 δ’
572 1342 757 1424 ἀνετράπετ’,
773 1342 926 1427 Ἀτρείδης
941 1347 974 1409 δὲ

146 1446 208 1526 λδξ
220 1449 254 1513 ἐν
269 1446 398 1526 στήθεσι
415 1450 476 1528 βδς
492 1445 647 1526 ἐξέσπασε
660 1449 798 1527 μείλινον
814 1450 913 1531 ἔγχος.
1057 1461 1089 1523 ⁶5

27 1530 41 1594 ἶ
76 1598 79 1614 .
188 1549 319 1632 Νέστωρ
334 1548 360 1615 δ’
375 1548 564 1632 Ἀργείοισιν
578 1549 719 1616 ἐκέκλετο
733 1551 848 1632 μακρὸν
861 1549 964 1618 ἀΰσας·

28 1655 43 1698 '1
54 1657 78 1720 θ’
147 1650 196 1717 “ἀ
212 1655 302 1737 φίλοι
315 1653 410 1736 ἥρωες
426 1654 552 1729 Δαναοί,
568 1652 749 1735 θεράποντες
760 1652 879 1735 Ἀρηος,

29 1761 65 1816 ¹²³2.
147 1755 187 1836 μή
201 1783 248 1824 τις
262 1762 318 1823 νῦν
332 1756 447 1839 ἐνάρων
461 1756 707 1837 ἐπιβαλλόμενος
721 1757 889 1835 μετόπισθε

29 1862 73 1926 ·“·ἰ
148 1861 287 1941 μιμνέτω,
303 1861 344 1928 ὥς
359 1887 392 1927 κε
407 1865 540 1930 πλεῖστα
556 1859 659 1942 φέρων
673 1861 724 1926 ἐπὶ
740 1863 813 1938 νῆας
828 1861 937 1939 ἵκηται,

31 1954 72 2056 ,ἀι
150 1962 218 2027 ἀλλ’
233 1965 343 2047 ἄνδρας
359 1966 528 2044 κτείνωμεν·
552 1965 658 2029 ἔπειτα
671 1964 705 2028 δὲ
719 1963 769 2026 καὶ
785 1962 822 2027 τά
837 1963 941 2044 ἕκηλοι
1059 1987 1091 2043 ηο

33 2095 39 2106 '⁴
150 2066 268 2149 νεκροὺς
282 2066 325 2148 ἀμ
339 2068 444 2134 πεδίον
459 2064 611 2147 συλήσετε
625 2064 821 2144 τεθνηῶτας.”

34 2151 62 2208 ’·’·
74 2204 79 2216 ι
184 2169 247 2238 Ὠς
263 2171 357 2237 εἰπὸν
371 2171 482 2253 ὤτρυνε
496 2169 586 2251 μένας
601 2171 651 2234 καὶ
666 2168 761 2247 θυμὸν
775 2168 914 2236 ἑκάστου

37 2264 72 2335 “-Ξ,
151 2274 220 2338 ἔνθα
235 2301 286 2339 κεν
303 2274 373 2340 αὖτε
386 2277 488 2357 Τρῶες
504 2273 675 2356 ἀρηϊφίλων
689 2270 739 2336 ἀπ’
753 2270 888 2356 Ἀχαιῶν

41 2377 66 2410 ‘³'
148 2377 242 2444 Ἴλιον
257 2377 467 2458 εἰσανέβησαν
476 2377 658 2464 ἀναλκείῃσι
672 2375 826 2456 δαμέντες,

47 2505 49 2516 ’
64 2518 69 2546 ι
152 2482 228 2562 εἰμὴ
244 2479 293 2564 ἀρ’
310 2480 414 2567 Αίνείιρ
427 2505 461 2547 τε
475 2482 526 2546 καὶ
537 2478 662 2561 Ἕκτορι
677 2480 743 2546 εἶπε
759 2483 915 2562 παραστάς
1061 2505 1091 2560 75

45 2605 66 2648 f:
151 2585 316 2666 Πριαμίδης
327 2583 467 2661 Ἕλενος,
482 2585 677 2650 οίωνοπόλων
690 2581 740 2668 ὄχ’
755 2584 886 2667 ἀριστος·

46 2689 59 2758 Ξ.
152 2693 168 2722 “
177 2689 284 2754 Αίνεία
298 2713 331 2753 τε
347 2690 396 2755 καὶ
407 2686 527 2770 Ἕκτορ,
544 2688 612 2753 ἐπεὶ
626 2688 718 2755 πόνος
732 2686 805 2768 ὔμμι
818 2686 955 2767 μάλιστα

20 2779 21 2790 ’
150 2791 259 2873 Τρόων
273 2792 323 2856 καὶ
337 2792 456 2857 Λυκίων
471 2789 653 2875 ἐγκέκλιται,
668 2787 765 2856 οὕνεκ’
780 2790 899 2873 ἄριστοι

39 2918 55 2950 ἰ
152 2899 251 2961 πᾶσαν
266 2893 314 2960 ἐπ’
330 2894 397 2960 ίθόν
412 2897 484 2959 ἐστε
497 2893 655 2978 μάχεσθαί
667 2919 701 2960 τε
717 2893 859 2977 φρονέειν
873 2918 916 2971 τε,

20 2969 21 3014 ’
41 3007 57 3054 ’·“.
153 2998 231 3078 στῆτ’
248 2999 349 3075 αὐτοῦ,
366 2999 415 3064 καί
429 2997 507 3065 λαδν
521 2998 679 3080 ἐρυκάκετε
694 2998 753 3081 πρὸ
767 2996 891 3064 πυλάων
1059 3014 1092 3064 8ο

51 3147 54 3156 -
153 3101 245 3187 πάντῃ
260 3103 465 3185 ἐποιχόμενοι,
481 3103 553 3184 πρὶν
567 3101 631 3166 αὖτ’
647 3106 681 3172 ἐν
694 3103 785 3187 χερσὶ
799 3108 948 3184 γυναικῶν

45 3217 57 3240 ’·
153 3206 316 3288 φεύγοντας
328 3203 463 3282 πεσέειν,
479 3204 592 3286 δηίοισι
607 3208 641 3271 δὲ
655 3206 757 3290 χάρμα
770 3205 923 3289 γενέσθαι.

48 3324 52 3334 ’
155 3308 242 3390 αὗτδρ
256 3309 325 3374 ἐπεί
338 3335 372 3373 κε
387 3307 551 3392 φάλαγγας
565 3305 766 3393 ἐποτρύνητον
781 3307 910 3386 ἁπάσας,

154 3410 232 3488 ἡμεῖς
246 3414 302 3492 μὲν
318 3416 469 3480 Δαναοῖσι
482 3411 673 3497 μαχησόμεθ’
689 3413 757 3478 αύθι
770 3411 920 3492 μένοντες,

157 3515 201 3579 καὶ
213 3514 297 3594 μάλα
310 3515 479 3597 τειρόμενοί
492 3535 559 3598 περ·
583 3516 730 3598 ἀναγκαίη
747 3514 805 3598 γὰρ
820 3517 945 3598 ἐπείγει·
1059 3532 1091 3589 85

153 3613 264 3700 Ἕκτορ,
281 3619 357 3698 ἀτδρ
372 3614 411 3680 σὺ
426 3618 552 3684 πόλινδε
565 3617 720 3700 μετέρχεο,
736 3618 802 3683 εἰπὲ
816 3614 843 3681 δ’
858 3617 963 3685 ἔπειτα

156 3719 252 3803 μητέρι
268 3723 308 3807 σῇ
326 3721 375 3785 καὶ
391 3720 458 3807 ἐμή·
479 3720 498 3800 ή
514 3724 548 3786 δὲ
564 3718 736 3802 ξυνάγουσα
750 3722 872 3802 γεραιὸς
