2746 4228
499 365 529 413 2.
552 349 723 411 ΙΛΙΑΔΟΣ
747 353 782 412 Β.
1074 364 1113 426 47

219 519 260 582 Οί
275 520 308 582 δὲ
323 516 451 581 Ζέλειαν
467 515 569 582 ἔναιον
583 516 656 580 ὑπαὶ
671 516 749 580 πόδα
765 517 883 582 νείατον
895 515 984 596 Ἴδης,

174 623 306 702 ἀφνειοί,
323 622 461 686 τίνοντες
475 621 552 700 ὕδωρ
569 618 668 699 μέλαν
683 619 844 700 Αἰσήποιο,
1068 633 1115 694 825

173 731 285 806 Τρῶες,
301 729 365 788 τῶν,
375 722 436 786 αὖτ’
453 721 528 807 ἦρχε
542 721 696 789 Λυκάονος
711 723 825 805 ἀγλαὸς
839 724 912 796 υἱός,

175 825 344 906 Πάνδαρος,
359 823 382 910 ᾧ
399 826 448 889 καὶ
463 823 552 903 τόξον
565 825 730 889 Ἀπόλλων
745 825 833 892 αάτδς
848 825 966 891 ἔδωκεν.

218 929 258 992 Οἳ
273 929 298 992 δ’
313 925 511 1008 Ἀδρήστειάν
525 928 551 990 τ’
567 928 654 1010 εἶχον
670 929 719 992 καὶ
734 932 828 1007 δῆμον
841 928 1004 1014 Ἀπαισοῦ,

176 1033 225 1094 καὶ
239 1031 382 1095 Πιτύειαν
397 1031 469 1112 έχον
485 1031 534 1094 καὶ
548 1031 676 1110 Τηρείης
692 1031 859 1114 ὅροςαίπύ,
1076 1017 1078 1021 ,

175 1139 234 1196 τῶν
249 1133 315 1216 ἦρχ’
328 1133 498 1215 Ἀδρηστός
513 1158 547 1197 τε
562 1135 610 1196 καὶ
622 1132 757 1214 Ἀμφιος
771 1132 948 1214 λινοθώρηξ,
1067 1149 1116 1208 830

175 1239 220 1301 υἷε
235 1238 293 1301 δύω
308 1236 452 1319 Μέροπος
467 1236 655 1316 Περκωσίου,
673 1235 707 1302 δς
721 1237 790 1318 περὶ
805 1236 924 1301 πάντων

174 1338 243 1423 ᾔδεε
256 1340 452 1418 μαντοσύνας,
469 1340 536 1404 οὐδὲ
551 1338 601 1405 οὓς
616 1344 725 1404 παῖδας
744 1339 836 1403 ἔασκε

176 1444 309 1526 στείχειν
323 1446 355 1510 ἔς
369 1445 504 1522 πόλεμον
519 1440 700 1525 φθισήνορα·
724 1443 764 1504 τιδ
781 1440 814 1506 δέ
829 1444 858 1506 οἱ
874 1442 908 1506 ού
925 1449 954 1506 τι

174 1546 348 1625 πειθέσθην·
372 1551 459 1628 κῆρες
472 1545 530 1629 γάρ
546 1547 622 1630 ἀγον
635 1545 766 1626 μέλανος
780 1545 930 1611 θανάτοιο.

215 1648 255 1711 Οἳ
271 1648 296 1712 δ’
312 1648 370 1731 ἀρα
385 1650 548 1730 Περκώτην
564 1650 612 1714 καὶ
629 1646 781 1730 Πράκτιον
796 1647 1013 1730 ἀμφενέμοντο,
1064 1665 1113 1726 835

175 1751 222 1814 καὶ
237 1751 357 1830 Σηστὸν
372 1753 421 1816 καὶ
433 1752 570 1832 Ἀβυδον
585 1752 659 1835 ἔχον
675 1752 723 1817 καὶ
739 1756 806 1818 δῖαν
820 1751 980 1833 Ἀρίσβην,

173 1859 231 1916 τῶν
246 1853 309 1919 αὖθ’
325 1853 500 1937 Ὑρτακίδης
515 1855 582 1939 ἦρχ’
595 1855 713 1929 Ἀσιας,
730 1858 862 1939 ὄρχαμος
877 1857 1000 1936 ἀνδρῶν,

170 1955 278 2024 Ἀσιας
292 1957 473 2039 Ὑρτακίδης,
491 1957 526 2022 δν
541 1957 729 2040 Ἀρίσβηθεν
743 1959 838 2041 φέρον
852 1960 940 2024 ίπποι

174 2061 296 2128 αἴθωνες
310 2061 447 2143 μεγάλοι,
462 2068 595 2141 ποταμοῦ
611 2063 671 2127 ἀπο
687 2060 891 2148 Σελλήεντος.1

214 2161 374 2232 Ἱππόθοος
389 2165 414 2229 δ’
430 2165 486 2247 άγε
501 2171 585 2246 φῦλα
600 2171 773 2248 Πελασγῶν
789 2164 1011 2248 ἐγχεσιμώρων,
1063 2179 1112 2238 840

173 2273 231 2330 τῶν
245 2268 275 2331 όί
290 2267 427 2348 Λάρισαν
441 2268 616 2349 ἐριβώλακα
631 2266 838 2332 ναιετάασκον·

173 2377 230 2434 τῶν
245 2369 312 2454 ἦρχ’
328 2371 492 2436 Ἱππόθοός
505 2396 539 2436 τε
554 2371 691 2437 Πύλαιός
705 2371 741 2444 τ’,
758 2370 825 2447 ὄζος
837 2368 957 2449 Ἀρηος,

171 2475 218 2537 υἶε
231 2474 291 2536 δύω
305 2471 420 2552 Λήθοιο
436 2478 602 2556 Πελασγοῦ
616 2475 813 2553 Τευταμίδαο.
836 2509 840 2522 =

215 2576 315 2657 Αὐτὰρ
331 2574 465 2657 Θρήϊκας
480 2575 526 2658 ἦγ’
543 2575 679 2654 Ἀκάμας
695 2577 743 2639 καὶ
760 2575 888 2655 Πείροος
902 2575 990 2656 ἥρως,

171 2684 284 2746 ὅσσους
299 2678 531 2759 Ἑλλήσποντος
547 2679 694 2762 ἀγάρροος
709 2679 794 2746 ἔντδς
808 2679 914 2759 έέργει.
1065 2693 1114 2754 845

214 2783 359 2865 Εὔφημος
373 2782 399 2846 δ’
417 2781 510 2865 ἀρχὸς
527 2783 663 2846 Κικόνων
679 2781 716 2861 ἦν
732 2781 906 2866 αἰχμητάων

170 2887 235 2952 υἱὸς
249 2884 425 2966 Τροιζήνοιο
442 2885 616 2967 διοτρεφέος
633 2883 761 2949 Κεάδαο.
879 2888 881 2894 ’

215 2990 314 3069 Αύτάρ
329 2990 508 3072 Πυραίχμης
523 2987 579 3071 άγε
593 2989 730 3054 Παίονας
747 2985 978 3069 ἀγκυλοτόξους,

168 3093 300 3170 τηλόθεν
315 3089 352 3169 ἔξ
364 3091 545 3169 Ἀμυδῶνος,
562 3090 612 3153 ἀπ’
628 3089 733 3169 Ἀξιοῦ
749 3089 816 3170 εὐρὺ
830 3091 960 3173 ῥέοντος,

168 3193 283 3272 Ἀξιοῦ,
299 3194 334 3256 οὗ
350 3193 517 3257 κάλλιστον
532 3195 609 3273 ὕδωρ
624 3195 810 3257 ἐπικίδναται
827 3194 905 3257 αἶαν.
1064 3209 1114 3268 850

215 3297 431 3380 Παφλαγόνων
446 3297 471 3361 δ’
489 3296 593 3378 ἦγεῖτο
609 3296 817 3376 Πυλαιμένεος
832 3296 944 3361 λάσιον
959 3300 1013 3378 κῆρ

170 3399 208 3478 ἐξ
218 3400 358 3476 Ἐνετῶν,
374 3401 445 3464 ὅθεν
459 3399 591 3478 ἡμιόνων
605 3399 695 3481 γένος
710 3399 909 3481 ἀγροτεράων,
1035 3383 1041 3393 ¹

171 3505 204 3566 οἵ
215 3505 253 3584 ῥα
267 3503 407 3585 Κύτωρον
422 3503 497 3586 ἔχον
512 3503 562 3566 καὶ
578 3500 724 3583 Σήσαμον
739 3502 948 3584 ἀμφενέμοντο

171 3605 251 3685 ἀμφί
265 3631 297 3670 τε
312 3605 483 3687 Παρθένιον
501 3605 636 3684 ποταμὸν
653 3610 747 3670 κλυτὰ
762 3606 870 3684 δώματ’
887 3607 988 3670 ἔναιον

172 3707 317 3788 Κρῶμνάν
332 3707 356 3771 τ’
374 3711 522 3791 Αἰγιαλόν
537 3734 571 3773 τε
587 3711 635 3773 καὶ
650 3709 788 3791 ὑψηλοὺς
803 3708 985 3790 Ἐρυθίνους,
1064 3722 1112 3786 855
