2792 4232
260 345 278 410 3
287 343 322 393 ,η
580 325 627 393 15.
651 313 821 374 ιλιιαοΣ
844 312 880 372 0.

307 483 396 548 Αάτις
411 484 443 545 δὲ
460 483 576 561 δριμεῖα
590 479 671 563 μάχη
689 483 769 562 παρά
784 480 890 558 νηυσὶν
906 477 1024 559 ἐτύχθη.

264 588 357 667 φαίης
374 583 400 647 κ’
418 586 548 662 ἀκμῆτας
565 583 612 644 καὶ
627 582 761 664 ἀτειρέας
776 580 959 660 ἀλλήλοισιν

265 683 385 750 ἄντεσθ’
401 687 435 752 ἓν
449 683 580 768 πολέμῳ,
598 682 637 748 ὧς
652 680 826 761 ἐσσυμένως
841 678 999 762 ἐμάχοντο.

264 795 344 853 τοῖσι
360 791 392 852 δὲ
406 784 638 868 μαρναμένοισιν
654 784 696 849 ὅδ’
713 785 750 864 ἦν
765 787 842 850 νόος·
865 785 945 863 ἦτοι
960 783 1080 866 Ἀχαιοὶ

266 893 317 954 οὐκ
334 893 455 972 ἔφασαν
471 888 636 971 φεύξεσθαι
651 889 724 951 ὑπὲκ
741 893 840 964 κακοῦ,
856 883 926 951 ἀλλ’
942 885 1095 956 ὀλέεσθαι,
1159 906 1205 954 τοο

264 997 383 1076 Τρωσὶν
399 995 423 1058 δ’
440 995 549 1057 ἔλπετο
565 992 655 1070 θυμὸς
671 993 715 1056 ἔνὶ
732 990 900 1070 στήθεσσιν
915 989 1043 1053 ἑκάστου

265 1102 336 1175 νῆας
354 1095 527 1178 ἐνιπρήσειν
544 1095 672 1159 κτενέειν
688 1092 714 1157 θ’
730 1094 827 1176 ἥρωας
842 1092 994 1174 Ἀχαιούς.

264 1205 293 1264 οἱ
307 1197 366 1279 μὲν
378 1203 414 1262 τὰ
430 1197 608 1280 φρονέοντες
623 1195 799 1277 ἐφέστασαν
814 1194 1008 1273 ἀλλήλοισιν·

261 1305 377 1383 Ἕκτωρ
393 1304 426 1366 δὲ
441 1302 572 1382 πρύμνης
588 1300 654 1366 νεὸς
669 1301 771 1381 ήφατο
786 1299 997 1379 ποντοπόροιο,

266 1411 359 1485 καλῆς
375 1404 519 1481 ὠκυάλου,
533 1403 552 1482 ἣ
569 1404 787 1484 Πρωτεσίλαον
802 1401 916 1466 ἔνεικεν
1158 1418 1205 1472 705

266 1513 297 1574 ἐς
311 1511 431 1591 Τροίην,
449 1505 509 1570 οὐδ’
526 1508 608 1571 αὖτις
625 1504 762 1586 ἀπήγαγε
778 1504 905 1583 πατρίδα
920 1506 1019 1583 γαῖαν.

266 1612 318 1670 τοῦ
332 1633 388 1688 περ
403 1609 439 1686 δὴ
455 1609 522 1689 περὶ
538 1613 608 1684 νηὸς
624 1608 745 1688 Ἀχαιοί
759 1633 791 1671 τε
805 1607 905 1683 Τρῶές
919 1632 953 1672 τε

266 1704 355 1789 δῄουν
372 1703 526 1783 ἀλλήλους
542 1705 736 1787 αὐτοσχεδόν·
761 1702 821 1768 οὐδ’
839 1705 895 1785 άρα
911 1707 959 1767 τοί
971 1729 1007 1787 γε

266 1807 361 1884 τόξων
376 1807 461 1872 ἀϊκὰς
476 1809 570 1888 ἀμφὶς
584 1806 675 1887 μένον
690 1805 759 1872 οὐδέ
774 1804 801 1870 τ’
818 1807 957 1882 ἀκόντων,

265 1909 334 1972 ἀλλ’
351 1913 381 1974 οί
394 1909 424 1993 γ’
440 1910 565 1992 ἐγγύθεν
581 1909 745 1988 ἱστάμενοι,
763 1910 816 1975 ἔνο
831 1909 923 1988 θυμὸν
939 1910 1068 1992 ἔχοντες,
1160 1935 1210 1988 γιο

266 2011 351 2089 ὀξέσι
366 2013 402 2089 δὴ
419 2011 584 2076 πελέκεσσι
601 2014 649 2074 καὶ
665 2010 786 2097 ἀξίνῃσι
800 2010 934 2095 μάχοντο

266 2117 314 2178 καὶ
330 2114 453 2195 ξίφεσιν
466 2113 630 2197 μεγάλοισι
646 2116 695 2177 καὶ
711 2116 836 2198 ἔγχεσιν
851 2115 1038 2197 ἀμφιγύοισι.

265 2221 368 2280 πολλὰ
383 2220 415 2281 δὲ
430 2216 576 2300 φάσγανα
591 2220 670 2282 κολδ
684 2217 853 2296 μελάνδετα
868 2216 1024 2296 κωπήεντα

266 2323 348 2385 ἀλλα
361 2323 416 2400 μὲν
432 2323 464 2383 ἐκ
479 2326 589 2402 χειρῶν
603 2319 733 2402 χαμάδις
748 2320 853 2393 πέσον,
870 2320 953 2382 ἀλλα
967 2318 994 2382 δ’
1009 2319 1059 2384 ἀπ’
1077 2321 1166 2400 ὤμων

266 2426 379 2504 ἀνδρῶν
392 2422 599 2502 μαρναμένων·
620 2421 671 2504 ῥέε
686 2421 711 2486 δ’
728 2425 830 2502 αἵματι
848 2427 920 2504 γαῖα
934 2421 1072 2502 μέλαινα.
1160 2449 1208 2502 715

262 2527 379 2606 Ἕκτωρ
395 2526 427 2588 δὲ
442 2526 612 2606 πρύμνηθεν
629 2528 694 2591 ἐπεὶ
709 2525 810 2606 λάβεν
823 2525 891 2611 αιἰχί
905 2530 1011 2607 μεθίει,

265 2631 427 2710 ἄφλαστον
440 2631 515 2708 μετὰ
529 2629 638 2711 χερσὶν
654 2629 742 2712 ἔχων,
757 2630 878 2710 Τρωσὶν
893 2631 926 2693 δὲ
941 2631 1053 2694 κέλευε·

266 2740 283 2768 “
294 2737 394 2797 οἴσετε
409 2737 474 2812 πῦρ,
491 2730 591 2810 ἄραδ’
609 2732 692 2795 αὐτοὶ
708 2733 835 2798 ἀολλέες
851 2732 945 2812 ὄρνυτ’
962 2731 1062 2812 ἀϋτήν·

265 2843 317 2904 νῦν
331 2835 401 2914 ἡμῖν
416 2833 536 2898 πάντων
552 2834 626 2902 Ζεὺς
642 2833 728 2912 ἀξιον
743 2834 820 2917 ἦμαρ
837 2836 937 2913 ἔδωκε,

265 2941 336 3015 ιήας
352 2942 442 3013 ἑλεῖν,
459 2937 489 3002 σί
505 2942 589 3018 δεῦρο
606 2942 682 3001 θεῶν
697 2936 799 3017 ἀέκητι
813 2945 964 3018 μολοῦσαι
1160 2963 1209 3016 720

263 3041 334 3120 ἡμῖν
349 3038 470 3119 πήματα
485 3044 586 3104 πολλὰ
601 3040 704 3114 θέσαν,
722 3043 861 3122 κακότητι
875 3044 1034 3124 γερόντων,

265 3147 295 3208 οί
308 3141 338 3225 μ’
355 3143 498 3208 ἐθέλοντα
513 3143 666 3226 μάχεσθαι
682 3144 732 3206 ἐπὶ
748 3145 898 3231 πρύμνῃσι
915 3144 1038 3208 νέεσσιν

264 3246 354 3310 αὐτόν
369 3246 394 3308 τ’
412 3246 618 3329 ἰσχανάασκον
633 3247 791 3328 ἐρητύοντό
805 3272 838 3311 τε
851 3249 939 3312 λαόν·

265 3348 334 3410 ἀλλ’
350 3351 376 3412 εἰ
392 3348 428 3427 δή
443 3351 481 3431 ῥα
496 3350 563 3412 τότε
577 3348 699 3427 βλάπτε
715 3348 827 3430 φρένας
843 3349 971 3429 εὐρύοπα
990 3348 1064 3415 Ζεὺς

264 3449 415 3530 ἡμετέρας,
432 3457 484 3514 νῦν
499 3451 586 3516 αιἰτδς
603 3451 757 3533 ἐποτρύνει
773 3451 822 3515 καὶ
837 3448 977 3532 ἀνόγει.”
1159 3475 1206 3531 725

302 3551 364 3619 Ὣς
382 3554 478 3634 ἔφαθ’,
496 3556 524 3617 οἱ
540 3553 565 3617 δ’
582 3553 639 3634 ἀρα
653 3558 773 3633 μᾶλλον
788 3553 834 3616 ἔπ’
850 3552 1036 3635 Ἀργείοισιν
1053 3557 1191 3637 ὄρουσαν.

267 3659 341 3723 Αίας
356 3656 380 3720 δ’
399 3655 492 3719 οὐκέτ’
511 3657 623 3736 ἔμιμνε·
647 3656 771 3736 βιάζετο
785 3655 843 3737 γὰρ
858 3657 1034 3735 βελέεσσιν·
