2908 4232
316 339 379 423 538
624 353 651 400 ι.
675 339 909 402 omnm
933 339 967 398 ο.

318 507 355 570 ὣς
373 504 411 568 ἂν
424 504 465 584 μή
483 504 628 568 κλαίουσα
646 503 720 569 κατὰ
735 505 813 586 χρόα
829 503 924 569 καλὸν
941 500 1060 590 ίόπτῃ.”

353 607 415 674 *Ως
431 606 477 690 ἄρ’
492 609 562 689 ἔφη,
577 607 669 690 γρηδς
684 611 716 672 δέ
733 613 811 674 θεῶν
825 607 920 689 μέγαν
936 608 1023 688 ὅρκον
1039 607 1172 686 ἀπώμνυ.

315 714 407 793 αδτὰρ
424 715 492 777 ἐπεί
504 711 530 792 ῥ’
546 713 657 792 ὄμοσέν
673 737 705 778 τε
719 713 901 791 τελεύτησέν
916 738 948 776 τε
963 718 1016 775 τὸν
1032 713 1130 792 ὅρκον,

315 815 409 881 αὐτίκ’
424 817 529 882 ἔπειτά
544 820 571 881 οἱ
588 817 670 881 οἶνον
686 820 720 882 ἐν
735 817 961 897 ἀμφιφορεῦσιν
978 816 1130 896 ἄφυσσεν,

316 923 348 984 ἐν
364 922 397 984 δέ
412 922 441 984 οἱ
456 922 574 1001 όλφιτα
588 925 676 1006 χεῦεν
692 917 893 1001 ἐϋρραφέεσσι
909 924 1034 1000 δοροῖσι·
1212 933 1261 994 380

314 1022 493 1107 Τηλέμαχος
508 1022 533 1088 δ’
549 1027 580 1090 ἐς
597 1022 706 1104 δώματ’
722 1025 777 1088 ίδν
790 1025 981 1104 μνηστῆρσιν
995 1024 1105 1103 ὁμίλει.

355 1127 440 1193 ΙἜνθ’
457 1128 519 1191 αὖτ’
535 1129 606 1191 ἄλλ’
624 1129 734 1206 ἐνόησε
750 1131 805 1192 θεὰ
821 1133 994 1208 γλαυκῶπις
1009 1125 1131 1206 Ἀθήνη·

316 1228 488 1316 Τηλεμάχῳ
505 1232 599 1294 ἐϊκυῖα
616 1233 691 1295 κατὰ
706 1231 815 1297 πτόλιν
831 1228 927 1314 ᾤχετο
943 1229 1050 1316 πάντῃ,

316 1335 367 1397 καί
378 1335 416 1416 ῥα
433 1331 549 1418 έκάστιρ
564 1335 644 1416 φωτὶ
659 1332 864 1415 παρισταμένη
879 1333 959 1413 φάτο
973 1337 1076 1413 μῦθον,

317 1438 473 1517 ἑσπερίους
489 1435 514 1500 δ’
531 1435 581 1501 ἐπὶ
595 1441 652 1515 νῆα
669 1437 743 1516 θοὴν
756 1437 919 1519 ἀγέρεσθαι
938 1437 1057 1517 ἀνάγει.
1212 1449 1259 1510 385

314 1538 332 1616 ῆ
349 1541 373 1603 δ’
390 1539 460 1603 αὖτε
476 1542 615 1619 Φρονίοιο
631 1539 775 1618 Νοήμονα
790 1542 932 1620 φαίδιμον
945 1541 1012 1604 υἱὸν

314 1641 383 1727 ᾔτεε
399 1645 455 1720 νῆα
471 1641 553 1721 θοήν·
577 1645 594 1706 δ
612 1644 646 1708 δέ
660 1645 689 1707 οἱ
705 1645 848 1723 πρόφρων
861 1643 1012 1708 ὑπέδεκτο.

360 1745 480 1810 Δόσετό
494 1746 518 1807 τ’
533 1745 636 1825 ἠέλιος
651 1747 799 1811 σκιόωντό
812 1772 845 1811 τε
860 1750 958 1810 πᾶσαι
972 1746 1082 1826 ἀγυιαί·

315 1845 362 1912 καὶ
377 1851 445 1914 τότε
461 1850 516 1926 νῆα
531 1850 606 1928 θοήν
620 1849 706 1914 άλαδ’
725 1851 832 1932 εἴρυσε,
846 1850 944 1916 πάντα
959 1849 985 1915 δ’
1001 1851 1034 1914 ἐν
1050 1848 1123 1938 αὐτῇ

315 1952 386 2016 ὅπλ’
401 1955 501 2030 ἐτίθει,
516 1953 555 2017 τά
569 1978 602 2018 τε
618 1957 684 2032 νῆες
703 1952 868 2034 ἐΰσσελμοι
884 1952 1040 2036 φορέουσι.
1211 1981 1260 2031 390

316 2060 412 2135 στῆσε
428 2056 452 2116 δ’
470 2056 514 2122 ἐπ’
531 2058 661 2145 ἐσχατιῇ
674 2056 804 2138 λιμένος,
821 2055 889 2139 περὶ
905 2057 930 2120 δ’
947 2055 1054 2122 ἐσθλοὶ
1071 2060 1181 2140 ἐταῖροι

216 2157 219 2164 ’
315 2162 419 2240 ἀθρόοι
430 2160 618 2244 ἠγερέθοντο·
638 2162 692 2226 θεὰ
708 2161 733 2226 δ’
753 2161 881 2242 ὤτρυνεν
896 2161 1034 2226 ἕκαστον.

354 2263 439 2328 Ἔνθ’
454 2265 517 2328 αὖτ’
532 2265 603 2328 ἄλλ’
623 2266 730 2344 ἐνόησε
746 2269 802 2330 θεὰ
815 2271 989 2347 γλαυκῶπις
1002 2263 1126 2344 Ἀθήνη,

315 2370 357 2445 βῆ
374 2366 399 2430 δ’
416 2369 514 2449 ἔμεναι
530 2369 605 2451 πρδς
620 2368 728 2447 δώματ’
744 2368 915 2446 Ὀδυσσῆος
932 2369 1034 2434 θείοιο·

316 2470 388 2534 ἔνθα
400 2470 629 2552 μνηστήρεσσιν
643 2469 693 2537 ἐπὶ
708 2473 821 2554 γλυκὺν
835 2473 931 2536 ὕπνον
946 2472 1044 2555 ἔχευε,
1212 2499 1259 2548 395

314 2572 410 2651 πλάζε
426 2575 459 2638 δέ
474 2577 624 2650 πίνοντας,
641 2581 751 2660 χειρῶν
766 2575 790 2639 δ’
808 2574 943 2654 ἔκβαλλε
959 2575 1105 2639 κύπελλα.

314 2680 344 2742 οἱ
360 2677 384 2741 δ’
403 2680 498 2744 εὕδειν
513 2679 644 2760 ὤρνυντο
660 2678 735 2742 κατὰ
750 2677 869 2754 πτόλιν,
885 2678 946 2742 οὐδ’
960 2676 1006 2760 ἄρ’
1022 2678 1065 2742 ἔτι
1081 2679 1136 2758 δην

315 2779 390 2860 ἥατ’,
406 2784 473 2846 ἐπεί
488 2790 600 2864 σφισιν
614 2784 707 2848 θπνος
724 2783 773 2846 ἐπὶ
788 2781 996 2864 βλεφάροισιν
1012 2783 1145 2846 ἔπιπτεν.

316 2884 408 2967 αὐτὰρ
423 2885 608 2969 Τηλέμαχον
623 2886 766 2965 προσέφη
781 2892 954 2965 γλαυκῶπις
969 2883 1082 2965 Ἀθήνη

316 2988 623 3069 ἐκπροκαλεσσαμένη
639 2988 776 3071 μεγάρων
792 2988 824 3052 εὖ
840 2990 1048 3066 ναιεταόντων,
1209 3017 1260 3066 400

316 3090 445 3172 Μέντορι
461 3093 598 3173 εἰδομένη
614 3093 690 3171 ἠμὲν
703 3091 794 3171 δέμας
809 3091 861 3170 ῆδέ
876 3093 925 3155 καὶ
939 3089 1041 3167 αὐδήν·

359 3200 376 3228 “
386 3193 553 3278 Τηλέμαχ’,
569 3194 624 3274 ἤδη
640 3195 757 3274 μέντοι
773 3194 945 3274 ἐϋκνήμιδες
961 3199 1074 3276 ἐταῑροι

315 3296 380 3375 ἥατ’
396 3296 565 3379 ἐπήρετμοι,
580 3300 635 3379 τήν
650 3299 709 3379 σήν
721 3300 931 3382 ποτιδέγμεναι
946 3295 1047 3380 ὁρμήν·

251 3425 254 3433 “
316 3400 386 3465 ἀλλ’
402 3404 495 3483 ἴομεν,
510 3403 551 3483 μὴ
567 3405 644 3483 δηθδ
658 3404 860 3483 διατρίβωμεν
875 3400 984 3466 ὁδοῖυ.”

352 3503 414 3570 Ὣς
429 3504 487 3586 άρα
502 3503 664 3587 φωνήσασ’
679 3505 816 3588 ἡγήσατο
831 3509 961 3572 Παλλὰς
975 3503 1088 3584 Ἀθήνη
1210 3531 1259 3581 405

318 3611 522 3690 καρπαλίμως·
546 3611 564 3673 ὁ
578 3607 604 3673 δ’
619 3611 724 3674 ἔπειτα
737 3608 801 3691 μετ’
816 3612 900 3692 ίχνια
914 3613 1004 3690 βαῖνε
1020 3615 1111 3674 θεοῖο.

316 3713 408 3796 αὗτδρ
424 3715 494 3779 ἐπεί
504 3711 531 3797 ῥ’
546 3710 596 3778 ἐπί
611 3717 668 3794 νῆα
684 3712 852 3793 κατήλυθον
866 3712 918 3792 ῆδέ
937 3712 1109 3792 θάλασσαν,
