2792 4232
479 351 527 418 15.
552 341 721 400 ΙΑΙΑΔΟΣ
744 341 783 402 O.
1039 362 1098 426 301

161 506 263 591 τάφρῳ
280 507 329 570 καὶ
346 505 556 569 σκολόπεσσιν
571 503 786 584 ἐνιπλήξαντες
801 507 907 593 ὀρυκτῇ

162 610 232 672 ἔνθα
247 609 297 672 καὶ
312 607 385 672 ἔνθα
400 607 546 688 φέβοντο,
561 608 666 690 δύοντο
681 609 714 672 δὲ
728 614 829 692 τεῖχος
845 609 969 696 ἀνάγκῃ.
1054 635 1101 685 545

158 711 273 792 Ἕκτωρ
289 712 322 776 δέ
336 711 497 792 Τρώεσσιν
511 711 650 776 ἐκέκλετο
665 712 780 793 μακρὸν
796 710 899 778 ἀύσας·

163 825 181 848 “
191 816 297 892 νηυσὶν
312 814 539 886 ἐπισσεύεσθαι,
557 815 609 878 ἐᾶν
624 813 650 878 δ’
667 815 757 896 έναρα
771 816 947 898 βροτόεντα·

162 917 195 981 ὃν
211 915 236 980 δ’
252 916 289 982 ἀν
305 917 383 999 ἐγὼν
398 915 546 980 ἀπάνευθε
561 923 636 982 νεῶν
652 916 773 999 ἑτέρωθι
789 917 899 997 νοήσω,

163 1023 250 1084 αὐτοῦ
265 1022 293 1083 οἱ
309 1019 438 1083 θάνατον
451 1021 625 1099 μητίσομαι,
642 1019 710 1084 ούδέ
726 1047 759 1084 νυ
775 1022 827 1084 τόν
842 1047 878 1103 γε

161 1126 270 1207 γνωταί
285 1148 317 1187 τε
331 1123 444 1205 γνωταί
458 1148 491 1186 τε
507 1123 598 1204 πυρὸς
611 1121 771 1206 λελάχωσι
787 1127 925 1202 θανόντα,
1054 1151 1103 1202 55α

164 1232 243 1292 ἀλλὰ
260 1227 343 1292 κύνες
358 1226 477 1307 ἐρύουσι
492 1226 550 1307 πρὸ
566 1226 676 1292 ἄστεος
690 1225 876 1309 ἡμετέροιο.”

198 1329 259 1396 Ὣς
276 1320 368 1393 είπέον
382 1327 507 1409 μάστιγι
524 1329 697 1409 κατωμαδὸν
713 1329 830 1408 ἤλασεν
845 1333 963 1402 ἵππους,

164 1434 341 1512 κεκλόμενος
355 1431 497 1512 Τρύεσσι
513 1435 587 1494 κατὰ
603 1433 722 1514 στίχος·
743 1435 772 1496 οἱ
788 1434 821 1496 δέ
837 1433 893 1497 σὺν
909 1435 986 1516 αὐτῷ

163 1538 270 1604 πάντες
286 1532 509 1616 ὁμοκλήσαντες
526 1535 598 1618 ἔχον
614 1535 820 1619 ἐρυσάρματας
835 1539 944 1603 ἵππους

162 1642 219 1726 ἠχῇ
236 1640 395 1724 θεσπεσίῃ·
420 1635 603 1718 προπάροιθε
619 1640 651 1701 δέ
667 1643 782 1719 Φοῖβος
800 1638 963 1703 Ἀπόλλων
1055 1664 1102 1714 555

161 1746 219 1827 ῥεῖ’
236 1746 330 1827 ὄχθας
345 1739 485 1804 καπέτοιο
500 1741 628 1820 βαθείης
644 1744 758 1807 ποσσὶν
774 1744 901 1825 ἐρείπων

162 1852 192 1913 ἐς
205 1847 324 1927 μέσσον
340 1841 522 1923 κατέβαλλε,
537 1845 715 1926 γεφύρωσεν
728 1847 761 1909 δέ
776 1845 919 1909 κέλευθον

161 1949 276 2030 μακρήν
289 1945 335 2027 ἠδ’
352 1947 478 2030 εύρεῐαν,
494 1948 569 2010 ὅσον
584 1943 610 2009 τ’
626 1948 676 2010 ἐπὶ
692 1945 795 2028 δουρός
811 1947 888 2028 ἐρωή

162 2055 305 2135 γίγνεται,
326 2049 430 2113 ὁππότ’
448 2049 521 2131 ἀνήρ
538 2047 661 2115 σθένεος
676 2050 858 2130 πειρώμενος
872 2049 935 2137 ᾗσι.

163 2158 196 2242 τῇ
212 2156 242 2238 ῤ’
257 2157 288 2218 οἵ
301 2181 337 2236 γε
352 2151 518 2234 προχέοντο
530 2153 738 2235 φαλαγγηδόν,
752 2153 810 2233 πρὸ
826 2151 852 2216 δ’
865 2153 1029 2216 Ἀπόλλων
1055 2165 1102 2226 56ο

163 2259 251 2342 αἰγίδ’
268 2259 348 2342 ἔχων
363 2258 503 2337 ἐρίτιμον·
527 2257 627 2338 ἔρειπε
642 2257 675 2320 δὲ
690 2262 791 2340 τεῖχος
806 2256 940 2339 Ἀχαιῶν

162 2367 226 2446 ῥεῖα
240 2360 322 2441 μάλ’,
338 2360 379 2425 ὡς
393 2359 443 2422 ὅτε
458 2383 503 2424 τις
518 2357 661 2440 ψάμαθον
677 2364 747 2425 παῖς
762 2359 835 2442 ἄγχι
852 2357 1022 2436 θαλάσσης,

164 2468 196 2531 ὅς
210 2464 233 2527 τ’
252 2463 318 2526 ἐπεὶ
335 2461 386 2525 οὖν
400 2459 513 2546 ποιήσῃ
530 2462 681 2543 ἀθύρματα
697 2460 867 2547 νηπιέῃσιν,

164 2569 209 2650 ἀφ
225 2567 306 2630 αὖτις
322 2563 466 2647 συνέχευε
481 2565 573 2629 ποσὶν
589 2566 637 2628 καὶ
653 2566 760 2646 χερσὶν
776 2567 902 2647 ἀθύρων.

164 2674 202 2736 ὥς
215 2674 253 2753 ῥα
268 2667 316 2744 σύ,
332 2666 379 2744 ἤϊε
394 2671 502 2746 Φοῖβε,
518 2667 615 2731 πολὺν
630 2665 762 2747 κάματαν
777 2668 826 2732 καὶ
842 2667 923 2745 ὀϊζὺν
1055 2677 1103 2742 565

166 2776 295 2856 σύγχεας
309 2770 465 2852 Ἀργείων,
483 2770 600 2833 αὐτοῖσι
616 2772 648 2833 δὲ
665 2769 761 2851 φύζαν
777 2773 919 2852 ἐνῶρσας.

200 2876 260 2942 Ὣς
276 2876 305 2937 οἱ
320 2877 376 2954 μέν
391 2875 470 2954 παρὰ
486 2874 592 2952 νηυσὶν
608 2873 764 2954 ἐρητύοντο
779 2871 930 2952 μένοντες,

166 2977 330 3058 ἀλλήλοισί
344 3001 376 3039 τε
392 2975 568 3055 κεκλόμενοι
585 2977 633 3039 καὶ
649 2979 725 3038 πᾶσι
744 2979 841 3040 θεαῖσι

165 3088 264 3165 χεῖρας
281 3079 460 3161 ἀνίσχοντες
473 3077 580 3159 μεγάλ’
598 3078 781 3161 εὐχετόωντο
798 3079 934 3143 ἕκαστος·

165 3183 289 3266 Νέστωρ
305 3181 375 3245 αὖτε
389 3179 523 3260 μάλιστα
540 3178 688 3261 Γερήνιος,
706 3181 792 3261 ούρος
807 3180 949 3263 Ἀχαιῶν,
1054 3203 1103 3256 370

166 3283 276 3365 εύχετο,
293 3277 370 3364 χεῖρ’
385 3278 499 3362 ὀρέγων
515 3281 556 3345 εἰς
572 3278 696 3360 οὐρανόν
712 3279 902 3360 ἀστερόεντα·

166 3396 184 3419 “
195 3390 251 3450 Ζεῦ
267 3383 370 3465 πάτερ,
388 3385 416 3446 εί
429 3381 503 3445 ποτέ
518 3383 562 3446 τίς
577 3405 623 3445 τοι
639 3384 672 3446 ἐν
684 3379 791 3464 Ἀργεί
805 3407 860 3462 περ
877 3381 1037 3466 πολυπύρῳ

165 3485 182 3566 ἢ
198 3486 304 3567 βοὸςή
322 3488 386 3552 ὄϊος
401 3488 476 3549 κατὰ
491 3487 580 3550 πίονα
594 3485 684 3567 μηρία
700 3485 793 3548 καίων

166 3588 267 3671 εύχετο
283 3591 441 3665 νοστῆσαι,
459 3587 497 3649 σὺ
512 3586 536 3650 δ’
553 3585 687 3669 ὑπέσχεο
704 3587 752 3648 καὶ
769 3583 957 3661 κατένευσας,

166 3697 222 3756 τῶν
234 3697 349 3772 μνῆσαι
376 3691 424 3756 καὶ
440 3691 562 3771 ἀμννον,
576 3689 734 3768 Ὀλύμπιε,
751 3690 855 3767 νηλεὲς
872 3688 957 3769 ήμαρ,
1052 3708 1099 3762 575
