2874 4234
443 1093 860 1188 οΔγῑῑΕΙΑΣ·
895 1113 942 1188 K.

635 1331 757 1342 ι--η

217 1481 270 1555 Τά
291 1482 375 1582 περὶ
392 1481 527 1558 Αἰόλου
546 1481 607 1558 καὶ
623 1487 910 1588 Λαιστρυγόνων
936 1485 998 1562 καὶ
1017 1487 1166 1588 Κίρκης.

222 1643 348 1719 Αἰολίην
359 1640 385 1707 δ’
399 1650 430 1709 ἐς
446 1647 542 1722 νῆσον
553 1645 727 1726 ἀφικόμεθ’·
753 1647 825 1711 ἔνθα
840 1646 866 1710 δ’
883 1647 982 1712 ἔναιεν

220 1746 330 1812 Αίολος
344 1745 532 1825 Ἱπποτάδης,
547 1751 639 1828 φίλος
656 1749 834 1814 ἀθανάτοισι
850 1756 958 1826 θεοῖσι,

219 1850 322 1936 πλωτῇ
339 1851 383 1913 ἐνί
401 1847 493 1935 νήσῳ·
518 1856 621 1915 πᾶσαν
637 1851 669 1917 δέ
684 1852 717 1917 τέ
731 1879 783 1933 μιν
799 1852 866 1935 πέρι
882 1859 983 1937 τεῖχος

217 1956 351 2035 χάλκεον
366 1951 524 2034 ἄρρηκτον,
540 1956 637 2034 λισσὴ
654 1953 678 2019 δ’
694 1957 874 2039 ἀναδέδρομε
891 1956 992 2040 πέτρη.

218 2061 270 2120 τοῦ
285 2057 334 2120 καὶ
350 2057 463 2121 δώδεκα
478 2061 582 2124 παῖδες
598 2061 641 2122 ἐνὶ
656 2060 799 2140 μεγάροις
814 2058 972 2142 γεγάασιν,
1152 2089 1165 2138 5

218 2158 255 2239 ἓξ
266 2161 321 2241 μὲν
335 2159 503 2243 θυγατέρες,
519 2160 555 2240 ἒξ
568 2160 593 2225 δ’
608 2163 685 2228 υἱέες
698 2162 862 2243 ἡβώοντες.

218 2263 309 2328 ἔνθ’ίί
323 2290 358 2346 γε
374 2264 537 2346 θυγατέρας
552 2267 645 2347 πόρεν
660 2265 763 2330 υἱάσιν
781 2267 858 2331 εἶναι
874 2267 997 2333 ἀκοίτις.

218 2369 248 2430 οἱ
263 2364 288 2430 δ’
303 2369 362 2432 αἰεὶ
377 2366 457 2450 παρὰ
471 2365 561 2452 πατρί
575 2370 657 2455 φίλῳ
674 2370 723 2433 καὶ
737 2369 839 2452 μητέρι
859 2371 947 2456 κεδνῇ

218 2473 378 2536 δαίνυνται·
401 2475 481 2556 παρὰ
495 2471 528 2538 δέ
541 2481 619 2554 σφιν
633 2474 754 2539 ὀνείατα
768 2475 858 2556 μυρία
874 2479 976 2551 κεῖται,

219 2578 340 2652 κνισῆεν
355 2574 389 2639 δέ
403 2601 436 2639 τε
450 2582 534 2657 δῶμα
549 2579 827 2660 περιστεναχίζεται
842 2576 919 2660 αὐλῇ
1134 2604 1165 2641 10

218 2677 324 2758 ἤματα·
348 2680 454 2746 νύκτας
469 2680 494 2743 δ’
512 2679 582 2744 αὖτε
598 2679 667 2764 παρ’
683 2683 798 2767 αίδοίῇς
814 2683 977 2763 ἀλόχοισιν

218 2780 335 2846 εὕδοιτ’
352 2783 385 2847 έν
399 2808 433 2847 τε
447 2780 562 2862 τάπησι
578 2785 627 2846 καὶ
642 2787 675 2849 ἐν
689 2790 824 2864 τρητοῖσι
839 2783 979 2867 λέχεσσι.

219 2885 267 2949 καὶ
281 2889 337 2965 μὲν
352 2892 412 2951 τῶν
427 2887 573 2965 ίκόμεσθα
588 2887 679 2952 πάλιν
694 2884 742 2950 καί
758 2889 877 2967 δώματα
892 2886 980 2952 καλά.

217 2990 298 3068 μῇνα
312 2993 345 3053 δὲ
361 2989 458 3054 πάντα
473 2992 560 3070 φίλει
575 3017 612 3069 με
629 2987 676 3054 καὶ
693 2989 859 3072 ἐξερέεινεν
873 2991 996 3069 ἕκαστα,

213 3089 312 3158 Ἴλιον
326 3090 470 3175 Ἀργείων
484 3118 517 3157 τε
532 3091 601 3159 νέας
618 3096 666 3157 καὶ
682 3095 791 3159 νόστον
804 3092 948 3176 Ἀχαιῶν·
1134 3123 1163 3173 15

218 3195 309 3278 αὐτὰρ
325 3196 383 3277 έγιδ
399 3195 440 3282 τῷ
453 3195 551 3260 πάντα
567 3200 641 3260 κατὰ
656 3203 762 3280 μοῖραν
778 3195 932 3275 κατέλεξα.

218 3299 288 3362 ἀλλ’
303 3299 354 3364 ὅτε
369 3301 405 3379 δὴ
422 3298 469 3364 καί
484 3302 543 3384 ἐγὼ
559 3301 629 3365 ὁδὸν
644 3300 734 3389 ῇτεον
747 3300 793 3379 ἠδ’
809 3299 951 3366 ἐκέλευον

218 3403 380 3482 πεμπέμεν,
397 3403 466 3468 οὗδέ
480 3431 510 3468 τι
524 3410 621 3472 κεῖνος
641 3404 779 3484 ἀνήνατο,
793 3411 882 3487 τεῦχε
898 3409 930 3470 δὲ
945 3406 1076 3486 πομπήν.

217 3512 293 3570 δῶκε
310 3504 343 3569 δέ
357 3507 388 3586 μ’
403 3510 533 3591 ἐκδείρας
549 3509 644 3572 ἀσκὸν
660 3509 735 3586 βοὸς
751 3509 916 3591 ἐννεώροιο,

216 3612 290 3675 ἔνθα
305 3612 337 3674 δὲ
353 3611 492 3691 βυκτάων
508 3613 626 3693 ἀνέμων
640 3613 786 3690 κατέδησε
805 3612 940 3678 κέλευθα·
1132 3641 1163 3677 ιο

217 3720 315 3782 κεῖνον
330 3714 388 3798 γὰρ
402 3719 511 3796 ταμίην
526 3716 643 3799 ἀνέμων
656 3719 767 3797 ποίησε
786 3719 928 3800 Κρονίων,
