2908 4232
541 347 568 441 η’.
589 361 826 421 (mmm
857 364 890 426 r.
1120 376 1191 446 555

241 526 372 594 δαίνυνθ’
390 530 534 609 ἑζόμενοι·
558 527 608 593 ἐπὶ
623 529 649 594 δ’
662 529 770 612 θυέρες
781 529 891 594 ιἐσθλοὶ
906 533 1013 611 ὄροντο

239 633 323 697 οἶνον
338 635 542 717 οἰνοχοεῦντες
557 631 600 697 ἐνί
616 633 757 716 χρυσέοις
772 632 947 699 δεπάεσσιν.

240 735 332 817 αὐτὰρ
348 739 411 802 ἐπεὶ
426 737 535 802 πόσιος
551 734 599 800 καὶ
616 737 736 811 ἐδητύος
752 735 788 816 ἐξ
801 737 868 818 ἔρον
884 735 961 816 ἔντο,

241 844 320 904 τοῖσι
337 843 369 904 δέ
382 841 486 921 μύθων
499 839 576 923 Ιήμχε
589 838 731 919 Γερήνιος
750 842 862 904 ἱππότα
877 840 1013 919 Νέστωρ·

285 948 306 978 “
316 949 427 1009 Παῖδες
445 944 519 1024 ἐμοί,
535 943 599 1025 ἄγε,
610 943 781 1029 Τηλεμάχῳ
799 945 996 1029 καλλίτριχας
1010 947 1120 1012 ἵππους
1138 971 1188 1025 475

240 1045 356 1124 ζεύξαθ’
372 1045 424 1128 ὑφ’
442 1045 546 1127 ἅρματ’
563 1049 697 1128 ἄγοντες,
714 1049 765 1111 ἵνα
779 1046 956 1134 πρήσσῃσιν
967 1047 1082 1112 ·ὁδοῖο.”

277 1148 341 1216 Ὣς
357 1149 457 1231 ἔφαθ’,
469 1153 502 1214 οἱ
518 1149 544 1214 δ’
556 1152 614 1232 ἄρα
629 1157 681 1214 τοῦ
696 1149 780 1231 μάλα
794 1153 850 1230 μέν
867 1152 958 1215 κλύον
970 1150 1018 1230 ᾖδ’
1038 1153 1191 1232 ἐπίθοντο,

241 1257 434 1334 καρπαλίμως
449 1253 475 1318 δ’
493 1253 614 1332 ἔζευξαν
629 1253 681 1334 ὑφ’
698 1254 830 1335 ἅρμασιν
847 1254 938 1321 ιὀκέας
954 1257 1073 1323 ἵππους.

239 1359 273 1420 έν
288 1360 321 1421 δὲ
336 1361 409 1438 γυνὴ
426 1360 514 1437 ταμίη
531 1363 617 1422 σῖτον
634 1355 683 1421 καὶ
697 1358 780 1424 οἶνον
796 1359 901 1436 ἔθηκεν

239 1463 306 1542 όψα
321 1486 362 1536 τε,
380 1463 430 1525 οἶα
446 1462 547 1525 ἔδουσι
562 1460 735 1543 διοτρεφέες
751 1465 910 1539 βασιλῆες.
1136 1477 1188 1538 480

239 1563 276 1628 ἂν
293 1564 319 1628 δ’
336 1562 393 1646 άρα
407 1565 587 1648 Τηλέμαχος
604 1565 791 1645 περικαλλέα
805 1566 923 1645 βήσετο
939 1567 1058 1648 δίφρον·

239 1667 300 1748 πὰρ
315 1667 341 1732 δ’
357 1669 415 1749 άρα
431 1670 617 1749 Νεστορίδης
633 1670 865 1750 Πεισίστρατος,
881 1671 1012 1754 ὄρχαμος
1030 1671 1155 1752 ἀνδρῶν,

239 1774 271 1838 ἐς
287 1773 395 1853 δίφρον
409 1770 435 1835 τ’
452 1772 595 1852 ἀνέβαινε
607 1773 655 1835 καὶ
668 1771 739 1850 ἡνία
755 1771 863 1850 λάζετο
879 1776 977 1858 χερσί,

237 1875 384 1954 μάστιξεν
398 1874 424 1940 δ’
441 1874 544 1952 ἐλάαν,
559 1876 600 1938 τιδ
616 1875 642 1938 δ’
659 1877 711 1939 οὐκ
727 1875 849 1940 ἆέκοντε
864 1877 1016 1954 πετέσθην

239 1981 270 2044 ἐς
286 1982 399 2053 πεδίον,
414 1978 542 2056 λιπέτην
557 1982 591 2042 δὲ
608 1979 713 2041 Πύλου
729 1979 801 2043 αἰπὺ
816 1981 1006 2060 πτολίεθρον.
1137 1993 1187 2056 485

239 2086 268 2146 οἱ
285 2085 317 2147 δέ
332 2081 507 2162 πανημέριοι
523 2087 607 2145 σεῖον
625 2081 714 2164 ζυγὸν
727 2081 823 2162 ἀμφὶς
840 2083 972 2165 ἔχοντες.

284 2188 404 2250 Δύσετό
417 2185 445 2248 τ’
461 2185 564 2264 ἠέλιος
579 2185 728 2249 σκιόωντό
741 2210 776 2248 τε
793 2189 889 2250 πᾶσαι
906 2187 1020 2268 ἆγυιαί·

239 2291 270 2355 ές
286 2289 388 2368 Φηράς
405 2288 430 2351 δ’
446 2291 546 2352 ίκοντο
564 2292 715 2367 Διοκλῆος
732 2290 801 2352 ποτὶ
817 2294 908 2368 δῶμα,

238 2391 316 2459 υἱέος
335 2392 538 2476 Ὀρτιλόχοιο,
554 2392 607 2457 τὸν
620 2391 771 2473 Ἀλφειὸς
786 2391 853 2455 τέκε
870 2397 970 2455 παῖδα.
1048 2460 1051 2464 ,

239 2497 311 2560 ἔνθα
327 2500 359 2560 δὲ
375 2496 453 2561 νύκτ’
470 2498 574 2575 άεσαν,
590 2497 607 2558 ό
624 2495 649 2560 δ’
665 2496 722 2572 ἄρα
737 2494 852 2574 ξεινήϊα
868 2501 972 2560 δῶκεν.
1137 2525 1188 2575 490
1309 2573 1314 2582 x
1338 2501 1344 2520 ’

277 2598 379 2681 Ἦμος
394 2599 419 2664 δ’
431 2599 582 2682 ἠριγένεια
598 2600 679 2681 φάνη
695 2599 913 2681 ῥοδοδάκτυλος
928 2599 1020 2676 Ἠώς,

237 2707 348 2770 ίππους
364 2703 389 2766 τ’
406 2702 571 2786 ἔζεύγνυντ’
587 2703 644 2766 άνά
660 2702 687 2766 θ’
704 2703 820 2784 άρματα
835 2704 948 2766 ποικίλ’
966 2703 1100 2782 ἔβαινον·

240 2803 289 2892 [ἔκ
304 2807 330 2871 δ’
346 2809 463 2871 ἔλασαν
479 2807 702 2888 προθύροιοκαὶ
719 2806 862 2883 αἰθούσης
878 2801 1059 2893 ἐριδούπου]

238 2909 385 2989 μάστιξεν
399 2909 424 2974 δ’
441 2908 545 2987 ἐλάαν,
562 2911 602 2972 τὸ
618 2909 643 2972 δ’
660 2911 710 2973 οὐκ
728 2909 850 2973 άέκοντε
866 2907 1027 2988 πετέσθην.

239 3011 305 3091 ἷξον
321 3014 345 3078 δ’
363 3017 393 3080 ἔς
408 3015 511 3077 πεδίον
527 3014 711 3094 πυρηφόρον,
728 3013 801 3077 ἔνθα
816 3011 841 3076 δ’
858 3012 962 3075 ἔπειτα
1137 3040 1187 3094 495

240 3117 311 3196 ἦνον
326 3118 405 3182 ὁδόν·
427 3123 511 3182 τοῖον
525 3120 583 3199 γὰρ
597 3115 770 3197 ὑπέκφερον
785 3115 875 3181 ὠκέες
887 3116 984 3179 ἵπποι.

238 3221 347 3286 δύσετό
361 3220 386 3283 τ’
403 3220 506 3299 ἠέλιος
519 3221 669 3284 σκιόωντό
683 3245 716 3284 τε
731 3222 827 3282 πᾶσαι
843 3220 954 3302 ἀγυιαί.
