2874 4234
267 329 330 411 ⁶58
585 349 615 413 9.
638 331 872 394 οουςςιιικς
902 332 924 394 1.

304 499 367 567 “sse
384 499 472 581 ἔφατ’
488 501 659 584 εὐχόμενος,
673 506 727 564 τοῦ
742 498 768 565 δ’
783 502 872 566 ἔκλυε
888 499 1095 584 κυανοχαίτης·

267 603 359 686 αὐτὰρ
378 604 395 666 ό
409 603 438 686 γ’
453 602 570 683 ἐξαῦτις
585 605 665 670 πολὺ
679 606 801 683 μείζονα
816 609 895 668 λᾶαν
911 603 1012 685 ἀείρας

267 703 313 787 ἦκ’
329 705 514 786 ἐπιδινήσας,
530 707 668 790 ἐπέρεισε
683 711 716 772 δὲ
731 708 770 773 ἶν’
788 705 964 789 ἀπέλεθρον,

268 809 321 874 κὰδ
338 808 363 875 δ’
379 811 493 890 ἔβαλεν
507 813 671 893 μετόπισθε
687 812 754 877 νεὸς
769 808 989 893 κυανοπρῴροιο

267 915 384 991 τυτθόν,
399 914 541 993 ἐδεύησεν
556 911 581 978 δ’
597 913 692 992 αίήϊον
707 914 798 996 άκρον
815 912 941 977 ἱκέσθαι.
1165 941 1219 990 540

268 1018 399 1096 ἐκλύσθη
416 1021 448 1082 δέ
465 1017 606 1082 θάλασσα
623 1018 841 1102 κατερχομένης
856 1017 914 1082 ὑπὸ
930 1015 1046 1099 πέτρης·

268 1121 323 1200 τὴν
337 1125 369 1186 δέ
385 1123 489 1204 πρόσω
506 1123 580 1203 φέρε
597 1128 681 1203 κιῖμα,
698 1123 816 1202 θέμωσε
833 1125 866 1184 δέ
881 1121 994 1203 χέρσον
1011 1119 1137 1184 ἱκέσθαι.

268 1225 337 1289 ἀλλ’
353 1227 403 1290 ὅτε
419 1226 454 1304 δή
471 1225 526 1304 τήν
541 1229 635 1304 νήσου
651 1225 821 1306 ἀφικόμεθ’,
838 1225 911 1289 ἔνθα
926 1251 983 1306 περ
998 1223 1092 1288 ἀλλαι

268 1331 337 1406 νῆες
353 1327 517 1408 ἐύσσελμοι
531 1329 622 1410 μένον
638 1329 751 1412 ἀθρόαι,
768 1325 847 1409 ἀμφὶ
862 1328 887 1393 δ’
903 1331 1015 1409 ἑταῖροι

267 1431 333 1510 ἥατ’
349 1432 531 1513 ὀδυρόμενοι,
546 1431 640 1511 ἡμέας
656 1431 865 1514 ποτιδέγμενοι
881 1434 949 1506 αἰεί,

267 1538 324 1612 νῆα
339 1536 394 1612 μὲν
408 1535 469 1598 ἔνθ’
485 1535 626 1601 ἐλθόντες
643 1536 812 1615 ἐκέλσαμεν
827 1542 860 1600 ἐν
874 1535 1075 1617 ψαμάθοισιν,

270 1641 301 1701 ἐκ
318 1641 350 1702 δὲ
367 1639 414 1700 καὶ
429 1635 512 1701 αὐτοὶ
526 1642 627 1718 βῆμεν
642 1637 692 1702 ἐπὶ
705 1641 826 1722 ῥηγμῖνι
842 1639 1012 1718 θαλάσσης.

267 1744 350 1819 μῆλα
366 1743 397 1804 δέ
414 1741 581 1807 Κύκλωπος
596 1746 755 1824 γλαφυρῆς
771 1745 803 1807 ἐκ
819 1743 889 1820 νηὸς
904 1744 1027 1810 ἑλόντες

269 1843 443 1926 δασσάμεθ’,
460 1845 500 1910 ὡς
514 1844 555 1924 μή
571 1846 616 1912 τίς
631 1870 682 1926 μοι
698 1846 905 1927 ἀτεμβόμενος
920 1849 979 1912 κίοι
995 1849 1072 1926 ἴσης.

269 1948 386 2029 ἀρνειὸν
401 1948 427 2011 δ’
442 1947 508 2028 ἐμοὶ
522 1952 575 2034 οἵῳ
592 1948 765 2028 ἐϋκνήμιδες
781 1953 892 2033 ἑταῖροι

267 2050 373 2130 μήλων
384 2052 549 2131 δαιομένων
564 2054 659 2118 δόσαν
675 2051 777 2137 ἔξοχα·
800 2060 853 2118 τὸν
868 2054 894 2118 δ’
910 2053 960 2118 ἐπὶ
976 2050 1035 2118 θινὶ

269 2153 343 2234 Ζηνὶ
359 2155 533 2238 κελαινεφέϊ
551 2158 688 2244 Κρονίδῃ,
703 2157 736 2224 δς
752 2161 846 2221 πᾶσιν
861 2157 999 2233 ἀνάσσει,

267 2257 356 2341 ῥέξας
374 2260 459 2342 μηρί’
475 2261 585 2325 ἔκαιον·
609 2264 626 2325 ὁ
642 2262 666 2326 δ’
682 2262 733 2326 ούκ
752 2260 897 2341 ἐμπάζετο
914 2263 995 2342 ἱρῶν,

268 2363 339 2426 ἀλλ’
357 2364 414 2445 ἀρα
428 2363 607 2447 μερμήριζεν
623 2367 704 2432 ὅπως
721 2367 887 2429 ἀπολοίατο
903 2369 1001 2428 πῖισαι

269 2471 337 2546 νῆες
354 2464 520 2546 ἐύσσελμοι
536 2471 583 2532 καῖ
600 2470 665 2547 ἐμοὶ
681 2469 796 2550 ἐρίηρες
812 2473 933 2550 ἑταῖραι.
1114 2456 1118 2460 ’

269 2571 308 2636 ὣς
324 2571 392 2635 τότε
406 2574 461 2651 μέν
477 2573 596 2653 πρόπαν
611 2571 689 2654 ήμαρ
705 2575 735 2638 ἐς
750 2573 854 2652 ήὲλιον
870 2574 1035 2638 καταδύντα

268 2674 365 2760 ἥμεθα
380 2675 551 2755 δαινύμενοι
567 2675 636 2757 κρέα
651 2677 675 2740 τ’
691 2676 810 2741 ἄσπετα
826 2675 874 2741 καὶ
890 2679 964 2758 μέθυ
979 2677 1042 2756 ἡδύ·

269 2778 343 2858 ήμος
360 2778 385 2841 δ’
400 2778 500 2858 ἠέλιος
517 2779 621 2844 κατέδυ
638 2778 686 2844 καὶ
702 2780 751 2845 ἐπὶ
768 2780 880 2861 κνέφας
896 2781 979 2860 ήλθε,

269 2883 304 2962 δή
321 2883 388 2947 τότε
405 2883 586 2964 κοιμήθημεν
602 2885 651 2948 ἐπὶ
665 2886 787 2966 ῥηγμῖνι
804 2884 975 2964 θαλάσσης.

269 2986 342 3064 ἦμος
358 2986 383 3049 δ’
399 2985 550 3069 ἠριγένεια
565 2988 646 3068 φάνη
661 2987 879 3069 ῥοδοδάκτυλος
896 2989 987 3068 Ἠώς,

270 3090 306 3168 δὴ
322 3089 383 3152 τότ’
399 3091 477 3172 ἐγὼν
492 3091 644 3173 ἑτάροισιν
659 3092 820 3173 ἐποτρύνας
835 3093 983 3158 ἐκέλευσα

270 3181 375 3258 αύτούς
389 3192 415 3254 τ’
430 3194 592 3273 ἀμβαίνειν
607 3192 665 3257 ἀνά
680 3218 711 3258 τε
728 3194 902 3276 πρυμνήσια
917 3201 1018 3259 λῖισαι.

270 3297 299 3358 οῖ
315 3295 341 3358 δ’
357 3293 424 3377 αἶψ’
442 3297 600 3376 εἴσβαινον
616 3293 663 3360 καῖ
680 3297 730 3362 ἐπὶ
747 3293 851 3379 κληῗσι
867 3299 998 3377 καθῖζον,

270 3397 338 3477 ἑξῆς
353 3398 378 3462 δ’
395 3400 529 3479 ἑζόμενοι
549 3401 659 3479 πολιὴν
675 3401 735 3466 ἀλα
751 3402 860 3467 τύπτου
876 3403 1018 3485 ἐρετμοῖς.

312 3501 423 3568 Ἔνθεν
438 3507 471 3567 δέ
487 3504 620 3587 προτέρω
637 3504 771 3586 πλέομεν
786 3504 969 3588 ἀκαχήμενοι
985 3505 1066 3587 ήτορ,

270 3606 397 3689 ἀσμενοι
412 3609 445 3670 ἐκ
462 3607 613 3684 θανάτοιο,
630 3610 740 3689 φίλους
754 3609 918 3675 ὀλέσαντες
935 3610 1077 3691 ἑταίρους.
