2792 4232
278 362 339 448 ρο
594 362 642 422 1⁶.
667 361 837 421 ικιιαος
860 362 901 422 ιι.

277 536 383 612 κούρην
396 530 435 610 ἣν
448 531 506 614 ἄρα
520 557 570 610 μοι
585 529 676 614 γέρας
691 528 797 609 ἔξελον
811 530 873 595 υἷες
886 527 1032 612 Ἀχαιῶν,

276 635 357 714 δουρὶ
371 632 398 696 δ’
414 637 474 717 ἐμῷ
491 633 663 711 κτεάτισσα,
679 634 771 696 πόλιν
787 632 922 714 εὐτείχεα
937 629 1062 711 πέρσας,

275 735 329 812 τήν
343 735 391 817 ἀφ
406 739 439 800 ἐκ
454 741 565 818 χειρῶν
579 736 666 800 ἐλετο
686 737 791 818 κρείων
805 733 1004 819 Ἀγαμέμνων

280 833 434 916 Ἀτρεΐδης
450 835 490 901 ὥς
506 838 536 900 εἴ
548 834 603 900 τιν’
620 836 765 916 ἀτίμητον
779 833 980 915 μετανάστην.

275 937 357 998 ἀλλὰ
371 939 408 1000 τά
422 939 478 1016 μέν
491 937 691 1020 προτετύχθαι
706 936 844 1015 ἐάσομεν·
868 938 928 1001 οὐδ’
946 937 1003 1018 ἀρα
1018 963 1082 1003 πως
1098 937 1135 1016 ήν
1185 949 1217 1000 6ο

275 1037 427 1120 ἀσπερχὲς
441 1043 633 1122 κεχολῶσθαι
647 1041 692 1103 ἐνὶ
707 1040 827 1120 φρεσίν·
850 1038 870 1117 ἦ
885 1064 931 1102 τοι
947 1039 1026 1119 ἔφην
1045 1066 1080 1122 γε

274 1141 309 1202 ού
324 1143 395 1220 πρὶν
408 1143 555 1223 μηνιθμὸν
571 1141 809 1222 καταπαυσέμεν,
826 1141 896 1206 ἀλλ’
913 1141 997 1205 ὁπότ’
1014 1140 1051 1204 ἀν
1065 1142 1102 1221 δή

274 1246 347 1320 νῆας
362 1243 434 1321 ἐμάς
450 1246 593 1326 ἀφίκηται
609 1244 683 1324 ἀϋτή
698 1270 731 1309 τε
744 1245 895 1324 πτόλεμός
910 1269 952 1311 τε.

274 1347 344 1425 τύνη
360 1347 385 1410 δ’
402 1348 508 1427 ὤμοιιν
521 1351 576 1429 μὲν
593 1348 650 1429 ἐμά
665 1351 759 1412 κλυτά
773 1348 882 1433 τεύχεα
896 1352 972 1422 δῦθι,

274 1453 349 1534 ἄρχε
364 1455 397 1516 δέ
412 1455 641 1535 Μυρμιδόνεσσι
657 1453 915 1535 φιλοπτολέμοισι
932 1450 1094 1536 μάχεσθαι,
1183 1465 1216 1527 65

274 1556 300 1617 εἰ
319 1556 360 1635 δή.
373 1554 498 1621 κυάνεον
511 1557 623 1638 Τρόων
638 1555 731 1637 νέφος
746 1555 944 1637 ἀμφιβέβηκε

273 1659 379 1736 νηυσὶν
394 1659 583 1739 ἐπικρατέως,
599 1661 628 1722 οἱ
643 1660 676 1723 δὲ
690 1661 812 1741 ῥηγμῖνι
827 1657 987 1738 θαλάσσης

274 1761 436 1838 κεκλίαται,
451 1760 551 1843 χόρης
565 1761 674 1843 ὀλίγην
689 1761 732 1824 ἔτι
747 1766 854 1842 μοῖραν
869 1763 999 1845 ἔχοντες,

272 1864 413 1946 Ἀργεῖοι·
436 1864 547 1944 Τρόων
562 1867 595 1928 δέ
610 1865 701 1930 πόλις
716 1865 766 1928 ἐπὶ
781 1869 867 1928 πάσα
880 1866 999 1947 βέβηκε

274 1964 431 2046 θάρσυνος·
458 1967 492 2030 ού
510 1971 569 2049 γὰρ
588 1970 660 2046 ἐμῆς
674 1967 797 2050 κόρυθος
811 1969 980 2033 λεύσσουσι
994 1967 1133 2047 μέτωπον
1183 1989 1215 2043 ηο

272 2070 376 2151 ἐγγύθι
390 2067 594 2150 λαμπομένης·
617 2068 697 2153 τάχα
712 2096 764 2136 κεν
779 2071 942 2152 φεύγοντες
956 2070 1098 2135 ἐναύλους

272 2170 424 2251 πλήσειαν
439 2173 559 2247 νεκύων,
575 2175 605 2238 εἴ
616 2199 668 2252 μοι
684 2174 790 2255 κρείων
805 2172 1000 2257 Ἀγαμέμνων

271 2277 346 2354 ἤπια
361 2276 462 2354 εἰδείη·
485 2281 538 2341 νῦν
552 2278 585 2339 δέ
601 2277 731 2358 στρατὸν
745 2275 979 2359 ἀμφιμάχονται

271 2379 306 2442 ού
320 2381 377 2460 γάρ
392 2379 539 2444 Τυδεΐδεω
556 2377 723 2459 Διομήδεος
738 2380 771 2442 ἐν
785 2376 945 2466 παλάμῃσι

269 2480 406 2560 μαίνεται
421 2481 525 2563 ἐγχείη
542 2486 670 2545 Δαναῶν
685 2479 745 2543 ἀπὸ
758 2481 866 2563 λοιγὸν
880 2482 997 2562 ἀμῦναι·
1182 2503 1214 2560 75

271 2582 340 2647 οὐδέ
354 2608 400 2646 πω
414 2582 572 2664 Ἀτρεΐδεω
588 2583 663 2648 όπδς
678 2583 786 2645 ἔκλυον
801 2582 985 2661 αὐδήσαντος

271 2688 381 2768 ἐχθρῆς
396 2688 429 2749 ἐκ
445 2689 591 2767 κεφαλῆς·
615 2682 686 2748 ἀλλ’
698 2683 842 2766 Ἕκτορος
857 2687 1056 2768 ἀνδροφόνοιο

269 2790 373 2871 Τρωσὶ
387 2790 561 2854 κελεύοντος
577 2785 779 2870 περιάγνυται,
797 2791 825 2851 οἱ
841 2786 868 2852 δ’
883 2790 1026 2874 ἀλαλητῷ

270 2897 331 2957 πᾶν
345 2893 450 2956 πεδίον
465 2889 636 2973 κατέχουσι,
652 2888 734 2977 μάχη
751 2898 890 2958 νικῶντες
904 2891 1055 2974 Ἀχαιούς.

270 2997 353 3058 ἀλλά
368 2997 417 3058 καὶ
432 2995 483 3069 ὥς,
498 2991 667 3074 Πάτροκλε,
685 2999 761 3057 νεῶν
776 2994 835 3057 ἀπὸ
850 2994 958 3077 λοιγὸν
975 2995 1094 3074 ἀμύνων
1179 3009 1213 3058 8ο

270 3096 376 3178 ἐμπεσ’
393 3094 582 3178 ἐπικρατέως,
597 3097 638 3175 μή
654 3096 690 3176 δή
706 3097 798 3176 πυρὸς
813 3096 984 3176 αἰθομένοιο

270 3204 342 3278 νῆας
357 3198 552 3282 ἐνιπρήσωσι,
569 3201 663 3280 φέλον
678 3196 705 3262 δ’
720 3199 781 3262 ἀπὸ
796 3200 907 3264 νόστον
921 3200 1058 3266 ἕλωνται.

270 3304 373 3368 πείθεο
388 3301 416 3366 δ’
431 3304 472 3369 ὥς
486 3328 534 3366 τοι
549 3303 608 3385 έγδ
623 3303 717 3382 μύθου
732 3302 820 3368 τέλος
836 3304 869 3366 ἐν
883 3302 977 3382 φρεσὶ
993 3302 1072 3378 θεέω,

270 3406 310 3472 ὡς
327 3406 365 3471 άυ
378 3431 429 3486 μοι
444 3406 533 3486 τιμήν
548 3404 686 3488 μεγάλην
702 3406 750 3469 καὶ
766 3410 852 3470 κῦδος
867 3405 956 3486 ἀρηαι

270 3506 344 3590 πρὸς
358 3507 478 3573 πάντων
494 3515 631 3586 Δαναῶν,
649 3511 723 3591 ἀτδρ
739 3511 768 3572 οἱ
783 3507 969 3588 περικαλλέα
985 3508 1094 3589 κούρην
1181 3522 1214 3584 85

270 3612 318 3694 ἀφ
332 3609 562 3685 ἀπονάσσωσιν,
579 3612 649 3677 ποτδ
664 3612 689 3675 δ’
706 3613 808 3693 ἀγλαδ
822 3616 902 3692 δδρα
917 3612 1061 3692 πόρωσιν.

271 3717 304 3780 έκ
320 3720 399 3793 υηῶν
414 3712 529 3781 ἐλάσας
545 3714 621 3780 ἱέναι
635 3713 739 3778 πόλιν·
763 3715 790 3779 εδ
805 3711 838 3778 δέ
854 3739 905 3780 κεν
919 3713 956 3778 αι’)
972 3739 1019 3779 τοι
