2760 4232
279 371 361 436 1034
537 356 964 416 BATPAXOMTOMAXIA.

274 523 378 607 τοιγὰρ
394 524 472 605 ἐγῶν
487 522 569 604 ἐρέω,
586 524 625 589 ὥς
640 547 691 603 μοι
705 527 788 588 δοκεῖ
801 523 879 588 εἶναι
894 524 1012 598 ἄριστα.

275 629 398 708 νάματα
414 625 620 709 κοσμήσαντες
634 628 790 693 ἐνιάπλοις
806 635 926 708 στῶμεν
939 628 1071 694 άπαντες

274 731 374 812 ἄκροις
392 729 452 812 πάρ
467 733 637 814 χείλεσσιν,
653 731 729 794 ὅπου
744 730 947 813 κατάκρημνσς
963 734 979 795 ὁ
993 737 1099 815 χῶρος·

274 835 362 912 ἡνίκα
375 835 402 898 δ’
418 834 595 915 ὁρμηθέντες
610 833 660 915 ἐφ’
675 833 769 914 ἡμέας
784 833 938 917 ἐξέλθωσι,
1172 862 1219 910 ιςη

275 937 452 1019 δραξάμενοι
465 938 608 1019 κορύθων,
624 939 658 1003 ὅς
672 963 718 1004 τις
733 943 845 1021 σχεδὸν
861 940 961 1006 ἆντίυς
976 941 1060 1025 ἐλθρ,

275 1045 304 1107 ἐς
319 1043 428 1122 λίμνην
443 1041 547 1107 αὐτοὺς
561 1041 620 1104 σὺν
638 1043 763 1108 ἐκείναις
774 1042 848 1106 εύθδ
862 1042 1016 1123 βάλωμεν.

276 1147 350 1208 οὕτω
367 1150 423 1229 γὰρ
439 1144 598 1224 πνίξαντες
614 1147 646 1209 ἐν
661 1147 750 1210 ὕδασι
765 1144 833 1212 ταῶς
849 1147 1043 1226 άκολύμβονς

275 1248 428 1329 στήσομεν
443 1249 575 1329 είθύμως
589 1254 623 1312 ro
638 1249 802 1328 μυοστόνον
817 1251 876 1314 ῶδε
890 1250 1041 1330 τρόπαιον.

311 1352 373 1419 Ὣς
390 1354 482 1416 είπῶν
498 1351 640 1417 ἀνέπεισε
656 1353 892 1429 καθυπλίζεσθαι
903 1351 1048 1419 ἅπαντας.
1172 1367 1220 1414 160

275 1458 405 1537 φύλλοις
419 1461 475 1536 μὲν
489 1461 638 1538 μολαχῶν
653 1453 765 1535 κνήμας
783 1456 876 1538 (ἑὰς)
894 1455 1128 1538 άμφεκάλνψαν,

274 1562 408 1640 θώρηκας
423 1557 449 1624 δ’
465 1560 550 1643 εἶχον
565 1565 664 1624 καλῶν
679 1565 815 1640 χλοερῶν
829 1561 889 1624 άπὸ
907 1561 1053 1636 σεάτλιιν,

275 1663 379 1742 φύλλα
394 1666 426 1727 δὲ
441 1669 500 1727 τῶν
516 1669 660 1744 κρυμβῶν
676 1665 720 1728 εἰς
735 1665 865 1730 ἀσπίδας
880 1662 914 1728 εῶ
927 1662 1075 1743 ἤσκησαν,

274 1768 365 1850 ἔγχος
381 1766 407 1830 δ’
421 1766 601 1850 άξύσχοινος
615 1765 733 1850 ἑκάστῳ
747 1767 858 1849 μακρὸς
876 1766 988 1848 άρήρει,

275 1871 325 1932 καί
336 1872 375 1953 ῥα
392 1870 505 1955 (κέρα)
524 1877 655 1954 κοχλιῶν
669 1877 790 1936 λεπτῶν
804 1869 952 1936 ἐκάλυπτε
968 1870 1092 1953 κάρηνα.
1173 1886 1219 1947 1⁶5

274 1973 460 2054 φραξάμενοι
476 1975 501 2039 δ’
515 1976 649 2051 ἔστησαν
663 1974 712 2038 ἐπ’
727 1976 833 2056 ὄχθαις
850 1976 1003 2056 ὑψηλοῖσι

275 2079 408 2145 σείοντες
424 2079 548 2163 λόγχας,
563 2083 657 2157 θυμοῦ
672 2078 697 2141 δ’
714 2077 1020 2156 ἐμπληστοιέκαστος.

318 2181 393 2248 Ζεὺς
411 2187 443 2246 δὲ
459 2181 545 2247 θεοὺς
561 2179 692 2246 καλέσας
708 2185 751 2247 είς
766 2181 890 2262 οὐρανὸν
904 2183 1097 2262 ἀστερόεντα,

276 2283 323 2349 καί
339 2288 473 2365 πολέμου
488 2285 606 2364 πληθῶν
621 2283 722 2364 δείξας
739 2285 896 2367 κρατερούς
910 2310 944 2349 τε
958 2285 1103 2368 μαχητάς,

274 2389 407 2454 πολλοὺς
423 2391 473 2452 καὶ
487 2388 639 2472 μεγάλους
655 2388 699 2467 ἠδ’
720 2390 812 2472 ἐγχεα
826 2391 925 2470 μακρά
940 2388 1096 2469 φέροντας,
1174 2415 1222 2463 ¹70

275 2495 337 2558 οἶος
354 2493 528 2574 Κενταύρων
541 2493 670 2574 στρατὸς
683 2492 805 2575 ἔρχεται
819 2492 854 2571 ἠὲ
873 2491 1036 2574 Γιγάντων,
1224 2488 1229 2496 '

273 2595 328 2673 ἡδὺ
343 2602 441 2678 γελῶν
458 2596 578 2677 ἐρέεινε·
602 2597 681 2661 τίνες
695 2596 899 2678 βατράχοισιν
914 2593 1026 2678 άριογοὶ
1085 2643 1089 2652 ,

274 2697 292 2778 ἢ
307 2701 399 2779 μυσὶν
414 2699 590 2774 άθιινάτων,·
615 2697 663 2764 καὶ
677 2700 841 2776 Ἀθηναίην
855 2700 1046 2780 προσέειπεν·

314 2803 359 2866 Ὦ
376 2804 513 2886 θύγατερ,
529 2800 619 2882 μυσὶν
634 2802 653 2882 ἦ
667 2804 706 2886 ῥα
721 2802 922 2883 βοηθήσουσα
937 2804 1070 2889 πορεύσῃ
1079 2829 1089 2875 ,·

276 2907 322 2971 καὶ
337 2911 394 2990 γάρ
410 2913 467 2971 σοΰ
483 2910 557 2970 κατὰ
571 2912 643 2986 νηδν
658 2905 705 2970 ἀεὶ
720 2912 885 2988 σκιρτῶσιν
899 2905 1028 2972 ἅπαντες
1173 2930 1224 2983 175

276 3014 364 3097 κνίσῃ
380 3012 556 3093 τερπόμενοι
576 3012 625 3074 καὶ
638 3009 788 3090 ἐδέσμασι
804 3015 1054 3076 παντοδαποῖσιν.

312 3115 375 3181 Ὣς
390 3114 435 3196 ἄρ’
452 3115 511 3196 ἔφη
526 3114 682 3196 Κρονίδης·
705 3119 758 3178 τὸν
774 3117 807 3177 δὲ
823 3112 1004 3192 προσέειπεν
1018 3112 1140 3191 Ἀθήνη·

275 3216 298 3281 ῶ
315 3218 417 3299 πάτερ,
432 3207 486 3281 Abx
500 3219 539 3284 άν
552 3218 601 3282 πά
616 3217 684 3280 ποτ’
698 3218 759 3298 ἐγὼ
774 3214 847 3296 μυσὶ
861 3217 1078 3297 τειρομένοισιν

275 3323 418 3402 ἐλθοίμην
431 3323 597 3404 ἐπαρωγόν,
608 3322 679 3385 ’ἐπεὶ
696 3323 771 3384 κσκδ
786 3321 892 3384 πολλὰ
906 3320 935 3399 μ’
953 3321 1061 3402 άοργαν

276 3423 430 3501 στέμματα
441 3424 633 3507 βλάπτοντες
648 3422 697 3487 καὶ
711 3423 841 3508 λύχνους
854 3421 945 3488 εἵνεκ’
961 3425 1073 3487 ἐλαίου.
1177 3442 1227 3490 180

276 3530 364 3588 τοῦτο
379 3525 412 3587 δέ
425 3551 477 3601 μοι
492 3530 563 3608 λίην
578 3527 667 3590 ἔδακε
682 3525 805 3608 φρένας,
820 3529 886 3590 οἷον
902 3524 1016 3608 ἔρεξαν.

277 3627 394 3691 πέπλον
408 3651 465 3706 μου
479 3627 675 3712 κατέτρωξον,
690 3629 725 3694 ῶν
741 3628 876 3710 ἐξύφηνο
891 3633 1027 3708 καμοῦσα

277 3732 310 3793 ἐκ
324 3729 448 3812 ῥοδάνης
462 3735 575 3808 λεπτῆς
591 3734 640 3795 καὶ
656 3731 790 3832 στήμονα
804 3737 917 3812 μακρὸν
932 3731 1035 3809 ένησα,
