2746 4228
478 326 510 382 4.
534 309 706 369 ιΛιΑΔοΣ
731 312 770 372 Δ.
1059 323 1099 390 73

156 480 233 540 τοῖαι
248 473 299 556 ἅμ’
315 474 484 542 Αἰάντεσσι
498 476 682 560 διοτρεφέων
697 478 807 556 αἰζηῶν
1053 492 1101 539 α8ο

155 578 238 658 δήϊον
254 581 285 647 ἐς
301 581 438 658 πόλεμον
453 579 575 646 πυκιναὶ
593 582 712 646 κίνυντο
729 579 888 664 φάλαγγες

156 679 284 754 κυάνεαι,
302 681 432 746 σάκεσίν
446 707 480 746 τε
496 683 545 746 καὶ
560 683 669 766 ἔγχεσι
684 687 868 765 πεφρικυῖαι.

155 782 204 846 καὶ
219 783 287 849 τοὺς
301 785 358 864 μέν
372 782 508 866 γήθησεν
522 785 594 850 ίδὸν
611 785 717 866 κρείων
732 780 936 882 Ἀγαμέμνων,

156 885 206 947 καί
218 893 318 968 σφεας
335 884 480 968 φωνήσας
495 887 569 952 ἔπεα
584 889 749 969 πτερόεντα
764 886 929 968 προσηύδα·

155 996 175 1022 “
185 986 298 1062 Αἴαντ’,
317 985 463 1071 Ἀργείων
476 988 606 1072 ἡγήτορε
620 989 866 1073 χαλκοχιτώνων,
1053 1002 1098 1062 285

155 1097 237 1171 σφῶϊ
251 1090 388 1172 μέν-ού
402 1092 462 1176 γὰρ
475 1090 548 1158 ἔοικ’
566 1093 805 1176 ὀτρυνέμεν-ού
819 1118 848 1156 τι
864 1091 986 1156 κελεύω·

155 1192 231 1256 αύτὼ
247 1196 307 1276 γὰρ
321 1192 406 1274 μάλα
420 1195 497 1260 λαὸν
511 1196 663 1279 ἀνώγετον
676 1198 727 1277 ἶφι
740 1195 905 1278 μάχεσθαι.

155 1293 185 1359 αἲ
198 1297 264 1378 γάρ,
282 1301 342 1362 Ζεῦ
357 1322 390 1362 τε
404 1296 498 1378 πάτερ
513 1300 563 1363 καὶ
579 1297 723 1378 Ἀθηναίη
740 1299 789 1362 καὶ
802 1297 970 1371 Ἀπολλον,

154 1403 233 1466 τοῖος
248 1404 344 1464 πᾶσιν
360 1400 452 1480 θυμὸς
466 1403 511 1467 ἐνὶ
527 1401 675 1482 στήθεσσι
691 1401 819 1485 γένοιτο·

154 1504 194 1585 τῷ
211 1529 244 1567 κε
257 1500 327 1587 τάχ’
341 1503 467 1583 ἠμύσειε
482 1505 571 1571 πόλις
586 1504 736 1587 Πριάμοιο
752 1505 885 1581 ἄνακτος,
1049 1531 1098 1583 ιηο

152 1605 260 1686 χερσὶν
274 1601 328 1687 ὑφ’
344 1605 527 1693 ἡμετέρῃσιν
542 1607 660 1672 άλοῢσά
675 1633 708 1672 τε
724 1608 891 1690 περθομένη
908 1607 968 1672 τε.”

189 1708 253 1776 *Ως
268 1711 362 1774 εἰπὼν
377 1710 446 1777 τοὺς
459 1712 515 1791 μὲν
529 1713 621 1776 λίπεν
635 1712 734 1785 αὐτοῦ,
750 1714 792 1792 βῆ
809 1714 842 1777 δὲ
855 1710 920 1793 μετ’
936 1713 1058 1777 ἄλλους·

154 1807 215 1878 ἔνθ’
230 1814 248 1876 ά
262 1839 299 1895 γε
318 1811 450 1895 Νέστορ’
467 1814 580 1895 ἔτετμε,
596 1814 685 1896 λιγὺν
700 1815 824 1878 Πυλίων
839 1813 998 1896 ἀγορητήν,

153 1919 203 1983 οθς
218 1917 340 1999 ἑτάρους
357 1916 528 1982 πάλλοντα
542 1917 591 1981 καὶ
606 1917 767 1999 ὀτρύνοντα
781 1916 942 2001 μάχεσθαι,

154 2021 231 2102 ἀμφὶ
245 2019 343 2103 μέγαν
358 2018 541 2103 Πελάγοντα
556 2017 730 2102 Ἀλάστορά
744 2045 777 2085 τε
791 2021 924 2101 Χρομίον
939 2045 972 2084 τε
1051 2047 1096 2096 ²95

153 2121 271 2203 Αἵμονά
284 2149 318 2188 τε
335 2123 471 2203 κρείοντα
486 2121 598 2187 Βίαντά
613 2148 657 2200 τε,
672 2121 801 2203 ποιμένα
816 2128 909 2186 λαῶν·

154 2227 265 2305 ἱππῆας
279 2226 337 2306 μὲν
350 2233 454 2306 πρῶτα
469 2226 527 2291 σὺν
542 2229 684 2292 ίπποισιν
700 2227 750 2290 καὶ
763 2228 887 2309 ὄχεσφι,

153 2327 258 2406 πεζοὺς
272 2324 299 2392 δ’
314 2327 439 2408 ἐξόπιθε
453 2333 568 2409 στῆσεν
582 2327 697 2394 πολέας
715 2353 748 2393 τε
764 2329 812 2392 καὶ
828 2327 966 2407 ἐσθλσύς,

154 2430 239 2511 έρκος
255 2429 326 2509 ἐμεν
341 2429 498 2511 πολέμοιο·
523 2430 629 2498 κακούς
645 2428 670 2496 δ’
686 2432 718 2497 ἐς
731 2429 850 2510 μέσσον
866 2431 1010 2506 ἔλασσεν,

154 2535 234 2614 όφρα
250 2532 299 2596 καὶ
315 2533 367 2597 ούκ
384 2533 498 2599 ἐθέλων
513 2559 558 2600 τις
573 2534 720 2621 ἀναγκαίη
735 2534 902 2613 πολεμίζοι.
1048 2557 1098 2606 300

155 2621 298 2700 ἱππεῦσιν
311 2638 368 2715 μέν
383 2633 474 2716 πρῶτ’
490 2636 682 2702 ἐπετέλλετο·
704 2637 773 2703 τοὺς
788 2638 846 2719 γὰρ
864 2635 974 2717 ἀνάγει
987 2717 989 2721 ⁴

154 2738 252 2818 σφοὺς
267 2741 377 2804 ἵππους
393 2738 503 2822 ἐχέμεν
517 2742 592 2819 μηδέ
608 2738 789 2804 κλονέεσθαι
804 2740 909 2823 ὁμίλῳ·

153 2848 173 2874 “
180 2839 259 2920 μηδέ
274 2865 320 2907 τις
336 2841 488 2932 ἱπποσύνῃ
504 2867 537 2907 τε
553 2843 602 2906 καὶ
616 2840 764 2925 ἠνορέηφι
779 2842 932 2908 πεποιθὸς

153 2944 216 3009 οἶος
231 2941 342 3024 πρόσθ’
358 2943 464 3012 ἄλλων
478 2944 599 3025 μεμάτω
613 2946 758 3028 Τρύεσσι
771 2942 935 3028 μάχεσθαι,

152 3045 219 3126 μηδ’
234 3047 437 3130 ἀναχωρείτω·
459 3048 699 3130 ἀλαπαδνότεροι
712 3050 772 3131 γὰρ
786 3048 908 3112 ἐσεσθε.
1049 3075 1097 3126 ³05

153 3147 185 3214 ὃς
200 3147 234 3214 δέ
248 3149 274 3212 κ’
292 3149 366 3231 άνήρ
383 3149 443 3214 άπὸ
458 3153 500 3214 ὧν
514 3149 613 3232 όχέων
628 3149 702 3232 ἕτερ’
719 3149 825 3232 ἅρμαθ’
842 3151 952 3230 ίκηται,

153 3255 237 3339 έγχει
254 3253 421 3338 ὀρεξάσθω,
437 3257 504 3322 ἐπεὶ
523 3255 637 3336 ῆπολὺ
651 3256 798 3339 φέρτερον
813 3258 899 3320 οὕτω.

153 3361 209 3424 ὧδε
225 3360 274 3423 καὶ
290 3360 320 3422 οἱ
336 3358 477 3440 πρότεροι
492 3361 602 3425 πόλιας
617 3360 667 3423 καὶ
682 3356 774 3442 τείχε’
790 3359 943 3440 ἐπόρθεον,

151 3461 239 3526 τόνδε
254 3462 326 3526 νόον
343 3460 392 3524 καὶ
407 3459 499 3541 θυμὸν
515 3463 560 3526 ἐνὶ
575 3460 744 3541 στήθεσσιν
760 3460 908 3546 έχοντες.”

187 3563 252 3630 *Ως
268 3565 285 3628 ὁ
300 3562 397 3646 γέρων
413 3564 522 3645 ὤτρυνε
537 3564 633 3628 πάλαι
647 3563 789 3646 πολέμων
805 3565 836 3629 εύ
852 3566 944 3631 εἶδός·
1046 3591 1096 3640 310

152 3671 200 3748 καὶ
215 3670 270 3736 τὸν
284 3670 342 3750 μέν
355 3666 490 3750 γήθησεν
505 3670 577 3734 ἰδὼν
594 3674 700 3753 κρείων
713 3673 918 3756 Ἀγαμέμνων,

601 3776 626 3824 D
644 3779 662 3843 3
