2758 4228
474 360 539 418 ΕΙΣ
562 361 804 421 ΑΠΟΛΛΩΝΑ.
1044 373 1105 438 931

161 532 265 607 βωμὸς
282 525 329 590 καὶ
345 527 475 607 τέμενος,
490 529 569 592 τίσει
588 527 622 592 δέ
637 528 674 593 σέ
687 528 714 612 γ’
732 527 825 612 ἔξοχα
841 527 968 594 πάντων.
1051 559 1053 566 ι

206 631 305 710 Αὐτὰρ
321 633 389 696 ἐπεί
402 629 433 715 ῤ’
449 631 562 711 όμοσέν
577 659 610 697 τε
624 632 805 711 τελεύτησέν
821 657 854 694 τε
869 636 921 694 τὸν
937 631 1035 712 ὅρκον,
1069 661 1071 667 ⁴

163 739 266 813 Δῆλος
282 736 336 814 μὲν
351 735 434 813 μάλα
448 741 535 820 χαῖρε
549 737 629 820 γόνιρ
650 735 766 800 ἑκάτοιο
782 735 922 812 ἄνακτος,
1076 761 1108 810 90

162 839 250 917 Λητὼ
266 838 292 902 δ’
307 838 437 920 ἐννῆμάρ
452 864 485 902 τε
500 837 548 903 ’καὶ
564 838 650 904 ἐννέα
665 841 769 906 νύκτας
786 838 928 904 ἀέλπτοις

163 940 307 1004 ὠδίνεσσι
322 941 472 1024 πέπαρτο.Ι
510 944 576 1007 θεαὶ
592 943 617 1008 δ’
631 945 706 1008 ἔσαν
721 945 821 1008 ἔνδοθι
837 945 942 1020 πᾶσαι,

162 1047 256 1109 όσσαι
271 1045 392 1128 ἄρισται
408 1047 493 1125 ἔσαν,
509 1033 660 1126 Διόιητε
674 1047 753 1128 Ῥείη
769 1074 803 1112 τε

161 1149 276 1232 Ἰχναίη
293 1175 325 1214 τε
342 1150 438 1229 Θέμις
454 1149 502 1215 καὶ
518 1151 687 1234 ἀγάστονος
702 1153 892 1235 Ἀμφιτρίτη,

162 1254 258 1317 άλλαι
271 1254 298 1316 τ’
313 1251 469 1332 ἀθάναται,
485 1256 599 1336 νόσφιν
613 1256 802 1321 λευκωλένου
813 1255 922 1337 Ἥρης·
1075 1279 1109 1330 95

162 1357 239 1435 ἧστο
253 1360 311 1440 γδρ
330 1359 363 1422 ἐν
375 1357 535 1440 μεγάροισι
552 1357 627 1424 Διὸς
641 1357 890 1442 νεφεληγερέταο.

161 1460 254 1539 μούνη
271 1461 297 1525 δ’
312 1460 365 1524 οὐκ
381 1462 533 1526 ἐπέπυστο
546 1463 733 1544 μογοστόκος
749 1463 916 1528 Εἰλείθυια·

163 1565 239 1643 ἧστο
257 1569 314 1648 γὰρ
329 1564 409 1651 ἄκρῳ
424 1566 570 1652 Ὀλύμπιρ
584 1569 644 1632 ὑπὸ
658 1567 815 1650 χρυσέοισι
831 1565 992 1648 νέφεσσιν,
1104 1600 1106 1606 ’

158 1667 259 1748 Ἥρης
273 1670 487 1755 φραδμοσύνης
501 1669 700 1750 λευκωλένου,
718 1671 738 1750 ἥ
752 1698 804 1752 μιν
819 1671 905 1752 ἔρυκε
930 1740 938 1756 .

164 1771 324 1858 ζηλοσύνῃ,
340 1775 358 1836 ό
372 1771 397 1834 τ’
412 1773 457 1854 ἀρ’
472 1777 537 1838 υίδν
555 1775 690 1855 ἀμύμονά
705 1801 737 1839 τε
755 1775 897 1856 κρατερόν
910 1745 974 1921 τε)
1064 1798 1110 1833 ιοο

164 1877 251 1953 Λητὼ
267 1875 407 1954 τέξεσθαι
423 1878 671 1957 καλλιπλόκαμος
686 1877 747 1940 τότ’
764 1879 901 1956 ἔμελλεν.

208 1983 246 2042 Αἱ
262 1977 287 2042 δ’
297 1978 374 2059 Ἶριν
389 1981 590 2061 προύπεμψαν
604 1981 776 2060 ἐϋκτιμένης
792 1982 851 2044 ἀπὸ
866 1979 972 2059 νήσου,

164 2081 272 2162 ἀξέμεν
288 2084 470 2160 Εἰλείθυιαν,
485 2085 691 2166 ὑποσχόμεναι
705 2084 800 2167 μέγαν
815 2085 916 2166 ὅρμον,

164 2187 335 2270 χρυσείοισι
348 2187 481 2250 λίνοισιν
495 2187 645 2267 ἐερμένον,
661 2187 857 2270 ἐννεάπηχυν

165 2291 278 2371 νόσφιν
293 2291 318 2354 δ’
333 2288 451 2372 ἤνωγον
466 2289 586 2356 καλέειν
603 2291 790 2355 λευκωλένου
801 2291 911 2374 Ἥρης,
1064 2317 1111 2366 105

164 2392 205 2473 μή
219 2419 271 2473 μιν
286 2394 378 2457 ἔπειτ’
393 2394 538 2459 ἐπέεσσιν
553 2394 777 2477 ἀποστρέψειεν
793 2398 908 2462 ἰοῦσαν.

166 2496 258 2579 αὐτὰρ
276 2498 340 2560 ἐπεὶ
355 2498 390 2559 τό
407 2499 436 2579 γ’
451 2497 563 2562 ἄκουσε
577 2497 745 2580 ποδήνεμος
760 2499 839 2564 ὠκέα
849 2498 933 2580 Ἶρις,

165 2605 208 2683 βῆ
223 2604 262 2685 ῥα
277 2601 366 2680 θέειν,
384 2601 498 2687 ταχέως
515 2606 548 2668 δέ
563 2602 685 2682 διήνυσε
700 2607 761 2667 πᾶν
775 2603 810 2668 τὸ
824 2604 951 2685 μεσηγύ.

166 2707 258 2787 αύτδρ
273 2707 341 2769 ἐπεί
354 2706 383 2789 ῥ’
399 2708 483 2770 ἵκανε
498 2712 576 2772 θεῶν
589 2707 665 2786 ἔδος,
682 2707 772 2770 αἰπὺν
784 2706 952 2786 Ὄλυμπον,

166 2810 258 2872 αὐτίκ’
275 2809 321 2890 ἀρ’
338 2811 511 2874 Εἰλείθυιαν
528 2812 587 2873 ἀπὸ
600 2809 741 2891 μεγάροιο
758 2811 864 2893 θύραζε
1065 2835 1112 2871 ιιο

166 2912 472 2994 ἐκπροκαλεσσαμένη
488 2914 563 2978 ἔπεα
578 2915 740 2996 πτερόεντα
755 2914 920 2995 προσηύδα,

166 3013 263 3080 πάντα
278 3016 359 3096 μάλ’,
376 3017 416 3084 ὦς
431 3016 596 3082 ἐπέτελλον
611 3018 766 3099 Ὀλύμπια
781 3017 889 3098 δείματ’
905 3017 1041 3101 ἔχουσαι.

166 3119 202 3205 τῇ
217 3119 243 3182 δ’
259 3119 316 3201 ἀρα
330 3125 423 3200 θυμδν
441 3121 561 3185 ἔπειθεν
577 3123 622 3186 ἐνὶ
637 3121 788 3201 στήθεσσι
804 3121 935 3202 φίλοισι,

165 3221 228 3301 βὰν
242 3226 274 3286 δὲ
290 3221 364 3288 ποσὶ
379 3221 512 3306 τρήρωσι
526 3225 688 3290 πελειάσιν
703 3222 803 3304 ἴθμαθ’
819 3207 938 3313 όμοῖαά
1156 3309 1159 3316 V

167 3327 225 3390 κάτ’
241 3324 290 3392 ἐπὶ
307 3325 414 3405 Δήλου
429 3327 533 3406 ἔβαινε
548 3328 735 3410 μογοστόκος
750 3330 915 3406 Εἰλείθυια,
1069 3354 1112 3404 ¹15

166 3428 304 3509 ύῆνλτότε
319 3429 356 3509 δή
372 3432 458 3497 τόκος
478 3432 550 3507 εἶλε,
566 3433 746 3510 μενοίνησεν
764 3434 796 3509 δέ
811 3429 960 3495 τεκέσθαι.

164 3515 246 3613 ἀμφὶ
262 3534 296 3595 δὲ
311 3532 425 3613 φοίνικι
441 3531 524 3613 βάλε
537 3530 642 3614 πήχεε,
657 3537 750 3616 γοῦνα
767 3533 792 3596 δ’
808 3533 908 3616 ἔρεισε

199 3699 233 3750 99
248 3683 415 3747 φραδμοσύνης
432 3686 476 3747 Μι
499 3682 655 3750 wamma
672 3701 715 3750 xp,
728 3684 824 3735 emend.
841 3685 997 3737 Baumeister.
1066 3699 1113 3736 110

166 3760 213 3810 άτδ
224 3763 269 3823 M;
286 3760 348 3811 άτέκ
360 3763 435 3815 codd.

590 3843 690 3910 th
