2834 4234
498 385 546 452 13·
569 371 804 432 οανΣΣπιΑΣ
835 372 873 433 N.
1095 383 1159 450 717

210 533 305 615 ὑφόσ’
320 535 488 615 ἀειρόμενοι
502 537 601 618 ῥίμφα
615 536 790 618 πρήσσουσι
805 538 955 612 κέλευθον,

211 639 251 704 θις
266 638 324 718 άρα
340 642 392 716 τῆς
406 639 522 719 πρύμνη
538 643 595 721 μέν
610 643 733 721 ἀείρετο,
750 647 826 722 κῦμα
842 638 867 704 δ’
883 643 994 706 ὄπισθε

210 742 381 824 πορφύρεον
391 742 468 824 μέγα
484 748 536 808 θΰε
551 748 804 826 πολυφλοίσβοιο
819 744 989 824 θαλάσσης.
1126 761 1158 822 85

209 839 228 917 ἡ
245 845 277 906 δέ
291 843 363 924 μάλ’
379 845 544 926 ἀσφαλέως
559 847 628 912 θέεν
643 849 783 927 ἐμπεδον·
814 847 883 913 οὐδέ
898 873 948 911 κεν
963 847 1033 928 ἴρηξ

211 947 309 1027 κίρκος
325 947 531 1030 ὁμαρτήσειεν,
548 952 753 1032 ἐλαφρότατος
765 958 927 1031 πετεηνῶν.

211 1051 250 1116 ὣς
265 1049 284 1127 ἡ
299 1052 396 1133 ῥίμφα
411 1052 524 1117 θέουσα
539 1053 698 1134 θαλάσσης
715 1053 817 1136 κύματ’
832 1056 979 1134 ἐταμνεν,

210 1153 303 1235 ἀνδρα
319 1157 455 1237 φέρουσα
472 1162 552 1224 θεοῖς
568 1160 727 1241 ἐναλίγκια
740 1157 825 1239 μήδε’
841 1161 960 1242 έχοντα,

210 1256 243 1323 ἀς
258 1256 328 1339 πρὶν
342 1262 399 1338 μέυ
412 1261 495 1341 μάλα
509 1262 614 1326 πολλὰ
629 1262 700 1327 πάθ’
715 1264 813 1345 ἀλγεα
828 1262 863 1328 δυ
878 1263 953 1327 κατὰ
968 1268 1061 1342 θυμδν
1127 1291 1160 1340 90

210 1363 326 1443 ἀνδρῶν
340 1389 373 1428 τε
388 1366 556 1445 πτολέμους
572 1366 715 1448 ἀλεγεινά
730 1392 763 1430 τε
779 1368 894 1446 κύματα
909 1369 1028 1448 πείρων,

210 1465 244 1542 δὴ
260 1467 327 1530 τότε
344 1463 372 1549 γ’
387 1469 513 1549 ἀτρέμας
529 1469 606 1547 εὗδε,
620 1470 810 1548 λελασμένος
826 1467 896 1532 ὅσσ’
913 1471 1082 1536 ἐπεπόνθει.

254 1570 323 1635 Εθτ’
339 1573 434 1652 ἀστὴρ
448 1573 599 1657 ὑπερέσχε
615 1575 796 1653 φαάντατος,
813 1577 845 1642 ός
860 1601 893 1640 τε
907 1574 1045 1657 μάλιστα

210 1677 328 1759 ἔρχεται
345 1677 505 1760 ἀγγέλλων
521 1678 599 1759 φάος
615 1678 709 1745 Ἠοῦς
724 1679 903 1762 ἠριγενείης,

209 1783 300 1860 τῆμος
316 1781 351 1859 δὴ
368 1779 450 1867 νήσῳ
466 1784 694 1861 προσεπίλνατο
709 1785 897 1864 ποντοπόρος
912 1787 992 1862 νηῦς.
1126 1811 1157 1862 95

252 1885 405 1965 Φόρκυνος
420 1884 453 1948 δέ
468 1886 512 1952 τίς
530 1887 596 1949 ἐστι
611 1885 712 1965 λιμήν,
728 1888 829 1950 ἀλίοιο
843 1887 993 1968 γέροντος,

209 1987 242 2048 ἐν
257 1984 339 2070 δήμῳ
355 1983 481 2064 Ἰθάκης·
512 1988 564 2050 δύο
580 1990 612 2050 δέ
628 1990 801 2068 προβλῆτες
817 1990 850 2052 ἐυ
867 1987 946 2073 αύτῷ

209 2089 297 2152 ἀκταὶ
314 2090 494 2172 ἀπορρῶγες,
509 2091 632 2171 λιμένος
647 2096 890 2169 ποτιπεπτηυῖαι,

209 2195 242 2255 αἵ
255 2189 281 2254 τ’
296 2191 413 2270 ἀνέμων
428 2195 584 2258 σκεπόωσι
600 2193 740 2274 δυσαήων
754 2195 833 2277 μέγα
849 2201 927 2274 κῦμα

210 2297 341 2361 ἔκτοθεν·
371 2297 514 2362 ἐντοοθέυ
528 2297 562 2363 δέ
577 2298 602 2361 τ’
618 2297 689 2363 ἀνευ
705 2304 830 2378 δεσμοῖο
848 2299 974 2379 μένουσι
1110 2327 1157 2362 100

210 2404 278 2479 νῆες
294 2398 469 2482 ἐύσσελμοι,
486 2399 529 2466 ὅτ’
545 2401 583 2466 δυ
598 2403 691 2485 ὅρμου
705 2404 816 2484 μέτρου
831 2405 963 2468 ἵκωνται.

209 2503 301 2585 αάτάρ
317 2502 366 2569 ἐπὶ
382 2505 487 2586 κρατὸς
501 2505 624 2584 λιμένος
638 2507 831 2588 τανύφυλλος
847 2508 944 2585 ἐλαίη,

210 2609 320 2691 ἀγχόθι
335 2606 360 2673 δ’
375 2610 465 2688 αὐτῆς
480 2609 588 2690 θυτρου
604 2609 751 2692 ἐπήρατον
765 2609 925 2692 ἠεροειδές,

210 2712 274 2792 ἱρὸν
290 2713 435 2793 νυμφάων
449 2712 480 2777 οἳ
496 2713 614 2791 νηϊάδες
631 2715 798 2780 καλέονται.

209 2816 241 2880 ἐν
256 2819 289 2879 δέ
304 2817 446 2899 κρητῆρές
459 2843 494 2881 τε
510 2816 558 2880 καί
573 2819 765 2899 ἀμφιφορῆες
781 2819 850 2882 ἐασι
1110 2844 1157 2893 105

209 2919 318 2983 λάϊνοι·
351 2921 423 2985 ἔνθα
439 2919 464 2985 δ’
480 2922 584 2986 ἔπειτα
599 2923 844 3003 τιθαιβώσσουσι
858 2921 1017 3000 μέλισσαι.

210 3025 241 3087 ἐν
256 3022 281 3087 δ’
299 3027 378 3089 ἱστοὶ
394 3026 491 3089 λίθεοι
505 3025 693 3107 περιμήκεες,
708 3026 780 3090 ἔνθα
794 3051 827 3089 τε
843 3027 957 3107 νύμφαι

208 3127 296 3210 φάρε’
310 3131 491 3210 ὑφαίνουσιν
507 3130 707 3212 ἁλιπόρφυρα,
724 3133 820 3210 θαῦμα
836 3127 961 3194 ίδέσθαι·

210 3235 242 3296 ἐν
258 3232 283 3296 δ’
298 3233 378 3297 ὕδατ’
395 3233 552 3299 ἀενάοντα.
584 3233 641 3296 δύω
658 3233 692 3297 δέ
706 3232 740 3297 τέ
755 3235 784 3296 οδ
800 3233 886 3315 θύραι
901 3233 989 3310 εἰσίν,

210 3339 241 3400 αἱ
256 3339 311 3417 μέυ
325 3339 399 3419 πρὸς
415 3339 528 3420 Βορέαο
544 3339 725 3418 καταιβαταὶ
742 3338 955 3419 ἀνθρώποισιν,
1111 3364 1158 3399 110

210 3443 241 3505 αἱ
257 3441 282 3505 δ’
299 3443 335 3505 αὖ
349 3450 423 3526 πρὸς
440 3445 540 3507 Νότου
556 3439 617 3506 είσὶ
634 3443 786 3522 θεώτεραι·
818 3440 887 3505 οὐδέ
902 3465 930 3503 τι
947 3442 1028 3527 κείνῃ
1048 3435 1050 3440 ’

210 3545 315 3625 ἀνδρες
330 3546 518 3630 ἐσέρχονται,
534 3546 604 3610 ἀλλ’
620 3544 778 3610 ἀθανάτων
793 3546 862 3612 ὁδός
880 3547 974 3608 ἐστιν.

249 3648 335 3714 Ἔνθ’
351 3652 382 3715 οἵ
394 3648 423 3733 γ’
439 3650 604 3715 εἰσέλασαν
619 3651 689 3731 πρὶν
707 3649 828 3716 είδότες.
863 3647 881 3727 ἡ
897 3650 953 3728 μὲν
969 3648 1071 3712 ἐπείτα

209 3757 321 3840 ἠπείρῳ
337 3752 511 3832 ἐπέκελσεν,
528 3755 603 3818 ὅσον
617 3752 642 3818 τ’
658 3755 709 3818 ἐπὶ
723 3753 818 3832 ἥμισυ
832 3752 941 3831 πάσης,
