2758 4228
440 352 490 413 24.
520 337 754 398 οκκνναιλν
783 337 824 396 ο.
1054 341 1119 418 905

167 504 222 584 τὴν
236 530 291 584 μεν
307 505 378 568 ίδδυ
393 502 522 587 γήθησε
526 504 680 570 πολύτλας
695 509 759 570 δῖος
773 501 949 570 Ὀδυσσεύς
1029 515 1031 520 ’

168 609 247 690 αίφο
261 613 294 672 δ
309 610 492 692 Τηλέμαχον
507 607 749 691 προσεφώνεεν
735 633 771 671 ου
786 609 881 688 φίλον
896 609 970 673 υἱόν·
1066 635 1117 683 505

168 712 361 799 “Τηλε’μαχ’,
375 713 440 794 ήδη.
446 715 502 796 μὲν
515 711 627 778 τόδε
599 740 619 794 γ
645 713 741 776 εἴσεαι
757 711 844 777 αύτδς
860 712 1007 788 ἐπελθόν,

168 818 283 900 ἀνδρῶν
296 815 490 899 μαρναμένων
503 818 554 882 ίνα
569 842 603 882 τε
618 818 766 897 κρίνονται
774 816 912 982 ῒάριστοι,
942 889 944 894 Ι
1001 845 1007 860 ν
1050 873 1053 877 .

166 919 208 1000 μή
223 946 252 984 τι
267 922 481 1004 καταισχύνειν
496 919 632 1001 πατέρων
647 918 789 1004 γένος,οῒ
804 945 839 983 το
826 918 948 998 πάρος
964 944 1018 1000 περ
1094 923 1096 926 ’

168 1021 245 1084 ἀλκι
262 1045 280 1083 τ
279 1020 410 1150 ’ἠνορέη
426 1045 459 1084 τε
475 1021 645 1100 κεκάσμεθα
663 1023 766 1082 πᾶσαν
782 1017 876 1082 ἔπ’
842 1015 943 1082 αιαν.”

210 1124 273 1188 Τὸν
289 1123 314 1188 δ’
329 1149 366 1188 ου
350 1124 563 1208 Τηλέμαχος
578 1121 765 1201 πεπνυμένος
781 1097 885 1188 ἀντίον
898 1121 983 1199 ηύδα·
1068 1097 1117 1197 5ιο

168 1229 301 1310 “όφεαι,
314 1229 387 1293 αίκ’
403 1228 566 1314 ἔθελῃσθα,
582 1227 675 1308 πάτερ
691 1227 775 1354 666⁶,
791 1226 858 1311 τῷδ’
874 1227 923 1290 ἐπὶ
940 1226 1023 1310 θαμῷ

169 1333 203 1394 ού
218 1358 247 1395 τι
263 1333 501 1416 καταισχύνοντα
516 1332 586 1397 τεὸν
599 1357 694 1414 γενος,
710 1331 750 1398 ὡς
763 1328 947 1413 .ἀγορεύεις.”
983 1365 989 1392 .-

205 1435 268 1502 Ως
284 1435 374 1520 φάτο,
389 1435 525 1518 Λαερτης
541 1433 566 1499 δ
581 1434 674 1517 ἐχάρη
691 1460 740 1498 και
729 1436 850 1514 μῦθον
865 1434 957 1498 ἔειπε·
1032 1495 1033 1500 ,

168 1541 242 1606 ‘r‘is
258 1539 293 1604 νύ
306 1565 357 1618 μοι
373 1537 464 1667 ἡμέρη
480 1538 541 1618 ἥδε,
559 1536 622 1602 θεοί
638 1539 746 1615 φίλοις
766 1537 785 1617 ή
799 1537 882 1618 μάλα
896 1537 1001 1620 χαίρω·

168 1643 232 1710 υἱός
249 1642 276 1706 θ’
291 1644 398 1709 υἱωνός
413 1642 439 1706 τ’
453 1643 559 1724 ἀρετῆς
575 1643 642 1724 πέρι
651 1646 742 1723 δῆριν
757 1638 894 1726 ἔχουσι.”
1070 1665 1118 1714 515

210 1751 274 1810 Τδν
288 1750 320 1811 δὲ
337 1746 541 1828 παρισταμένη
557 1746 699 1828 προσέφη
716 1753 892 1826 γλαυκῶπις
907 1741 1030 1823 Ἀθήνη·
1120 1799 1123 1802 .

169 1847 220 1912 “6
235 1850 438 1932 Ἀρκεισιάδη,
455 1849 575 1914 πάντων
590 1849 668 1912 πολὺ
684 1849 806 1929 φίλταθ’
824 1851 958 1929 ἑταίρων,

169 1952 330 2033 εύξόμενος
346 1954 434 2040 κούρῃ
449 1953 636 2035 γλαυκώπιδι
653 1952 702 2016 καὶ
718 1949 770 2014 Διί
786 1952 883 2032 πατρί,

169 2058 249 2138 αἶψα
263 2056 335 2137 μάλ’
350 2056 538 2138 ἀμπεπαλὼν
553 2053 650 2136 προίει
666 2056 863 2136 δολιχόσκιον
878 2051 998 2138 ἔγχος.”

206 2159 270 2226 Ὣς
285 2159 375 2242 φάτο,
386 2160 438 2223 καί
449 2159 481 2242 ῥ’
497 2159 647 2239 ἔμπνευσε
662 2157 751 2240 μένος
763 2159 840 2240 μέγα
853 2156 984 2224 Παλλὰς
994 2155 1119 2236 Ἀθήνη.

170 2262 330 2343 εὐξάμενος
347 2264 372 2327 δ’
388 2260 433 2344 ἀρ’
449 2264 552 2327 ἔπειτα
570 2268 643 2330 Διδς
659 2263 750 2348 κούρῃ
765 2261 921 2344 μεγάλοιο,
1072 2287 1116 2334 521

170 2368 249 2449 αἶφα
266 2367 338 2448 μόλ’
354 2366 540 2447 ἀμπεπαλὼν
555 2365 652 2448 προίει
669 2367 863 2450 δολιχόσκιον
878 2367 979 2449 ἔγχος,

170 2472 219 2534 καὶ
233 2470 333 2551 βάλεν
349 2470 498 2535 Εὐπείθεα
514 2472 636 2551 κόρυθος
652 2473 701 2534 διὰ
716 2467 941 2556 χαλκοπαρῄου.

169 2572 187 2650 ἡ
204 2571 231 2636 δ’
245 2573 296 2636 ούκ
312 2574 404 2655 ἔγχος
420 2573 515 2652 ἔρυτο,
531 2578 638 2653 διαπρὸ
654 2577 686 2636 δὲ
703 2573 806 2636 εἵσατο
822 2574 946 2654 χαλκός·

170 2675 368 2755 δούπησενδέ
384 2677 495 2752 πεσόν,
516 2676 655 2758 ἀράβησε
670 2680 703 2740 δὲ
717 2674 814 2760 τεύχε’
830 2676 877 2740 ἔπ’
892 2677 981 2760 αύτῷ.
1070 2704 1118 2752 525

171 2783 203 2845 έν
219 2779 245 2844 δ’
260 2782 372 2845 ἔπεσον
388 2781 556 2864 προμάχοις
570 2779 718 2847 Ὀδυσεὺς
733 2782 782 2845 καὶ
797 2783 941 2862 φαίδιμος
955 2781 1027 2858 αἱός,

170 2886 282 2950 τύπτον
298 2886 329 2950 δὲ
349 2885 472 2965 ξίφεσίν
487 2909 520 2948 τε
535 2886 584 2948 καὶ
600 2886 725 2968 ἔγχεσιν
740 2885 930 2968 ἀμφιγύοισι.

171 2990 221 3052 καί
236 2989 270 3052 νύ
286 3013 318 3052 κε
336 2988 371 3067 δὴ
388 2987 500 3054 πάντας
516 2990 631 3052 ὄλεσαν
646 2986 694 3051 καὶ
711 2989 821 3066 ἔθηκαν
836 2989 990 3064 ἀνόστους,

172 3095 199 3156 εί
214 3093 253 3171 μή
270 3092 424 3170 Ἀθηναίη,
442 3092 530 3173 κούρη
548 3092 622 3158 Διὸς
639 3093 801 3175 αἰγιόχοιο,

171 3195 264 3274 ἤϋσεν
281 3197 377 3282 φωνῇ,
393 3198 467 3259 κατὰ
483 3193 507 3258 δ’
523 3195 633 3277 ἔσχεθε
651 3195 728 3260 λαὸν
743 3197 869 3260 ἅπαντα·
1071 3222 1120 3271 530

171 3309 188 3336 “
199 3303 328 3385 ίσχεσθε
344 3299 506 3379 πτολέμου,
522 3299 698 3378 Ἰθακήσιοι,
715 3299 886 3381 ἀργαλέοιο,

172 3406 212 3472 ὥς
229 3430 279 3468 κεν
296 3405 442 3486 ἀναιμωτί
457 3431 492 3487 γε
507 3407 695 3486 διακρινθῆτε
711 3401 870 3487 τάχιστα.”

209 3507 273 3573 Ὣς
288 3507 357 3588 φάτ’
375 3507 529 3586 Ἀθηναίη,
546 3507 614 3572 τοὺς
630 3508 662 3570 δὲ
677 3507 799 3590 χλωρδν
814 3505 880 3573 δέος
896 3509 970 3572 εἷλε·

173 3598 232 3675 τῶν
248 3608 273 3673 δ’
289 3611 346 3692 άρα
362 3613 526 3675 δεισάντων
541 3614 574 3674 ἔκ
590 3615 702 3693 χειρῶν
717 3611 827 3674 ἔπτατο
842 3611 959 3694 τεύχεα,

174 3713 273 3780 πάντα
288 3711 313 3779 δ’
328 3715 378 3779 ἐπὶ
393 3717 482 3798 χθονὶ
498 3721 597 3792 πῖπτε,
614 3718 684 3780 θεᾶς
700 3715 760 3778 ὄπα
775 3714 971 3796 φωνησάσης·

593 3832 692 3902 θὲθ
