2758 4228
261 316 323 378 888
543 333 593 400 23.
623 317 858 380 0888888888
887 317 924 376 81.

303 487 345 550 ‘H
361 485 387 551 δ’
402 488 465 552 αὕτ’
481 488 552 552 ἀλλ’
569 488 678 566 ἐνόησε
695 489 748 550 θεὰ
763 493 936 569 γλαυκῶπις
951 483 1074 564 Ἀθήνη·

260 592 376 655 ὁππότε
392 591 427 670 δή
442 590 473 674 ῥ’
488 592 624 670 Ὀδυσῆα
639 590 767 656 ἐέλπετο
780 589 815 656 δν
831 589 905 653 κατὰ
920 593 1013 666 θυμὸν
1156 615 1208 665 345

259 695 345 774 εὐνῆς
361 695 396 774 ῆς
412 696 528 778 ἀλόχου
542 695 728 776 ταρπήμεναι
743 695 796 774 ἠδὲ
811 691 859 757 καὶ
875 695 978 770 ὕπνου,

259 796 354 862 αὐτίκ’
366 799 416 862 ἀπ’
433 798 581 864 Ὠκεανοῦ
596 800 806 881 χρυσόθρονον
820 797 989 880 ἠριγένειαν

259 899 365 984 ὦρσεν,
383 903 419 965 ἵν’
437 903 623 983 ἀνθρώποισι
639 904 724 984 φόως
739 903 836 984 φέροι·
861 899 938 982 ῶρτο
953 899 979 965 δ’
995 898 1164 966 Ὀδυσσεὺς

260 1005 345 1082 εὐνῆς
361 1008 394 1068 ἐκ
409 1009 557 1085 μαλακῆς,
574 1007 678 1091 ἀλόχῳ
695 1003 720 1069 δ’
736 1004 785 1069 ἐπὶ
799 1008 894 1083 μῦθον
909 1006 1046 1070 ἔτελλεν·

257 1107 311 1171 “ῶ
328 1109 424 1192 γύναι,
440 1108 495 1190 ήδη
511 1113 566 1190 μὲν
581 1109 699 1173 πολέων
716 1108 888 1191 κεκορήμεθ’
904 1108 1023 1173 ἀέθλων
1157 1133 1208 1182 350

258 1213 427 1294 ἀμφοτέρω,
445 1213 483 1274 σὺ
498 1216 553 1292 μὲν
570 1212 668 1276 ἐνθάδ’
685 1214 757 1292 ἐμὸν
772 1210 941 1290 πολυκηδέα
957 1213 1068 1275 νόστον

259 1317 409 1380 κλαίουσ’·
433 1315 524 1397 αὐτὰρ
540 1319 592 1396 ἐμὲ
608 1316 683 1382 Ζεὺς
700 1316 810 1398 ἄλγεσι
827 1314 875 1378 καί
891 1316 955 1379 θεοὶ
970 1315 1062 1378 ἀλλοι

260 1418 376 1497 ἱέμενον
393 1419 567 1484 πεδάασκον
582 1423 654 1500 ἐμῆς
670 1420 729 1484 ἀπὸ
746 1420 885 1501 πατρίδος
905 1420 980 1497 αίης.

259 1505 311 1586 νῦν
327 1523 351 1587 δ’
368 1520 434 1587 ἐπεὶ
449 1523 610 1604 ἀμφοτέρω
626 1522 817 1603 πολυήρατον
834 1522 947 1603 ἱκόμεθ’
965 1521 1061 1602 εὐνήν,

261 1625 393 1706 κτήματα
408 1628 464 1705 μὲν
479 1626 516 1690 τό
530 1629 582 1705 μοί
598 1629 664 1690 ἐστι
681 1626 838 1706 κομιζέμεν
854 1629 887 1690 ἐν
899 1625 1068 1707 μεγάροισι,
1176 1685 1201 1700 ,,

258 1731 340 1811 μῆλα
355 1731 380 1794 δ’
397 1730 416 1793 ἀ
430 1754 481 1807 μοι
497 1734 666 1813 μνηστῆρες
681 1733 868 1811 ὑπερφίαλοι
886 1732 1066 1812 κατέκειραν,

259 1834 361 1898 πολλὰ
376 1838 433 1912 μὲν
448 1835 536 1899 αὐτὸς
552 1837 610 1918 ἐγὼ
627 1834 803 1914 ληΐσσομαι,
819 1835 902 1898 ἄλλα
917 1834 941 1898 δ’
957 1830 1076 1916 Ἀχαιοὶ

259 1939 399 2012 δόσουσ’,
417 1941 459 2005 εἰς
476 1940 494 2002 ὅ
510 1965 541 2002 κε
557 1939 671 2005 πάντας
686 1936 895 2017 ἐνιπλήσωσιν
910 1939 1068 2004 ἐπαύλους.
1143 1987 1145 1992 .

259 2039 330 2104 ἀλλ’
345 2041 363 2121 ἦ
378 2068 425 2106 τοι
440 2045 495 2122 μὲν
512 2045 570 2124 ἐγὼ
587 2042 802 2123 πολυδένδρεον
818 2042 910 2125 ἀγρὸν
926 2042 1034 2120 ἔπειμι,
1055 2024 1059 2032 v

258 2146 410 2226 ὀψόμενος
426 2146 528 2228 πατέρ’
544 2147 668 2225 ἐσθλόν,
684 2145 702 2206 ὅ
715 2172 767 2226 μοι
786 2153 917 2212 πυκινῶς
932 2145 1090 2228 ἀκάχηται·

178 2323 179 2328 ¹
259 2251 309 2313 σοὶ
325 2251 366 2325 δέ,
381 2249 480 2331 γύναι,
498 2249 562 2314 τάδ’
578 2250 727 2314 ἐπιτέλλω
743 2252 850 2336 πινυτῇ
866 2275 922 2330 περ
941 2250 1043 2335 ἐούσῃ·

263 2355 367 2418 αὐτίκα
382 2353 439 2437 γὰρ
456 2353 546 2433 φάτις
562 2355 641 2417 εἶσιν
658 2354 707 2434 ἀμ’
723 2354 815 2439 ἠελίῳ
832 2355 947 2417 ἀνιόντι

260 2458 375 2537 ἀνδρῶν
389 2456 578 2538 μνηστήρων,
594 2456 644 2524 οθς
660 2459 785 2523 ἔκτανον
802 2461 834 2522 ἐν
849 2456 1037 2539 μεγάροισιν·

260 2562 302 2625 είς
317 2561 425 2645 ὑπερῷ’
443 2562 587 2641 ἀναβᾶσα
604 2561 659 2624 σὺν
676 2562 881 2643 ἀμφιπόλοισι
897 2559 1034 2644 γυναιξὶν

259 2664 362 2743 ῆσθαι,
378 2663 453 2744 μηδέ
469 2689 536 2728 τινα
551 2666 735 2746 προτιόσσεο
753 2664 820 2744 μηδ’
836 2664 974 2745 ἐρέεινε.”

298 2767 342 2830 Ἦ
357 2770 395 2852 ῥα
412 2769 461 2832 καὶ
477 2767 551 2848 ἄμφ’
567 2769 695 2847 ὤμοισιν
711 2769 833 2834 ἐδύσετο
849 2770 957 2853 τεύχεα
973 2767 1061 2845 καλά,

260 2870 339 2955 ῶρσε
356 2875 388 2935 δέ
403 2871 584 2956 Τηλέμαχον
601 2874 650 2937 καὶ
665 2874 820 2953 βουκόλον
835 2873 888 2951 ἠδὲ
903 2874 1056 2952 συβώτην,

259 2977 374 3041 πάντας
390 2976 416 3039 δ’
432 2975 507 3040 ἔντε’
524 2975 640 3058 ἄνωγεν
655 2973 745 3058 ἀρήϊα
759 2978 867 3058 χερσὶν
884 2975 1017 3041 ἑλέσθαι.

260 3080 288 3140 οἱ
304 3077 336 3141 δέ
350 3082 378 3143 οἱ
394 3080 446 3143 οὐκ
461 3081 623 3157 ἀπίθησαν,
640 3078 850 3161 ἐθωρήσσοντο
869 3083 901 3144 δὲ
916 3080 1032 3165 χαλκῷ,

260 3180 352 3259 ὤϊξαν
368 3185 400 3246 δὲ
416 3184 514 3266 θύρας,
530 3186 563 3246 ἐκ
579 3182 605 3247 δ’
620 3181 695 3262 ἤϊον·
718 3182 793 3265 ῆρχε
809 3185 834 3248 δ’
848 3182 1024 3250 Ὀδυσσεύς.

259 3282 315 3364 ἤδη
330 3288 384 3362 μὲν
400 3288 479 3368 φάος
495 3286 548 3366 ῆευ
565 3288 614 3351 ἐπὶ
629 3288 736 3370 χθόνα,
754 3286 821 3355 τοὺς
836 3287 861 3352 δ’
878 3286 924 3370 ἀρ’
940 3286 1053 3367 Ἀθήνη

261 3387 340 3455 νυκτὶ
357 3392 574 3472 κατακρύψασα
590 3395 667 3456 θοῶς
683 3388 775 3474 ἐξῆγε
789 3393 916 3472 πόληος.
