2788 4230
496 347 546 411 19.
569 332 803 392 οκυυυαιιν
833 333 869 392 T.
1091 327 1153 408 819

207 497 313 565 νύκτας
328 498 353 563 δ’
370 499 550 578 ἀλλύεσκον,
565 501 630 564 ἐπεὶ
645 499 749 566 δαΐδας
764 501 959 582 παραθείμην.
992 543 995 548 -
1106 523 1153 574 150

207 604 246 670 ὣς
263 604 375 685 τρίετες
389 606 445 682 μὲν
460 605 572 683 ἔληθον
588 605 646 686 ἐγὼ
663 601 710 668 καὶ
726 604 848 668 ἔπειθον
860 599 1013 686 Ἀχαιούς·

206 705 276 770 ἀλλ’
292 708 342 772 ὅτε
356 707 496 789 τέτρατον
512 707 605 787 ήλθεν
620 709 687 774 ἔτος
703 704 751 770 καὶ
767 705 916 786 ἐπήλυθον
931 709 1014 787 ὧραι,

208 805 325 895 [μηνῶν
341 811 519 891 φθινόντων,
537 808 605 891 περὶ
621 807 646 874 δ’
659 810 759 890 ἤματα
774 807 866 873 πόλλ’
884 804 1055 896 ἐτελέσθη]

207 913 255 975 καὶ
271 913 339 976 τότε
354 911 390 992 δή
405 938 444 992 με
458 916 507 976 διδ
523 914 630 998 δμῳάς,
646 913 735 979 κύνας
753 912 805 976 οάκ
822 910 1001 994 ἀλεγούσας,

206 1016 291 1078 εἶλον
306 1017 485 1083 ἐπελθόντες
501 1015 549 1081 καὶ
566 1017 742 1097 ὁμόκλησαν
757 1016 909 1079 ἐπέεσσιν.
1049 1015 1051 1022 ἀ
1105 1041 1152 1090 1⁵5

206 1119 246 1184 ὣς
261 1119 364 1198 τὸμὲν
380 1118 574 1198 ἐξετέλεσσα,
591 1119 641 1183 καὶ
656 1119 707 1183 οάκ
724 1117 874 1196 ἐθέλουσ’,
889 1117 938 1181 ὑπ’
955 1117 1094 1199 ἀνάγκης·

206 1226 259 1287 νῦν
273 1221 299 1286 δ’
316 1223 375 1286 οὔτ’
391 1222 550 1305 ἐκφυγέειν
566 1225 691 1304 δύναμαι
708 1223 804 1303 γάμον
820 1223 889 1286 οὕτε
902 1220 958 1286 τιν’
975 1220 1075 1300 άλλην

205 1329 293 1406 μῆτιν
310 1325 352 1390 ἔθ’
369 1329 504 1408 εὑρίσκω·
536 1327 619 1408 μάλα
634 1323 658 1391 δ’
674 1327 831 1407 ὀτρύνουσι
846 1327 952 1403 τοκῆες

204 1429 346 1512 γήμασθ’,
361 1430 506 1515 ἀσχαλάᾳ
521 1434 554 1495 δέ
568 1432 639 1497 πάϊς
654 1432 760 1510 βίοτον
775 1431 968 1508 κατεδόντων,

205 1537 391 1616 γιγνώσκων·
417 1534 474 1614 ήδη
490 1533 548 1617 γάρ
563 1534 636 1616 ἀνὴρ
651 1536 716 1600 οἶός
732 1558 764 1598 τε
779 1532 915 1615 μάλιστα
1106 1544 1153 1594 1⁶0

206 1638 288 1701 οίκου
304 1636 457 1717 κήδεσθαι,
474 1641 515 1724 τῷ
531 1663 564 1702 τε
580 1638 655 1704 Ζεὺς
670 1642 757 1704 κῦδος
772 1637 886 1716 ὀπάζει.

205 1740 287 1803 ἀλλά
303 1737 351 1804 καὶ
367 1743 407 1808 ὥς
422 1766 475 1820 μοι
491 1744 557 1806 εἰπὲ
572 1739 642 1805 τεάν
656 1742 755 1823 γένος,
774 1742 908 1804 ὁππόθεν
923 1739 1008 1803 ἐσσί·

205 1843 239 1908 οά
254 1843 312 1926 γάρ
328 1847 387 1908 ἀπὸ
403 1847 489 1926 δρυός
505 1848 576 1908 ἐσσι
591 1843 787 1926 παλαιφάτου
804 1843 862 1908 οὐδ’
879 1845 939 1907 ἀπὸ
955 1840 1092 1923 πέτρης.”

247 1947 313 2025 Τὴν
328 1945 354 2012 δ’
369 1949 611 2027 ἀπαμειβόμενος
627 1948 767 2029 προσέφη
783 1946 949 2028 πολύμητις
961 1945 1140 2012 Ὀδυσσεύς·

206 2047 258 2112 “άί
274 2050 361 2132 γύναι
376 2053 474 2129 αἰδοίη
491 2050 679 2132 Λαερτιάδεω
696 2051 855 2129 Ὀδυσῆος,
1107 2061 1153 2126 1⁶5

205 2152 300 2216 οὐκέτ’
316 2153 501 2234 ἀπολλήξεις
516 2155 569 2220 τάν
585 2156 656 2234 ἐμὸν
672 2154 763 2237 γόνον
779 2154 938 2234 ἐξερέουσα
946 2178 958 2227 ,·

205 2255 275 2320 ἀλλ’
292 2257 324 2321 ἔκ
337 2283 383 2322 τοι
399 2259 480 2339 ἐρέω·
513 2257 532 2337 ή
547 2259 602 2338 μέν
614 2257 645 2338 μ’
662 2258 793 2340 ἀχέεσσί
806 2284 842 2340 γε
858 2256 967 2322 δύσεις

205 2361 345 2425 πλείοσιν
358 2358 377 2441 ή
394 2362 510 2446 ἔχομαι·
539 2362 628 2445 ήγδρ
644 2363 720 2440 δίκη,
737 2361 852 2425 ὁππότε
867 2358 981 2442 πάτρης

204 2464 239 2542 ῆς
255 2463 386 2551 ἀπέῃσιν
400 2467 475 2546 ἀνὴρ
489 2466 603 2532 τόσσον
617 2466 729 2549 χρόνον
744 2465 841 2528 άσσον
856 2465 915 2546 ἐγὼ
932 2468 993 2539 νῦν,

204 2571 306 2630 πολλὰ
321 2574 442 2649 βροτῶν
457 2566 507 2633 ἐπὶ
516 2554 607 2634 ’ἀστέ
622 2569 784 2650 ἁλάμενος,
800 2568 896 2650 ἄλγεα
911 2565 1050 2650 πάσχων.
1107 2591 1154 2644 170

204 2669 285 2733 ἀλλά
301 2669 400 2737 καλάς
415 2669 489 2752 ἐρέω
504 2672 521 2732 ἀ
534 2669 564 2749 μ’
577 2672 707 2752 ἀνείρεαι
722 2670 775 2749 ἠδὲ
790 2671 952 2754 μεταλλᾷς.

205 2772 304 2854 Κρήτη
320 2800 367 2840 τις
381 2774 441 2857 γαῖ’
458 2776 534 2849 ἔστι,
550 2776 634 2859 μέσῳ
652 2776 695 2838 ἐνὶ
711 2774 810 2838 οἴνοπι
827 2774 937 2858 πόντῳ,

204 2877 281 2958 καλή
298 2875 346 2941 καὶ
362 2879 473 2959 πίειρα,
489 2880 670 2960 περίρρυτος·
694 2880 727 2941 ἐν
742 2876 768 2941 δ’
785 2877 936 2959 άνθρωποι

203 2983 324 3060 πολλοί,
341 2982 518 3064 ἀπειρέσιοι,
536 2979 583 3046 καὶ
600 2980 763 3061 ἐννήκοντα
778 2981 901 3059 πόληες·

203 3083 283 3162 άλλη
297 3084 322 3148 δ’
337 3085 441 3150 ἀλλων
456 3091 585 3168 γλῶσσα
599 3083 772 3168 μεμιγμένη·
797 3085 829 3148 ἐν
842 3088 899 3161 μὲν
914 3079 1044 3166 Ἀχαιοί,
1108 3107 1153 3162 ιη5

204 3189 237 3250 ἐν
252 3186 277 3252 δ’
293 3186 486 3270 Ἐτεόκρητες
504 3187 720 3270 μεγαλήτορες,
736 3190 769 3251 ἔν
785 3192 817 3253 δέ
833 3189 980 3260 Κύδωνες.

205 3289 334 3372 Δωριέες
350 3317 381 3356 τε
397 3292 549 3376 τριχάϊκες
564 3293 626 3356 δῖοί
639 3317 671 3355 τε
688 3291 859 3374 Πελασγοί·

202 3397 273 3480 τῇσι
289 3395 314 3458 δ’
330 3394 374 3460 ἐνὶ
390 3397 523 3475 Κνωσός,
539 3394 658 3478 μεγάλη
675 3395 775 3474 πόλις,
791 3396 862 3459 ἔνθα
877 3419 910 3459 τε
927 3395 1032 3461 Μίνως

203 3497 347 3579 ἐννέωρος
361 3502 512 3580 βασίλευε
529 3505 604 3565 Διὸς
619 3500 754 3581 μεγάλου
771 3497 922 3580 ὀαριστής,

203 3601 314 3684 πατρὸς
330 3603 413 3680 ἐμοῖο
428 3602 534 3684 πατήρ,
550 3602 722 3685 μεγαθύμου
738 3603 957 3669 Δευκαλίωνος.
1107 3614 1154 3661 180

204 3706 379 3771 Δευκαλίων
395 3705 420 3769 δ’
436 3707 487 3786 ἐμὲ
501 3708 583 3772 τίκτε
599 3707 648 3770 καὶ
663 3703 818 3786 Ἰδομενῆα
833 3705 955 3771 ἄνακτα·
