2792 4232
496 387 542 455 ¹7·
568 377 737 436 ιΛιΑΔοΣ
762 379 793 436 ν.

166 545 198 610 ὅς
213 569 259 607 τοι
275 543 365 608 πόλλ’
383 545 497 625 ὄφελος
509 543 624 626 γένετο,
642 543 751 609 πτόλεί
765 569 798 609 τε
815 546 863 610 καὶ
878 546 965 631 αὐτῷ,

167 647 238 724 ζωὸς
254 648 320 711 ἐάν·
344 653 396 712 νῦν
412 649 436 710 δ’
457 648 491 710 ού
508 651 537 711 οἱ
554 647 759 728 ἀλαλκέμεναι
774 649 863 714 κύνας
879 650 977 730 έτλης.

165 753 204 835 τῷ
225 757 276 814 νῦν
300 754 328 816 εἴ
342 776 387 818 τις
403 749 469 830 ἐμοὶ
484 752 603 815 Λυκίων
619 754 809 816 ἐπιπείσεται
826 753 940 833 ἀνδρῶν

166 854 257 918 οἴκαδ’
273 858 349 935 ίμεν,
368 857 462 942 Τροίῃ
481 857 514 919 δέ
529 853 701 936 πεφήσεται
717 856 804 922 αίπδς
820 857 953 936 ὄλεθρος.
1064 884 1110 932 155

166 960 192 1021 εί
206 961 263 1041 γάρ
280 964 332 1024 νῦν
347 959 490 1040 Τράεσσι
504 957 595 1038 μένος
610 960 801 1040 πολυθαρσὲς
817 961 879 1024 ἐνεί
899 1010 906 1036 ,

165 1062 303 1143 ἄτρομον,
320 1063 386 1126 οἶόν
401 1063 425 1124 τ’
443 1063 553 1145 ἄνδρας
568 1062 728 1145 ἐσέρχεται
743 1063 771 1126 οἳ
787 1062 854 1146 περί
870 1062 983 1145 πάτρης

164 1164 292 1246 ἀνδράσι
308 1165 510 1246 δυσμενέεσσι
531 1170 625 1231 πόνον
641 1167 689 1230 καὶ
705 1171 790 1250 δῆριν
806 1167 916 1246 ἔθεντο,

165 1267 244 1351 αἶψά
259 1296 292 1332 κε
308 1269 487 1350 Πάτροκλον
504 1271 687 1352 ἐρυσαίμεθα
699 1271 797 1335 Ἴλιον
812 1273 895 1334 είσω.

166 1373 191 1435 εἰ
207 1372 231 1436 δ’
248 1373 333 1438 οὗτος
349 1373 434 1454 προτὶ
451 1374 528 1436 άστυ
543 1373 622 1456 μέγα
636 1373 784 1455 Πριάμοιο
800 1373 927 1440 ἄνακτος
1066 1387 1112 1436 160

166 1479 250 1541 ἔλθοι
265 1475 395 1557 τεθνηὼς
410 1480 461 1542 καί
474 1505 527 1558 μιν
545 1481 728 1560 ἐρυσαίμεθα
742 1477 867 1561 χάρμης,

167 1581 243 1664 αἶψά
259 1609 310 1647 κεν
334 1581 466 1665 Ἀργεῖοι
485 1584 679 1664 Σαρπηδόνος
694 1582 781 1647 έντεα
797 1585 875 1645 καλά

165 1687 300 1760 λύσειαν,
321 1688 371 1750 καί
386 1687 410 1750 κ’
428 1688 519 1750 αὐτὸν
534 1687 681 1768 ἀγοίμεθα
694 1685 792 1752 Ἴλιον
813 1689 896 1750 εἷσον

166 1792 247 1854 τοίου
262 1795 319 1873 γὰρ
335 1790 475 1873 θεράπων
490 1787 601 1872 πέφατ’
618 1789 733 1873 ἀνέρος,
750 1790 783 1857 δς
797 1789 864 1873 μέγ’
881 1789 1005 1873 ἀριστος

165 1890 309 1975 Ἀργείων
324 1897 405 1976 παρὰ
425 1896 513 1974 νηυσὶ
531 1896 580 1958 καὶ
597 1893 768 1976 ἀγχέμαχοι
783 1893 974 1976 θεράποντες.
1066 1907 1111 1968 165

167 1998 246 2060 ἀλλά
262 1997 341 2079 σύγ’
361 2001 488 2064 Αἴαντος
504 1996 712 2080 μεγαλήτορος
728 1999 779 2061 οὐκ
796 1996 972 2063 ἐτάλασσας

167 2099 310 2179 στήμεναι
327 2101 401 2164 άντα
418 2101 480 2165 κατ’
496 2101 575 2164 όσσε
593 2102 663 2164 ίδδν
686 2100 778 2180 δηΐων
795 2102 828 2163 ἐν
843 2102 929 2186 ἀϋτῇ,

167 2201 226 2267 οὐδ’
242 2203 306 2270 ίθὺς
320 2204 525 2286 μαχέσασθαι,
543 2199 609 2268 ἐπεὶ
625 2203 680 2268 σέο
696 2203 841 2286 φέρτερός
857 2201 954 2267 ἐστι.”

207 2308 269 2370 Τὸν
284 2308 309 2370 δ’
326 2305 373 2389 ἄρ’
387 2308 502 2388 ὑπόδρα
518 2309 588 2371 ἰδὼν
605 2307 746 2389 προσέφη
764 2307 959 2390 κορυθαίολος
971 2303 1097 2386 Ἕκτωρ·

168 2417 185 2444 “
195 2415 320 2487 Γλαῦκε,
336 2412 383 2490 τίη
400 2411 433 2475 δέ
449 2411 487 2474 οὺ
505 2416 586 2477 τοῖος
603 2413 661 2474 ἐὼν
674 2412 849 2493 ὑπέροπλον
864 2412 962 2477 έειπες
971 2437 981 2484 ;
1067 2432 1112 2483 170

167 2512 188 2575 ὢ
204 2515 307 2590 πόποι,
325 2514 343 2594 ἦ
358 2515 383 2577 τ’
399 2513 519 2596 ἐφάμην
536 2519 573 2581 σέ
589 2515 657 2595 περὶ
672 2515 785 2596 φρένας
801 2516 926 2594 ἔμμεναι
942 2515 1055 2591 ἀλλων,

166 2623 224 2682 τῶν
239 2619 331 2681 ὅσσοι
346 2621 459 2698 Λυκίην
478 2621 653 2700 ἐριβώλακα
670 2619 853 2684 ναιετάουσι·

166 2727 217 2785 νῦν
231 2722 266 2785 δέ
281 2747 336 2786 σευ
352 2722 513 2802 ὠνοσάμην
528 2723 631 2805 πάγχυ
646 2722 767 2804 φρένας,
783 2725 849 2787 οίον
864 2723 971 2794 ἔειπες,

167 2826 198 2891 ὅς
213 2824 246 2888 τέ
259 2853 298 2906 με
313 2824 374 2912 φῂς
390 2829 504 2891 Αἴαντα
519 2827 670 2907 πελώριον
687 2827 742 2908 οὐχ
757 2829 924 2907 ὑπομεῖναι.

167 2929 199 2990 οὔ
214 2955 260 2992 τοι
276 2930 355 3011 ἐγὼν
371 2932 473 3012 ἔρριγα
490 2928 592 3010 μάχην
608 2929 676 2994 οὐδὲ
696 2931 807 2993 κτύπον
821 2932 930 2994 ίππων·
1066 2952 1110 3004 ¹75

167 3033 234 3094 ἀλλ’
252 3034 314 3096 αἰεί
327 3058 360 3095 τε
376 3032 451 3098 Διὸς
466 3034 618 3114 κρείσσων
634 3034 702 3099 νόος
718 3034 880 3116 αἰγιόχοιο,

166 3136 197 3202 ὅς
212 3161 244 3199 τε
260 3138 310 3200 καὶ
326 3136 455 3215 ἀλκιμον
471 3137 565 3219 ἀνδρα
581 3141 677 3217 φοβεῖ
693 3138 741 3200 καὶ
757 3138 902 3217 ἀφείλετο
919 3138 1004 3211 νίκην

164 3240 291 3318 ῥηϊδίως,
308 3241 359 3302 ὁτὲ
374 3238 398 3302 δ’
416 3237 504 3306 αὐτὸς
520 3241 675 3322 ἐποτρύνει
689 3239 895 3323 μαχέσασθαι.

166 3343 232 3405 ἀλλ’
248 3343 305 3425 άγε
321 3348 417 3425 δεΰρο,
434 3344 541 3418 πέπον,
557 3341 625 3426 παρ’
643 3343 687 3422 ἔμ’
704 3346 816 3407 ίστασο
833 3343 882 3406 καὶ
897 3346 942 3407 ’ίδε
960 3343 1056 3423 ἔργον,

165 3444 197 3522 ἠὲ
215 3445 398 3527 πανημέριος
414 3447 502 3513 κακὸς
518 3448 658 3526 ἔσσομαι,
681 3444 720 3508 ὡς
743 3443 904 3526 ἀγορεύεις,
1065 3461 1111 3506 180

165 3547 182 3627 ή
196 3575 263 3614 τινα
280 3551 330 3614 καὶ
347 3557 476 3614 Δαναῶν
494 3553 588 3629 ἀλκῆς
602 3549 685 3630 μάλα
701 3573 756 3629 περ
770 3556 912 3628 μεμαῶτα

165 3653 271 3736 σχήσω
289 3655 469 3735 ἀμυνέμεναι
485 3656 553 3736 περὶ
569 3654 762 3734 Πατρόκλοιο
778 3653 949 3719 θανόντος.”

198 3757 261 3826 Ὣς
281 3761 375 3824 είπὼν
389 3760 550 3841 Τρώεσσιν
566 3758 706 3822 ἐκέκλετο
721 3757 835 3838 μακρὸν
850 3757 953 3824 ἀΰσας
