<?xml version="1.0" encoding="UTF-8"?>
<!DOCTYPE html PUBLIC "-//W3C//DTD XHTML 1.0 Transitional//EN"
    "http://www.w3.org/TR/xhtml1/DTD/xhtml1-transitional.dtd">
<html xmlns="http://www.w3.org/1999/xhtml" xml:lang="en" lang="en">
 <head>
  <title>
</title>
<meta http-equiv="Content-Type" content="text/html;charset=utf-8" />
  <meta name='ocr-system' content='tesseract 3.04.00' />
  <meta name='ocr-capabilities' content='ocr_page ocr_carea ocr_par ocr_line ocrx_word'/>
</head>
<body>
  <div class='ocr_page' id='page_1' title='image "./homerioperaetre00homegoog_0147.png"; bbox 0 0 2728 4230; ppageno 0'>
   <div class='ocr_carea' id='block_1_1' title="bbox 470 349 760 428">
    <p class='ocr_par' dir='ltr' id='par_1_1' title="bbox 470 349 760 428">
     <span class='ocr_line' id='line_1_1' title="bbox 470 349 760 428; baseline 0.003 -20"><span class='ocrx_word' id='word_1_1' title='bbox 470 349 694 428; x_wconf 74' lang='lat' dir='ltr'>7.1A1AA02</span> <span class='ocrx_word' id='word_1_2' title='bbox 720 352 760 410; x_wconf 68' lang='grc' dir='ltr'>ιι.ι</span> 
     </span>
    </p>
   </div>
   <div class='ocr_carea' id='block_1_2' title="bbox 141 513 826 597">
    <p class='ocr_par' dir='ltr' id='par_1_2' title="bbox 141 513 826 597">
     <span class='ocr_line' id='line_1_2' title="bbox 141 513 826 597; baseline 0.001 -16"><span class='ocrx_word' id='word_1_3' title='bbox 141 517 189 597; x_wconf 74' lang='grc' dir='ltr'>νηὶ</span> <span class='ocrx_word' id='word_1_4' title='bbox 202 513 383 595; x_wconf 82' lang='grc' dir='ltr'>παλυκλήῖδι</span> <span class='ocrx_word' id='word_1_5' title='bbox 400 513 502 581; x_wconf 80' lang='grc' dir='ltr'>πλέων</span> <span class='ocrx_word' id='word_1_6' title='bbox 517 517 567 582; x_wconf 81' lang='grc' dir='ltr'>ἐπὶ</span> <span class='ocrx_word' id='word_1_7' title='bbox 583 520 691 582; x_wconf 81' lang='grc' dir='ltr'>οἴνοπα</span> <span class='ocrx_word' id='word_1_8' title='bbox 706 517 826 582; x_wconf 91' lang='grc' dir='ltr'>πόντον·</span> 
     </span>
    </p>
   </div>
   <div class='ocr_carea' id='block_1_3' title="bbox 20 618 899 702">
    <p class='ocr_par' dir='ltr' id='par_1_3' title="bbox 20 618 899 702">
     <span class='ocr_line' id='line_1_3' title="bbox 20 618 899 702; baseline 0.005 -18"><span class='ocrx_word' id='word_1_9' title='bbox 20 641 23 656; x_wconf 78' lang='grc'>·</span> <span class='ocrx_word' id='word_1_10' title='bbox 140 620 266 702; x_wconf 80' lang='grc' dir='ltr'>’ἀνδρὸς</span> <span class='ocrx_word' id='word_1_11' title='bbox 280 623 337 701; x_wconf 73' lang='grc' dir='ltr'>μὲν</span> <span class='ocrx_word' id='word_1_12' title='bbox 352 620 421 684; x_wconf 88' lang='grc' dir='ltr'>τόδε</span> <span class='ocrx_word' id='word_1_13' title='bbox 441 623 522 698; x_wconf 88' lang='grc' dir='ltr'>σῆμα</span> <span class='ocrx_word' id='word_1_14' title='bbox 537 618 632 684; x_wconf 87' lang='grc' dir='ltr'>πόλαι</span> <span class='ocrx_word' id='word_1_15' title='bbox 649 625 899 700; x_wconf 67' lang='grc' dir='ltr'>κατατεθνηῶτος,</span> 
     </span>
    </p>
   </div>
   <div class='ocr_carea' id='block_1_4' title="bbox 137 723 1081 1423">
    <p class='ocr_par' dir='ltr' id='par_1_4' title="bbox 139 723 1081 807">
     <span class='ocr_line' id='line_1_4' title="bbox 139 723 1081 807; baseline -0.004 -17"><span class='ocrx_word' id='word_1_16' title='bbox 139 729 173 790; x_wconf 85' lang='grc' dir='ltr'>ὅν</span> <span class='ocrx_word' id='word_1_17' title='bbox 187 725 253 790; x_wconf 90' lang='grc' dir='ltr'>ποτ’</span> <span class='ocrx_word' id='word_1_18' title='bbox 270 725 466 807; x_wconf 77' lang='grc' dir='ltr'>ἀριστεύοντα</span> <span class='ocrx_word' id='word_1_19' title='bbox 482 724 642 790; x_wconf 81' lang='grc' dir='ltr'>κατέκτανε</span> <span class='ocrx_word' id='word_1_20' title='bbox 658 725 800 807; x_wconf 87' lang='grc' dir='ltr'>φαίδιμος</span> <span class='ocrx_word' id='word_1_21' title='bbox 811 723 950 806; x_wconf 77' lang='grc' dir='ltr'>Ἕκτορ’</span> <span class='ocrx_word' id='word_1_22' title='bbox 1049 754 1081 802; x_wconf 90' lang='lat'>90</span> 
     </span>
    </p>

    <p class='ocr_par' dir='ltr' id='par_1_5' title="bbox 138 827 1015 1017">
     <span class='ocr_line' id='line_1_5' title="bbox 138 827 1015 910; baseline -0.001 -19"><span class='ocrx_word' id='word_1_23' title='bbox 138 830 176 894; x_wconf 87' lang='grc' dir='ltr'>ῶς</span> <span class='ocrx_word' id='word_1_24' title='bbox 192 827 267 892; x_wconf 90' lang='grc' dir='ltr'>ποτέ</span> <span class='ocrx_word' id='word_1_25' title='bbox 281 854 326 894; x_wconf 91' lang='grc' dir='ltr'>τις</span> <span class='ocrx_word' id='word_1_26' title='bbox 342 827 430 910; x_wconf 76' lang='grc' dir='ltr'>ἐρέει·</span> <span class='ocrx_word' id='word_1_27' title='bbox 453 828 487 893; x_wconf 89' lang='grc' dir='ltr'>τὸ</span> <span class='ocrx_word' id='word_1_28' title='bbox 502 828 527 892; x_wconf 88' lang='grc' dir='ltr'>δ’</span> <span class='ocrx_word' id='word_1_29' title='bbox 545 827 618 908; x_wconf 78' lang='grc' dir='ltr'>έμδν</span> <span class='ocrx_word' id='word_1_30' title='bbox 634 827 724 895; x_wconf 90' lang='grc' dir='ltr'>κλέος</span> <span class='ocrx_word' id='word_1_31' title='bbox 739 827 774 892; x_wconf 85' lang='grc' dir='ltr'>ού</span> <span class='ocrx_word' id='word_1_32' title='bbox 790 827 854 892; x_wconf 89' lang='grc' dir='ltr'>ποτ’</span> <span class='ocrx_word' id='word_1_33' title='bbox 872 829 1015 892; x_wconf 83' lang='grc' dir='ltr'>ἀλεῖται.”</span> 
     </span>
     <span class='ocr_line' id='line_1_6' title="bbox 173 929 1012 1017; baseline 0.002 -25"><span class='ocrx_word' id='word_1_34' title='bbox 173 929 236 996; x_wconf 81' lang='grc' dir='ltr'>Ὣς</span> <span class='ocrx_word' id='word_1_35' title='bbox 252 931 352 1012; x_wconf 83' lang='grc' dir='ltr'>ἔφαθ’,</span> <span class='ocrx_word' id='word_1_36' title='bbox 370 933 397 994; x_wconf 84' lang='grc' dir='ltr'>οἱ</span> <span class='ocrx_word' id='word_1_37' title='bbox 414 931 439 995; x_wconf 91' lang='grc' dir='ltr'>δ’</span> <span class='ocrx_word' id='word_1_38' title='bbox 457 931 515 1013; x_wconf 84' lang='grc' dir='ltr'>ἀρα</span> <span class='ocrx_word' id='word_1_39' title='bbox 530 929 640 998; x_wconf 81' lang='grc' dir='ltr'>πάντες</span> <span class='ocrx_word' id='word_1_40' title='bbox 656 930 732 1010; x_wconf 82' lang='grc' dir='ltr'>ἀκῆν</span> <span class='ocrx_word' id='word_1_41' title='bbox 748 929 888 1014; x_wconf 77' lang='grc' dir='ltr'>ἐγένοντο</span> <span class='ocrx_word' id='word_1_42' title='bbox 904 933 1012 1017; x_wconf 73' lang='grc' dir='ltr'>σιωπῇ·</span> 
     </span>
    </p>

    <p class='ocr_par' dir='ltr' id='par_1_6' title="bbox 138 1030 895 1116">
     <span class='ocr_line' id='line_1_7' title="bbox 138 1030 895 1116; baseline -0.001 -20"><span class='ocrx_word' id='word_1_43' title='bbox 138 1036 278 1098; x_wconf 83' lang='grc' dir='ltr'>αἴδεσθεν</span> <span class='ocrx_word' id='word_1_44' title='bbox 292 1035 347 1114; x_wconf 79' lang='grc' dir='ltr'>μὲν</span> <span class='ocrx_word' id='word_1_45' title='bbox 363 1031 539 1112; x_wconf 90' lang='grc' dir='ltr'>ἀνήνασθαι,</span> <span class='ocrx_word' id='word_1_46' title='bbox 557 1038 662 1098; x_wconf 84' lang='grc' dir='ltr'>δεῖσαν</span> <span class='ocrx_word' id='word_1_47' title='bbox 677 1030 704 1097; x_wconf 87' lang='grc' dir='ltr'>δ’</span> <span class='ocrx_word' id='word_1_48' title='bbox 719 1031 895 1116; x_wconf 82' lang='grc' dir='ltr'>ὑποδέχθαι·</span> 
     </span>
    </p>

    <p class='ocr_par' dir='ltr' id='par_1_7' title="bbox 137 1134 852 1216">
     <span class='ocr_line' id='line_1_8' title="bbox 137 1134 852 1216; baseline 0.004 -19"><span class='ocrx_word' id='word_1_49' title='bbox 137 1136 197 1216; x_wconf 79' lang='grc' dir='ltr'>ἀψὲ</span> <span class='ocrx_word' id='word_1_50' title='bbox 212 1137 245 1199; x_wconf 77' lang='grc' dir='ltr'>δὲ</span> <span class='ocrx_word' id='word_1_51' title='bbox 260 1136 297 1215; x_wconf 77' lang='grc' dir='ltr'>δή</span> <span class='ocrx_word' id='word_1_52' title='bbox 313 1135 472 1202; x_wconf 91' lang='grc' dir='ltr'>Μενέλαος</span> <span class='ocrx_word' id='word_1_53' title='bbox 488 1135 633 1199; x_wconf 81' lang='grc' dir='ltr'>ἀνίστατο</span> <span class='ocrx_word' id='word_1_54' title='bbox 649 1135 698 1200; x_wconf 85' lang='grc' dir='ltr'>καὶ</span> <span class='ocrx_word' id='word_1_55' title='bbox 712 1134 852 1214; x_wconf 85' lang='grc' dir='ltr'>μετέειπε</span> 
     </span>
    </p>

    <p class='ocr_par' dir='ltr' id='par_1_8' title="bbox 137 1237 864 1324">
     <span class='ocr_line' id='line_1_9' title="bbox 137 1237 864 1324; baseline -0.003 -21"><span class='ocrx_word' id='word_1_56' title='bbox 137 1238 227 1303; x_wconf 89' lang='grc' dir='ltr'>νείκει</span> <span class='ocrx_word' id='word_1_57' title='bbox 242 1237 404 1316; x_wconf 82' lang='grc' dir='ltr'>ὀνειδίζων,</span> <span class='ocrx_word' id='word_1_58' title='bbox 419 1237 499 1321; x_wconf 90' lang='grc' dir='ltr'>μέγα</span> <span class='ocrx_word' id='word_1_59' title='bbox 514 1240 547 1301; x_wconf 77' lang='grc' dir='ltr'>δὲ</span> <span class='ocrx_word' id='word_1_60' title='bbox 564 1237 756 1320; x_wconf 78' lang='grc' dir='ltr'>στεναχίζετο</span> <span class='ocrx_word' id='word_1_61' title='bbox 773 1240 864 1324; x_wconf 69' lang='grc' dir='ltr'>θυμῷ·</span> 
     </span>
    </p>

    <p class='ocr_par' dir='ltr' id='par_1_9' title="bbox 138 1338 926 1423">
     <span class='ocr_line' id='line_1_10' title="bbox 138 1338 926 1423; baseline 0.001 -21"><span class='ocrx_word' id='word_1_62' title='bbox 138 1342 187 1402; x_wconf 88' lang='grc' dir='ltr'>“-ῶ</span> <span class='ocrx_word' id='word_1_63' title='bbox 202 1366 265 1419; x_wconf 91' lang='grc' dir='ltr'>μοι,</span> <span class='ocrx_word' id='word_1_64' title='bbox 283 1341 489 1422; x_wconf 76' lang='grc' dir='ltr'>ἀπειλητῆρες,</span> <span class='ocrx_word' id='word_1_65' title='bbox 503 1338 667 1423; x_wconf 83' lang='grc' dir='ltr'>Ἀχαιίδες,</span> <span class='ocrx_word' id='word_1_66' title='bbox 685 1340 779 1403; x_wconf 80' lang='grc' dir='ltr'>οὐκέτ’</span> <span class='ocrx_word' id='word_1_67' title='bbox 795 1340 926 1422; x_wconf 89' lang='grc' dir='ltr'>Ἀχαιαί·</span> 
     </span>
    </p>
   </div>
   <div class='ocr_carea' id='block_1_5' title="bbox 21 1442 901 1526">
    <p class='ocr_par' dir='ltr' id='par_1_10' title="bbox 21 1442 901 1526">
     <span class='ocr_line' id='line_1_11' title="bbox 21 1442 901 1526; baseline 0.006 -22"><span class='ocrx_word' id='word_1_68' title='bbox 21 1501 22 1504; x_wconf 74' lang='grc'>,</span> <span class='ocrx_word' id='word_1_69' title='bbox 137 1443 223 1522; x_wconf 77' lang='grc' dir='ltr'>ῆμὲν</span> <span class='ocrx_word' id='word_1_70' title='bbox 238 1443 274 1522; x_wconf 77' lang='grc' dir='ltr'>δή</span> <span class='ocrx_word' id='word_1_71' title='bbox 289 1443 378 1522; x_wconf 80' lang='grc' dir='ltr'>λῶβη</span> <span class='ocrx_word' id='word_1_72' title='bbox 394 1442 465 1507; x_wconf 86' lang='grc' dir='ltr'>τόδε</span> <span class='ocrx_word' id='word_1_73' title='bbox 479 1442 508 1526; x_wconf 85' lang='grc' dir='ltr'>γ’</span> <span class='ocrx_word' id='word_1_74' title='bbox 525 1443 650 1506; x_wconf 84' lang='grc' dir='ltr'>ἔσσεται</span> <span class='ocrx_word' id='word_1_75' title='bbox 667 1443 788 1508; x_wconf 78' lang='grc' dir='ltr'>αἰνόθεν</span> <span class='ocrx_word' id='word_1_76' title='bbox 803 1445 901 1520; x_wconf 89' lang='grc' dir='ltr'>αίνῶς,</span> 
     </span>
    </p>
   </div>
   <div class='ocr_carea' id='block_1_6' title="bbox 136 1544 1077 1813">
    <p class='ocr_par' dir='ltr' id='par_1_11' title="bbox 136 1544 1077 1813">
     <span class='ocr_line' id='line_1_12' title="bbox 137 1544 872 1628; baseline -0.001 -20"><span class='ocrx_word' id='word_1_77' title='bbox 137 1549 163 1608; x_wconf 87' lang='grc' dir='ltr'>εί</span> <span class='ocrx_word' id='word_1_78' title='bbox 178 1545 219 1624; x_wconf 90' lang='grc' dir='ltr'>μή</span> <span class='ocrx_word' id='word_1_79' title='bbox 236 1571 281 1612; x_wconf 90' lang='grc' dir='ltr'>τις</span> <span class='ocrx_word' id='word_1_80' title='bbox 298 1552 427 1610; x_wconf 78' lang='grc' dir='ltr'>Δαναῶν</span> <span class='ocrx_word' id='word_1_81' title='bbox 443 1544 651 1628; x_wconf 86' lang='grc' dir='ltr'>νῶνἜκτορος</span> <span class='ocrx_word' id='word_1_82' title='bbox 667 1547 769 1612; x_wconf 90' lang='grc' dir='ltr'>ἀντίος</span> <span class='ocrx_word' id='word_1_83' title='bbox 785 1545 872 1610; x_wconf 79' lang='grc' dir='ltr'>εἶσιν.</span> 
     </span>
     <span class='ocr_line' id='line_1_13' title="bbox 136 1647 907 1729; baseline 0.003 -20"><span class='ocrx_word' id='word_1_84' title='bbox 136 1647 204 1709; x_wconf 86' lang='grc' dir='ltr'>ἀλλ’</span> <span class='ocrx_word' id='word_1_85' title='bbox 220 1650 304 1727; x_wconf 82' lang='grc' dir='ltr'>ὑμεῖς</span> <span class='ocrx_word' id='word_1_86' title='bbox 317 1651 375 1729; x_wconf 76' lang='grc' dir='ltr'>μὲν</span> <span class='ocrx_word' id='word_1_87' title='bbox 390 1647 499 1714; x_wconf 80' lang='grc' dir='ltr'>πάντες</span> <span class='ocrx_word' id='word_1_88' title='bbox 513 1649 591 1726; x_wconf 79' lang='grc' dir='ltr'>ὕδωρ</span> <span class='ocrx_word' id='word_1_89' title='bbox 607 1648 656 1711; x_wconf 84' lang='grc' dir='ltr'>καὶ</span> <span class='ocrx_word' id='word_1_90' title='bbox 671 1652 744 1728; x_wconf 87' lang='grc' dir='ltr'>γαῖα</span> <span class='ocrx_word' id='word_1_91' title='bbox 758 1647 907 1728; x_wconf 85' lang='grc' dir='ltr'>γένοισθε,</span> 
     </span>
     <span class='ocr_line' id='line_1_14' title="bbox 1031 1777 1077 1813; baseline 0.022 -1"><span class='ocrx_word' id='word_1_92' title='bbox 1031 1777 1077 1813; x_wconf 82' lang='lat'>100</span> 
     </span>
    </p>
   </div>
   <div class='ocr_carea' id='block_1_7' title="bbox 135 1852 887 1938">
    <p class='ocr_par' dir='ltr' id='par_1_12' title="bbox 135 1852 887 1938">
     <span class='ocr_line' id='line_1_15' title="bbox 135 1852 887 1938; baseline 0.003 -23"><span class='ocrx_word' id='word_1_93' title='bbox 135 1857 208 1938; x_wconf 76' lang='grc' dir='ltr'>τῷδε</span> <span class='ocrx_word' id='word_1_94' title='bbox 224 1854 249 1918; x_wconf 87' lang='grc' dir='ltr'>δ’</span> <span class='ocrx_word' id='word_1_95' title='bbox 267 1855 344 1938; x_wconf 82' lang='grc' dir='ltr'>έγδν</span> <span class='ocrx_word' id='word_1_96' title='bbox 360 1854 448 1921; x_wconf 81' lang='grc' dir='ltr'>αὐτὸς</span> <span class='ocrx_word' id='word_1_97' title='bbox 463 1852 644 1937; x_wconf 81' lang='grc' dir='ltr'>θωρήξομαι·</span> <span class='ocrx_word' id='word_1_98' title='bbox 668 1854 760 1935; x_wconf 78' lang='grc' dir='ltr'>αὐτὰρ</span> <span class='ocrx_word' id='word_1_99' title='bbox 775 1854 887 1935; x_wconf 87' lang='grc' dir='ltr'>ύπερθε</span> 
     </span>
    </p>
   </div>
   <div class='ocr_carea' id='block_1_8' title="bbox 20 1954 898 2040">
    <p class='ocr_par' dir='ltr' id='par_1_13' title="bbox 20 1954 898 2040">
     <span class='ocr_line' id='line_1_16' title="bbox 20 1954 898 2040; baseline 0 -20"><span class='ocrx_word' id='word_1_100' title='bbox 20 1981 21 1988; x_wconf 64' lang='grc'><strong>“</strong></span> <span class='ocrx_word' id='word_1_101' title='bbox 136 1959 216 2036; x_wconf 87' lang='grc' dir='ltr'>νίκης</span> <span class='ocrx_word' id='word_1_102' title='bbox 231 1955 347 2040; x_wconf 91' lang='grc' dir='ltr'>πείρατ’</span> <span class='ocrx_word' id='word_1_103' title='bbox 364 1957 486 2040; x_wconf 83' lang='grc' dir='ltr'>ἔχονται</span> <span class='ocrx_word' id='word_1_104' title='bbox 502 1959 536 2023; x_wconf 79' lang='grc' dir='ltr'>ἐν</span> <span class='ocrx_word' id='word_1_105' title='bbox 551 1955 733 2022; x_wconf 78' lang='grc' dir='ltr'>ἀθανάτοισι</span> <span class='ocrx_word' id='word_1_106' title='bbox 748 1954 898 2020; x_wconf 83' lang='grc' dir='ltr'>θεοῖσιν.”</span> 
     </span>
    </p>
   </div>
   <div class='ocr_carea' id='block_1_9' title="bbox 131 2057 1073 2555">
    <p class='ocr_par' dir='ltr' id='par_1_14' title="bbox 131 2057 1073 2555">
     <span class='ocr_line' id='line_1_17' title="bbox 169 2057 885 2142; baseline 0.003 -21"><span class='ocrx_word' id='word_1_107' title='bbox 169 2059 232 2126; x_wconf 84' lang='grc' dir='ltr'>Ὣς</span> <span class='ocrx_word' id='word_1_108' title='bbox 247 2059 305 2141; x_wconf 84' lang='grc' dir='ltr'>ἀρα</span> <span class='ocrx_word' id='word_1_109' title='bbox 321 2058 465 2141; x_wconf 84' lang='grc' dir='ltr'>φωνήσας</span> <span class='ocrx_word' id='word_1_110' title='bbox 481 2058 659 2138; x_wconf 81' lang='grc' dir='ltr'>κατεδύσετο</span> <span class='ocrx_word' id='word_1_111' title='bbox 675 2058 783 2142; x_wconf 84' lang='grc' dir='ltr'>τεύχεα</span> <span class='ocrx_word' id='word_1_112' title='bbox 799 2057 885 2123; x_wconf 85' lang='grc' dir='ltr'>καλό.</span> 
     </span>
     <span class='ocr_line' id='line_1_18' title="bbox 136 2162 938 2244; baseline -0.007 -18"><span class='ocrx_word' id='word_1_113' title='bbox 136 2164 206 2230; x_wconf 86' lang='grc' dir='ltr'>ἔνθα</span> <span class='ocrx_word' id='word_1_114' title='bbox 221 2163 254 2228; x_wconf 86' lang='grc' dir='ltr'>κέ</span> <span class='ocrx_word' id='word_1_115' title='bbox 270 2189 324 2242; x_wconf 89' lang='grc' dir='ltr'>τοι,</span> <span class='ocrx_word' id='word_1_116' title='bbox 340 2163 491 2240; x_wconf 88' lang='grc' dir='ltr'>Μενέλαε,</span> <span class='ocrx_word' id='word_1_117' title='bbox 508 2162 589 2244; x_wconf 88' lang='grc' dir='ltr'>φάνη</span> <span class='ocrx_word' id='word_1_118' title='bbox 604 2164 725 2243; x_wconf 89' lang='grc' dir='ltr'>βιότοιο</span> <span class='ocrx_word' id='word_1_119' title='bbox 741 2163 866 2241; x_wconf 77' lang='grc' dir='ltr'>τελευτή</span> <span class='ocrx_word' id='word_1_120' title='bbox 937 2216 938 2220; x_wconf 75' lang='grc'>,</span> 
     </span>
     <span class='ocr_line' id='line_1_19' title="bbox 131 2263 1073 2355; baseline -0.001 -26"><span class='ocrx_word' id='word_1_121' title='bbox 131 2269 274 2355; x_wconf 87' lang='grc' dir='ltr'>Ἕκτορος</span> <span class='ocrx_word' id='word_1_122' title='bbox 290 2269 322 2331; x_wconf 79' lang='grc' dir='ltr'>ἓν</span> <span class='ocrx_word' id='word_1_123' title='bbox 337 2263 524 2353; x_wconf 81' lang='grc' dir='ltr'>παλάμῃσιν,</span> <span class='ocrx_word' id='word_1_124' title='bbox 541 2267 608 2331; x_wconf 71' lang='grc' dir='ltr'>ἐπεὶ</span> <span class='ocrx_word' id='word_1_125' title='bbox 623 2265 702 2330; x_wconf 80' lang='grc' dir='ltr'>πολὺ</span> <span class='ocrx_word' id='word_1_126' title='bbox 718 2264 861 2347; x_wconf 90' lang='grc' dir='ltr'>φέρτερος</span> <span class='ocrx_word' id='word_1_127' title='bbox 878 2266 938 2344; x_wconf 87' lang='grc' dir='ltr'>ῆεν,</span> <span class='ocrx_word' id='word_1_128' title='bbox 1029 2293 1073 2343; x_wconf 85' lang='lat'>¹05</span> 
     </span>
     <span class='ocr_line' id='line_1_20' title="bbox 135 2366 821 2452; baseline -0.001 -19"><span class='ocrx_word' id='word_1_129' title='bbox 135 2374 160 2433; x_wconf 82' lang='grc' dir='ltr'>εἰ</span> <span class='ocrx_word' id='word_1_130' title='bbox 173 2371 213 2449; x_wconf 80' lang='grc' dir='ltr'>μῆ</span> <span class='ocrx_word' id='word_1_131' title='bbox 231 2367 407 2448; x_wconf 85' lang='grc' dir='ltr'>ἀνοίξαντες</span> <span class='ocrx_word' id='word_1_132' title='bbox 423 2369 495 2432; x_wconf 88' lang='grc' dir='ltr'>έλον</span> <span class='ocrx_word' id='word_1_133' title='bbox 510 2372 663 2449; x_wconf 85' lang='grc' dir='ltr'>βασιλῆες</span> <span class='ocrx_word' id='word_1_134' title='bbox 678 2366 821 2452; x_wconf 87' lang='grc' dir='ltr'>Ἀχαιῶν,</span> 
     </span>
     <span class='ocr_line' id='line_1_21' title="bbox 135 2469 843 2555; baseline -0.001 -19"><span class='ocrx_word' id='word_1_135' title='bbox 135 2475 219 2539; x_wconf 85' lang='grc' dir='ltr'>αὐτός</span> <span class='ocrx_word' id='word_1_136' title='bbox 234 2471 261 2535; x_wconf 89' lang='grc' dir='ltr'>τ’</span> <span class='ocrx_word' id='word_1_137' title='bbox 278 2469 432 2553; x_wconf 81' lang='grc' dir='ltr'>Ἀτρείδης</span> <span class='ocrx_word' id='word_1_138' title='bbox 448 2470 623 2553; x_wconf 83' lang='grc' dir='ltr'>εύρυκρείων</span> <span class='ocrx_word' id='word_1_139' title='bbox 636 2471 843 2555; x_wconf 82' lang='grc' dir='ltr'>Ἀγαμέμνων,</span> 
     </span>
    </p>
   </div>
   <div class='ocr_carea' id='block_1_10' title="bbox 20 2573 962 2658">
    <p class='ocr_par' dir='ltr' id='par_1_15' title="bbox 20 2573 962 2658">
     <span class='ocr_line' id='line_1_22' title="bbox 20 2573 962 2658; baseline -0.001 -18"><span class='ocrx_word' id='word_1_140' title='bbox 20 2587 21 2592; x_wconf 76' lang='grc'>’</span> <span class='ocrx_word' id='word_1_141' title='bbox 135 2575 283 2657; x_wconf 78' lang='grc' dir='ltr'>δεξιτερῆς</span> <span class='ocrx_word' id='word_1_142' title='bbox 298 2575 351 2638; x_wconf 86' lang='grc' dir='ltr'>έλε</span> <span class='ocrx_word' id='word_1_143' title='bbox 365 2573 466 2658; x_wconf 84' lang='grc' dir='ltr'>χειρὸς</span> <span class='ocrx_word' id='word_1_144' title='bbox 482 2573 555 2639; x_wconf 87' lang='grc' dir='ltr'>έπος</span> <span class='ocrx_word' id='word_1_145' title='bbox 569 2573 594 2636; x_wconf 88' lang='grc' dir='ltr'>τ’</span> <span class='ocrx_word' id='word_1_146' title='bbox 612 2573 700 2655; x_wconf 80' lang='grc' dir='ltr'>ἔφατ’</span> <span class='ocrx_word' id='word_1_147' title='bbox 717 2575 749 2638; x_wconf 88' lang='grc' dir='ltr'>έκ</span> <span class='ocrx_word' id='word_1_148' title='bbox 765 2573 792 2638; x_wconf 89' lang='grc' dir='ltr'>τ’</span> <span class='ocrx_word' id='word_1_149' title='bbox 808 2576 962 2654; x_wconf 81' lang='grc' dir='ltr'>ὀνόμαζεν·</span> 
     </span>
    </p>
   </div>
   <div class='ocr_carea' id='block_1_11' title="bbox 129 2676 1074 3373">
    <p class='ocr_par' dir='ltr' id='par_1_16' title="bbox 129 2676 1074 3278">
     <span class='ocr_line' id='line_1_23' title="bbox 135 2676 922 2762; baseline -0.003 -19"><span class='ocrx_word' id='word_1_150' title='bbox 135 2691 153 2716; x_wconf 89' lang='grc'>“</span> <span class='ocrx_word' id='word_1_151' title='bbox 161 2681 326 2761; x_wconf 90' lang='grc' dir='ltr'>ἀφραίνεις,</span> <span class='ocrx_word' id='word_1_152' title='bbox 344 2677 485 2742; x_wconf 88' lang='grc' dir='ltr'>Μενέλαε</span> <span class='ocrx_word' id='word_1_153' title='bbox 501 2676 665 2761; x_wconf 89' lang='grc' dir='ltr'>διοτρεφές,</span> <span class='ocrx_word' id='word_1_154' title='bbox 682 2676 751 2742; x_wconf 84' lang='grc' dir='ltr'>ούδέ</span> <span class='ocrx_word' id='word_1_155' title='bbox 766 2678 797 2740; x_wconf 91' lang='grc' dir='ltr'>τί</span> <span class='ocrx_word' id='word_1_156' title='bbox 812 2704 848 2742; x_wconf 90' lang='grc' dir='ltr'>σε</span> <span class='ocrx_word' id='word_1_157' title='bbox 863 2679 922 2762; x_wconf 76' lang='grc' dir='ltr'>χρῆ</span> 
     </span>
     <span class='ocr_line' id='line_1_24' title="bbox 133 2779 1074 2864; baseline -0.002 -18"><span class='ocrx_word' id='word_1_158' title='bbox 133 2785 236 2863; x_wconf 85' lang='grc' dir='ltr'>ταύτης</span> <span class='ocrx_word' id='word_1_159' title='bbox 254 2781 438 2862; x_wconf 87' lang='grc' dir='ltr'>ἀφροσύνης·</span> <span class='ocrx_word' id='word_1_160' title='bbox 463 2783 520 2846; x_wconf 82' lang='grc' dir='ltr'>ἀνδ</span> <span class='ocrx_word' id='word_1_161' title='bbox 535 2783 568 2846; x_wconf 78' lang='grc' dir='ltr'>δὲ</span> <span class='ocrx_word' id='word_1_162' title='bbox 584 2779 661 2864; x_wconf 88' lang='grc' dir='ltr'>σχέο</span> <span class='ocrx_word' id='word_1_163' title='bbox 678 2781 840 2861; x_wconf 90' lang='grc' dir='ltr'>κηδόμενός</span> <span class='ocrx_word' id='word_1_164' title='bbox 856 2807 922 2862; x_wconf 92' lang='grc' dir='ltr'>περ,</span> <span class='ocrx_word' id='word_1_165' title='bbox 1029 2809 1074 2844; x_wconf 85' lang='grc' dir='ltr'>ιιο</span> 
     </span>
     <span class='ocr_line' id='line_1_25' title="bbox 132 2882 954 2966; baseline -0.005 -14"><span class='ocrx_word' id='word_1_166' title='bbox 132 2886 196 2966; x_wconf 86' lang='grc' dir='ltr'>μηδ’</span> <span class='ocrx_word' id='word_1_167' title='bbox 212 2883 295 2952; x_wconf 79' lang='grc' dir='ltr'>ἔθελ’</span> <span class='ocrx_word' id='word_1_168' title='bbox 311 2883 347 2962; x_wconf 77' lang='grc' dir='ltr'>ἐξ</span> <span class='ocrx_word' id='word_1_169' title='bbox 361 2883 458 2966; x_wconf 83' lang='grc' dir='ltr'>ἔριδος</span> <span class='ocrx_word' id='word_1_170' title='bbox 473 2889 528 2949; x_wconf 84' lang='grc' dir='ltr'>σεῦ</span> <span class='ocrx_word' id='word_1_171' title='bbox 543 2885 678 2964; x_wconf 88' lang='grc' dir='ltr'>ἀμείνονι</span> <span class='ocrx_word' id='word_1_172' title='bbox 697 2884 777 2966; x_wconf 87' lang='grc' dir='ltr'>φωτὶ</span> <span class='ocrx_word' id='word_1_173' title='bbox 791 2882 954 2966; x_wconf 87' lang='grc' dir='ltr'>μάχεσθαι,</span> 
     </span>
     <span class='ocr_line' id='line_1_26' title="bbox 129 2985 903 3074; baseline 0.001 -22"><span class='ocrx_word' id='word_1_174' title='bbox 129 2991 248 3071; x_wconf 85' lang='grc' dir='ltr'>Ἕκτορι</span> <span class='ocrx_word' id='word_1_175' title='bbox 265 2989 427 3074; x_wconf 87' lang='grc' dir='ltr'>Πριαμίδῃ,</span> <span class='ocrx_word' id='word_1_176' title='bbox 443 2987 496 3052; x_wconf 91' lang='grc' dir='ltr'>τόν</span> <span class='ocrx_word' id='word_1_177' title='bbox 510 3011 543 3051; x_wconf 89' lang='grc' dir='ltr'>τε</span> <span class='ocrx_word' id='word_1_178' title='bbox 559 2985 722 3070; x_wconf 86' lang='grc' dir='ltr'>στυγέουσι</span> <span class='ocrx_word' id='word_1_179' title='bbox 738 2989 786 3052; x_wconf 88' lang='grc' dir='ltr'>καὶ</span> <span class='ocrx_word' id='word_1_180' title='bbox 802 2987 903 3054; x_wconf 79' lang='grc' dir='ltr'>ἄλλοι.</span> 
     </span>
     <span class='ocr_line' id='line_1_27' title="bbox 132 3091 879 3178; baseline -0.008 -18"><span class='ocrx_word' id='word_1_181' title='bbox 132 3098 177 3160; x_wconf 88' lang='grc' dir='ltr'>καὶ</span> <span class='ocrx_word' id='word_1_182' title='bbox 193 3092 220 3159; x_wconf 89' lang='grc' dir='ltr'>δ’</span> <span class='ocrx_word' id='word_1_183' title='bbox 236 3091 377 3174; x_wconf 79' lang='grc' dir='ltr'>Ἀχιλεὺς</span> <span class='ocrx_word' id='word_1_184' title='bbox 392 3091 486 3176; x_wconf 73' lang='grc' dir='ltr'>τούτῳ</span> <span class='ocrx_word' id='word_1_185' title='bbox 501 3117 538 3175; x_wconf 88' lang='grc' dir='ltr'>γε</span> <span class='ocrx_word' id='word_1_186' title='bbox 551 3091 634 3178; x_wconf 81' lang='grc' dir='ltr'>μάχῃ</span> <span class='ocrx_word' id='word_1_187' title='bbox 651 3092 696 3156; x_wconf 85' lang='grc' dir='ltr'>ἔνι</span> <span class='ocrx_word' id='word_1_188' title='bbox 712 3092 879 3176; x_wconf 83' lang='grc' dir='ltr'>κυδιανείρῃ</span> 
     </span>
     <span class='ocr_line' id='line_1_28' title="bbox 131 3193 916 3278; baseline 0 -18"><span class='ocrx_word' id='word_1_189' title='bbox 131 3195 219 3278; x_wconf 83' lang='grc' dir='ltr'>ἔρριγ’</span> <span class='ocrx_word' id='word_1_190' title='bbox 237 3196 453 3274; x_wconf 80' lang='grc' dir='ltr'>ἀντιβολῆσαι,</span> <span class='ocrx_word' id='word_1_191' title='bbox 469 3195 488 3258; x_wconf 84' lang='grc' dir='ltr'>ὅ</span> <span class='ocrx_word' id='word_1_192' title='bbox 502 3220 557 3276; x_wconf 92' lang='grc' dir='ltr'>περ</span> <span class='ocrx_word' id='word_1_193' title='bbox 574 3193 628 3257; x_wconf 93' lang='grc' dir='ltr'>σέο</span> <span class='ocrx_word' id='word_1_194' title='bbox 644 3194 763 3258; x_wconf 85' lang='grc' dir='ltr'>πολλὸν</span> <span class='ocrx_word' id='word_1_195' title='bbox 778 3193 916 3273; x_wconf 87' lang='grc' dir='ltr'>ἀμείνων.</span> 
     </span>
    </p>

    <p class='ocr_par' dir='ltr' id='par_1_17' title="bbox 1026 3323 1070 3373">
     <span class='ocr_line' id='line_1_29' title="bbox 1026 3323 1070 3373; baseline 0 -15"><span class='ocrx_word' id='word_1_196' title='bbox 1026 3323 1070 3373; x_wconf 83' lang='lat'>¹¹5</span> 
     </span>
    </p>
   </div>
   <div class='ocr_carea' id='block_1_12' title="bbox 128 3396 984 3692">
    <p class='ocr_par' dir='ltr' id='par_1_18' title="bbox 128 3383 984 3692">
     <span class='ocr_line' id='line_1_30' title="bbox 129 3396 901 3487; baseline -0.005 -21"><span class='ocrx_word' id='word_1_197' title='bbox 129 3403 220 3487; x_wconf 77' lang='grc' dir='ltr'>τούτῳ</span> <span class='ocrx_word' id='word_1_198' title='bbox 237 3403 270 3465; x_wconf 85' lang='grc' dir='ltr'>δὲ</span> <span class='ocrx_word' id='word_1_199' title='bbox 286 3401 401 3481; x_wconf 87' lang='grc' dir='ltr'>πρόμον</span> <span class='ocrx_word' id='word_1_200' title='bbox 416 3400 513 3464; x_wconf 84' lang='grc' dir='ltr'>ἀλλον</span> <span class='ocrx_word' id='word_1_201' title='bbox 528 3400 755 3478; x_wconf 86' lang='grc' dir='ltr'>ἀναστήσουσιν</span> <span class='ocrx_word' id='word_1_202' title='bbox 771 3396 901 3482; x_wconf 90' lang='grc' dir='ltr'>Ἀχαιοί.</span> 
     </span>
     <span class='ocr_line' id='line_1_31' title="bbox 128 3499 934 3586; baseline 0 -16"><span class='ocrx_word' id='word_1_203' title='bbox 128 3509 225 3586; x_wconf 80' lang='grc' dir='ltr'>εἴπερ</span> <span class='ocrx_word' id='word_1_204' title='bbox 242 3501 345 3582; x_wconf 87' lang='grc' dir='ltr'>ἀδειής</span> <span class='ocrx_word' id='word_1_205' title='bbox 358 3499 384 3566; x_wconf 92' lang='grc' dir='ltr'>τ’</span> <span class='ocrx_word' id='word_1_206' title='bbox 400 3504 467 3567; x_wconf 78' lang='grc' dir='ltr'>ἐστὶ</span> <span class='ocrx_word' id='word_1_207' title='bbox 482 3503 532 3566; x_wconf 86' lang='grc' dir='ltr'>καὶ</span> <span class='ocrx_word' id='word_1_208' title='bbox 547 3505 574 3566; x_wconf 82' lang='grc' dir='ltr'>εί</span> <span class='ocrx_word' id='word_1_209' title='bbox 588 3505 685 3583; x_wconf 90' lang='grc' dir='ltr'>μόθου</span> <span class='ocrx_word' id='word_1_210' title='bbox 701 3503 763 3568; x_wconf 79' lang='grc' dir='ltr'>ἔστ’</span> <span class='ocrx_word' id='word_1_211' title='bbox 781 3503 934 3584; x_wconf 85' lang='grc' dir='ltr'>ἀκόρητος,</span> 
     </span>
     <span class='ocr_line' id='line_1_32' title="bbox 128 3604 984 3692; baseline 0.001 -20"><span class='ocrx_word' id='word_1_212' title='bbox 128 3611 205 3690; x_wconf 91' lang='grc' dir='ltr'>φημί</span> <span class='ocrx_word' id='word_1_213' title='bbox 218 3634 272 3689; x_wconf 87' lang='grc' dir='ltr'>μιν</span> <span class='ocrx_word' id='word_1_214' title='bbox 288 3605 446 3672; x_wconf 88' lang='grc' dir='ltr'>ἀσπασίως</span> <span class='ocrx_word' id='word_1_215' title='bbox 461 3608 534 3689; x_wconf 88' lang='grc' dir='ltr'>γόνυ</span> <span class='ocrx_word' id='word_1_216' title='bbox 551 3604 692 3688; x_wconf 78' lang='grc' dir='ltr'>κάμψειν,</span> <span class='ocrx_word' id='word_1_217' title='bbox 709 3609 742 3671; x_wconf 86' lang='grc' dir='ltr'>αί</span> <span class='ocrx_word' id='word_1_218' title='bbox 756 3631 789 3670; x_wconf 92' lang='grc' dir='ltr'>κε</span> <span class='ocrx_word' id='word_1_219' title='bbox 805 3605 920 3692; x_wconf 82' lang='grc' dir='ltr'>φύγῃσι</span> <span class='ocrx_word' id='word_1_220' title='bbox 982 3668 984 3673; x_wconf 94' lang='grc'>.</span> 
     </span>
    </p>
   </div>
   <div class='ocr_carea' id='block_1_13' title="bbox 127 3707 789 3866">
    <p class='ocr_par' dir='ltr' id='par_1_19' title="bbox 127 3707 789 3866">
     <span class='ocr_line' id='line_1_33' title="bbox 127 3707 789 3793; baseline 0.002 -17"><span class='ocrx_word' id='word_1_221' title='bbox 127 3710 210 3793; x_wconf 87' lang='grc' dir='ltr'>δηίαυ</span> <span class='ocrx_word' id='word_1_222' title='bbox 225 3712 260 3775; x_wconf 76' lang='grc' dir='ltr'>ἐκ</span> <span class='ocrx_word' id='word_1_223' title='bbox 276 3707 424 3788; x_wconf 85' lang='grc' dir='ltr'>πολέμοιο</span> <span class='ocrx_word' id='word_1_224' title='bbox 440 3709 489 3774; x_wconf 87' lang='grc' dir='ltr'>καὶ</span> <span class='ocrx_word' id='word_1_225' title='bbox 505 3711 589 3788; x_wconf 82' lang='grc' dir='ltr'>αἰνῆς</span> <span class='ocrx_word' id='word_1_226' title='bbox 605 3707 789 3790; x_wconf 70' lang='grc' dir='ltr'>δηϊοτῆτος.”</span> 
     </span>
     <span class='ocr_line' id='line_1_34' title="bbox 567 3815 624 3866; baseline 0.07 -4"><span class='ocrx_word' id='word_1_227' title='bbox 567 3815 588 3862; x_wconf 85' lang='lat' dir='ltr'>F</span> <span class='ocrx_word' id='word_1_228' title='bbox 606 3819 624 3866; x_wconf 81' lang='lat'>2</span> 
     </span>
    </p>
   </div>
   <div class='ocr_carea' id='block_1_14' title="bbox 0 0 1368 4230">
    <p class='ocr_par' dir='ltr' id='par_1_20' title="bbox 0 0 1368 4230">
     <span class='ocr_line' id='line_1_35' title="bbox 0 0 1368 4230; baseline 0 5"><span class='ocrx_word' id='word_1_229' title='bbox 0 0 1368 4230; x_wconf 95' lang='lat' dir='ltr'> </span> 
     </span>
    </p>
   </div>
  </div>
 </body>
</html>
