2738 4226
451 355 499 399 11.
526 339 697 397 ΙΛΙΑΔΟΣ
721 341 757 397 Λ.
1020 355 1080 418 209

136 506 169 567 ἐκ
185 502 297 573 πεδίου,
314 496 487 581 τῆνιῶρσαν
502 502 675 583 ἐρίγδουποι
689 503 781 570 πόδες
797 505 942 568 ἵππων-

134 607 239 689 χαλκῷ
256 603 424 683 δηϊόωντες·
449 605 524 684 ἀτδρ
540 605 646 684 κρείων
660 605 860 688 Ἀγαμέμνων

136 709 199 771 αἰὲν
216 708 399 772 ἀποκτείνων
417 705 495 772 ἕπετ’
511 707 681 789 Ἀργείοισι
698 709 837 773 κελεύων.

136 811 175 877 ὥς
190 812 215 875 δ’
232 811 283 876 ὅτε
298 816 355 892 πῦρ
372 809 499 890 ἀίδηλον
515 812 548 874 ἐν
564 809 664 896 ἀξύλῳ
680 810 798 900 ἐμπέσῃ
813 814 880 899 ύλῃ,
1036 841 1044 875 ι
1050 843 1080 890 55

135 912 232 1000 πάντῃ
246 914 271 978 τ’
288 916 441 995 εἰλυφόων
458 914 567 994 ἀνεμος
582 913 678 995 φέρει,
695 917 724 978 οῖ
740 916 774 980 δέ
788 939 821 979 τε
836 914 944 995 θάμνοι

135 1017 287 1098 πρόρριζοι
302 1018 466 1081 πίπτουσιν
481 1017 670 1099 ἐπειγόμενοι
686 1018 776 1099 πυρὸς
792 1019 877 1104 ὁρμῇ·

136 1119 175 1182 ὣς
190 1116 236 1199 ἀρ’
251 1118 299 1182 ὑπ’
318 1117 453 1206 Ἀτρεΐδῃ
471 1117 673 1202 Ἀγαμέμνονι
688 1126 781 1185 πῖπτε
795 1120 909 1203 κάρηνα

134 1220 245 1300 Τρόων
259 1223 444 1304 φευγόντων,
461 1223 574 1286 πολλοὶ
590 1220 616 1287 δ’
634 1223 806 1306 ἐριαύχενες
822 1225 910 1288 ίπποι

137 1320 208 1386 κείν’
225 1325 300 1406 όχεα
316 1323 491 1405 κροτάλιζον
507 1327 565 1388 ἀνά
580 1325 745 1403 πτολέμοιο
759 1326 901 1408 γεφύρας,
1036 1343 1081 1390 160

135 1424 275 1508 ἡνιόχους
290 1427 451 1494 ποθέοντες
467 1429 628 1509 ἀμύμονος·
652 1431 682 1492 οἱ
698 1428 723 1494 δ’
740 1431 790 1494 ἐπὶ
805 1429 877 1517 γαίῃ

138 1531 246 1603 κείατο,
262 1529 414 1612 γύπεσσιν
429 1531 507 1594 πολὺ
524 1533 664 1615 φίλτεροι
678 1528 697 1611 ἢ
715 1533 888 1616 ἀλόχοισιν.

175 1631 305 1714 Ἕκτορα
320 1632 347 1697 δ’
363 1638 396 1698 ἐκ
411 1634 532 1714 βελέων
546 1636 643 1717 ὕπαγε
658 1633 733 1701 Ζεῦς
749 1635 781 1700 έκ
798 1660 830 1700 τε
847 1637 947 1714 κονίης

138 1737 169 1800 ἔκ
184 1735 210 1799 τ’
225 1738 442 1818 ἀνδροκτασίης
458 1737 490 1800 έκ
508 1734 535 1800 θ’
551 1741 676 1818 αἵματος
692 1738 726 1802 έκ
741 1762 775 1803 τε
790 1744 940 1818 κυδοιμοῦ·

18 1861 19 1872 ι
136 1837 289 1922 Ἀτρείδης
304 1838 329 1904 δ’
345 1840 435 1904 ἕπετο
450 1839 606 1928 σφεδανὸν
622 1846 773 1904 Δαναοῖσι
790 1840 931 1906 κελεύων.
1033 1857 1079 1918 ¹⁶5

138 1945 165 2007 οῖ
180 1946 212 2007 δὲ
227 1942 297 2025 παρ’
308 1941 394 2006 Ἴλου
409 1944 490 2022 σῆμα
504 1949 637 2007 παλαιοῦ
653 1944 842 2024 Δαρδανίδαο

138 2043 252 2123 μέσσον
268 2048 330 2110 κάπ
343 2045 449 2110 πεδίον
464 2044 531 2127 παρ’
548 2045 663 2126 ἐρινεὸν
680 2045 845 2110 ἐσσεύοντο

139 2146 248 2226 ίέμενοι
263 2149 380 2214 πόλιος·
403 2150 420 2210 ό
435 2148 468 2212 δὲ
483 2149 638 2231 κεκληγὼς
653 2147 731 2212 ἕπετ’
748 2147 807 2214 αίεῖ

20 2281 21 2292 ι
138 2248 298 2332 Ἀτρείδης,
314 2249 413 2335 λύθρῳ
429 2253 462 2314 δὲ
478 2250 657 2316 παλάσσετο
671 2255 776 2335 χεῖρας
790 2250 933 2317 ἀάπτους.

140 2353 206 2416 ἀλλ’
222 2355 274 2418 ὅτε
289 2354 325 2433 δὴ
342 2353 454 2419 Σκαιάς
468 2379 501 2418 τε
516 2355 614 2422 πύλας
630 2355 679 2418 καὶ
695 2353 796 2435 φηγὸν
810 2356 920 2432 ἵκοντο,
1033 2379 1081 2431 ¹7⁰

140 2457 196 2520 ἔνθ’
214 2457 271 2539 ἀρα
285 2457 322 2536 δὴ
338 2458 463 2520 ἵσταντο
480 2458 528 2520 καὶ
544 2455 699 2536 ἀλλήλους
715 2456 887 2537 ἀνέμιμνον.

23 2575 24 2580 ’
141 2562 167 2621 οῖ
181 2557 205 2624 δ’
223 2560 268 2623 έτι
284 2562 343 2637 κδμ
357 2557 476 2638 μέσσον
491 2559 596 2624 πεδίον
612 2557 767 2640 φοβέοντο
781 2560 856 2639 βόες
871 2559 921 2630 ὥς,

141 2661 172 2728 ἀς
186 2687 219 2727 τε
233 2663 313 2725 λέων
328 2663 470 2743 ἐφόβησε
484 2662 589 2742 μολδυ
604 2666 638 2726 ἐν
653 2661 757 2728 νυκτὸς
773 2663 898 2744 ἀμολγῷ

25 2773 26 2830 ζ
141 2766 247 2830 πάσας·
270 2790 306 2852 τῃ
323 2763 356 2829 δέ
374 2765 399 2828 τ’
415 2767 443 2851 ἰῇ
461 2765 661 2846 ἀναφαίνεται
676 2762 763 2830 αίπῦς
779 2766 914 2846 ὄλεθρος·

140 2871 189 2945 τῆς
204 2867 228 2930 δ’
246 2865 282 2946 ἐξ
295 2864 395 2948 αὐχέν’
413 2864 483 2946 ἔαξε
497 2867 607 2946 λαβὼν
622 2871 812 2948 κρατεροῖσιν
828 2867 933 2929 ὀδοῦσι
1034 2865 1079 2942 ιγ5

28 2995 29 3034 ι
141 2976 264 3050 πρῶτον,
281 2969 385 3033 ἔπειτα
400 2968 433 3033 δέ
448 2967 475 3032 θ’
491 2971 565 3049 οἶμα
580 2971 630 3033 καὶ
647 2969 759 3051 έγκατα
772 2966 872 3031 πάντα
886 2969 1053 3048 λαφύσσει·

141 3073 177 3137 ὣς
191 3071 259 3138 τοὺς
273 3069 428 3153 Ἀτρείδης
445 3071 540 3152 ἔφεπε
556 3072 662 3153 κρείων
677 3069 885 3153 Ἀγαμέμνων,

140 3176 201 3238 αἰὲν
216 3175 402 3238 ἀποκτείνων
417 3173 469 3238 τὸν
485 3175 659 3239 ὀπίστατον·
685 3175 714 3237 οῖ
729 3172 755 3236 δ’
772 3171 936 3252 ἐφέβοντο.

30 3279 32 3340 '1
139 3279 248 3341 πολλοὶ
263 3278 295 3339 δὲ
311 3281 433 3358 πρηνεῖς
448 3301 481 3340 τε
497 3278 546 3340 καὶ
560 3278 661 3341 ύπτιοι
675 3277 806 3340 ἔκπεσον
821 3276 922 3338 ἵππων

138 3377 295 3460 Ἀτρεΐδεω
310 3378 367 3442 ὑπὸ
381 3379 482 3461 χερσί·
506 3379 632 3460 περιπρὸ
647 3381 705 3460 γὰρ
719 3379 804 3463 ἔγχεϊ
820 3381 899 3440 θῦεν.
1035 3387 1080 3435 180

139 3480 206 3542 ἀλλ’
223 3482 274 3545 ὅτε
289 3481 325 3560 δὴ
341 3477 409 3564 τάχ’
426 3481 554 3559 ἔμελλεν
569 3480 626 3544 ὑπὸ
641 3481 751 3544 πτόλιν
767 3479 839 3543 αἰπύ
853 3504 886 3543 τε
902 3481 1004 3559 τεῖχος

36 3618 41 3659 ;
140 3581 266 3660 ἵξεσθαι,
282 3583 351 3647 τότε
367 3581 403 3662 δή
417 3585 456 3665 ῥα
474 3583 572 3664 πατὴρ
589 3584 704 3664 ἀνδρῶν
720 3607 753 3648 τε
768 3587 845 3648 θεῶν
859 3607 893 3647 τε

37 3672 42 3697 '
138 3683 216 3764 Ἴδης
231 3688 264 3752 ἓν
279 3689 430 3773 κορυφῇσι
446 3685 585 3763 καθέζετο
601 3685 780 3764 πιδηέσσης,
