2792 4232
487 308 534 375 15.
559 299 729 358 1A1AA02
753 301 791 358 0.

109 503 113 512 ·
167 466 320 548 ἐκπέρσαι,
337 470 438 530 δοῦναι
455 467 485 528 δὲ
502 463 580 546 μέγα
596 463 703 546 κράτος
718 463 913 545 Ἀργείοισιν,

167 575 242 634 ἴστω
260 566 352 640 τοῦθ’,
369 569 415 632 ὅτι
431 573 501 631 νῶϊν
518 566 682 646 ἀνήκεστος
697 568 791 650 χόλος
808 564 926 630 ἔσται.”

202 672 266 738 Ὣς
281 672 373 737 εἰπὼν
388 670 461 734 λίπε
475 669 552 733 λαὸν
566 668 726 754 Ἀχαιϊκὸν
742 671 941 751 ἐννοσίγαιος,

169 777 235 838 δῦνε
250 775 282 838 δὲ
299 773 410 836 πόντον
426 773 488 848 ίόν,
505 773 641 837 πόθεσαν
656 771 683 837 δ’
700 773 793 854 ἥρωες
808 771 941 855 Ἀχαιοί.

169 877 216 939 καὶ
231 873 293 938 τότ’
309 875 492 938 Ἀπόλλωνα
508 875 648 957 προσέφη
665 874 889 958 νεφεληγερέτα
901 875 984 940 Ζεύς·
1064 901 1111 936 220

170 991 187 1013 “
198 981 285 1062 ἔρχεο
301 985 363 1052 νῦν,
380 981 454 1058 φίλε
468 982 576 1058 Φοῖβε,
591 977 657 1058 μεθ’
673 977 804 1058 Ἕκτορα
817 975 1077 1060 χαλκοκορυστήν·

168 1082 221 1162 ἤδη
236 1083 292 1162 μὲν
307 1081 364 1164 γάρ
379 1107 425 1145 τοι
440 1080 586 1164 γαιήοχος
601 1082 791 1163 ἐννοσίγαιος

168 1191 283 1268 οἴχεται
299 1187 342 1250 είς
358 1184 418 1248 άλα
433 1189 506 1263 δῖαν,
527 1184 709 1263 ἀλευάμενος
723 1186 820 1266 χόλον
836 1183 925 1248 αίπδν

168 1288 320 1370 ἡμέτερον·
342 1287 425 1366 μάλα
439 1285 496 1369 γάρ
512 1313 546 1350 κε
559 1285 660 1371 μάχης
676 1287 821 1351 ἐπύθοντο
838 1289 886 1350 καὶ
903 1288 1005 1363 ἄλλοι,

170 1394 199 1454 οἵ
212 1418 266 1472 περ
282 1390 432 1472 ἐνέρτεροί
446 1393 506 1453 εῖσι
523 1391 595 1468 θεοί,
613 1392 728 1470 Κρόνον
744 1391 838 1470 ἀμφὶς
853 1391 964 1454 ἔόντες.
1063 1413 1109 1464 ²²5

170 1497 249 1558 θλλδι
263 1493 324 1557 τόδ’
341 1494 414 1573 ἠμὲν
430 1494 495 1570 ε’μοὶ
511 1493 589 1556 πολὺ
605 1493 722 1572 κέρδιον
737 1490 789 1571 ἠδέ
803 1494 833 1558 οῖ
849 1493 927 1577 αὐτῷ

170 1598 287 1673 ἔπλετο,
303 1598 367 1659 όττι
383 1595 508 1676 πάροιθε
524 1597 722 1676 νεμεσσηθεὶς
737 1594 858 1674 ὑπόειξε

169 1705 270 1782 χεῖρας
286 1700 367 1777 ἐμός,
384 1700 450 1762 ἐπεὶ
467 1699 500 1761 ού
516 1725 567 1764 κεν
583 1701 723 1780 ἀνιδρωτί
736 1697 765 1782 γ’
781 1698 937 1778 ἐτελέσθη.

170 1806 250 1867 ιἰλλδ
266 1802 347 1884 σύγ’
363 1804 394 1866 ἔν
409 1803 548 1885 χείρεσσι
564 1801 637 1882 λάβ’
654 1805 755 1884 αἰγίδα
771 1803 1015 1877 θυσσανόεσσαν,

171 1907 205 1993 τῇ
220 1903 292 1985 μόλ’
309 1907 474 1969 ἐπισσείων
490 1904 619 1986 φοβέειν
634 1905 733 1986 ἥρωας
748 1904 901 1990 Ἀχαιούς·
1063 1929 1111 1976 230

170 2004 219 2066 σοὶ
234 2002 260 2065 δ’
275 2003 353 2086 αὐτῷ
369 2001 495 2079 μελέτω,
513 2006 692 2081 ἑκατηβόλε,
710 2007 853 2086 φαίδιμος
863 2005 990 2086 Ἕκτωρ·

169 2106 265 2186 τόφρα
279 2107 337 2186 γὰρ
353 2104 405 2166 οὖν
421 2107 449 2168 οἱ
466 2104 561 2187 ἔγειρε
576 2104 666 2184 μένος
680 2105 768 2188 μέγα,
787 2107 855 2188 ὄφρ’
870 2107 908 2172 δν
923 2107 1046 2189 Ἀχαιοὶ

169 2209 330 2290 φεύγοντες
345 2204 417 2284 νῆάς
436 2231 468 2270 τε
485 2209 533 2270 καὶ
548 2206 783 2286 Ἑλλήσποντον
797 2211 928 2273 ἵκωνται.

170 2316 265 2374 κεῖθεν
281 2308 306 2373 δ’
323 2309 410 2374 αὐτὸς
427 2311 484 2392 ἐγὼ
501 2309 658 2390 φράσομαι
673 2311 763 2393 ἔργον
778 2336 811 2376 τε
826 2312 898 2378 έπας
913 2338 956 2385 τε,

168 2418 206 2480 ὥς
223 2441 255 2478 κε
271 2413 319 2476 καὶ
334 2413 416 2478 αύτις
431 2411 551 2496 Ἀχαιοὶ
565 2415 778 2478 ἀναπνεύσωσι
794 2413 931 2479 πόνοιο.”
1062 2441 1109 2490 235

203 2516 265 2582 Ὣς
281 2514 378 2597 ἔφατ’,
394 2513 456 2578 οὐδ’
472 2517 529 2598 ἄρα
544 2516 655 2599 πατρὸς
671 2518 899 2598 ἀνηκούστησεν
915 2515 1085 2595 Ἀπόλλων,

168 2624 210 2699 βῆ
225 2621 258 2683 δὲ
271 2619 334 2682 κατ’
349 2618 467 2683 Ἰδαίων
482 2619 585 2700 ὀρέων,
601 2623 680 2700 ἴρηκι
696 2621 801 2686 ἐοικὼς

169 2723 237 2786 ὠκέϊ
251 2723 453 2806 φασσοφόνῳ,
471 2724 503 2787 ός
518 2720 543 2784 τ’
561 2723 688 2788 ὤκιστος
704 2731 867 2802 πετεηνῶν.

170 2826 224 2907 εὗρ’
240 2825 306 2889 υἱὸν
320 2823 470 2907 Πριάμοιο
485 2824 657 2907 δαΐφρονος,
670 2825 802 2907 Ἕκτορα
819 2832 894 2902 δῖαν,

169 2929 284 3007 ἥμενον,
300 2925 361 2991 οὐδ’
377 2928 421 2989 ἔτι
438 2933 527 3006 κεῖτο,
543 2926 612 2990 νέον
628 2926 653 2992 δ’
670 2931 845 3011 ἔσαγείρετα
867 2928 969 3007 θυμόν,
1061 2953 1110 3001 240

170 3031 245 3111 ἀμφὶ
260 3031 274 3094 ἑ
289 3029 466 3111 γιγνόσκων
482 3030 612 3110 ἑτάρους·
637 3033 711 3112 ἀτὰρ
727 3031 829 3110 ἆσθμα
846 3032 894 3093 καὶ
911 3032 998 3111 ἱδρὼς

169 3133 281 3209 παύετ’,
296 3133 366 3195 ἐπεί
376 3157 429 3210 μιν
445 3131 541 3214 ἔγειρε
558 3132 631 3198 Διὸς
648 3133 717 3199 νόος
733 3134 895 3216 αἰγιόχοιο.

168 3238 262 3318 ἀγχοῦ
276 3232 302 3298 δ’
320 3232 479 3311 ἱστάμενος
493 3233 633 3316 προσέφη
651 3235 791 3318 ἑκάεργος
807 3233 978 3299 Ἀπόλλων·

169 3337 313 3419 “Ἔκτορ,
328 3340 374 3401 υίὲ
390 3336 548 3417 Πριάμοιο,
565 3339 612 3416 τίη
629 3341 661 3401 δὲ
677 3339 716 3400 σὺ
731 3340 845 3419 νόσφιν
861 3335 911 3401 ἀπ’
928 3337 1033 3400 ἄλλων

168 3441 219 3519 ήσ)
236 3436 465 3522 ὀλιγηπελέων,·
488 3439 580 3518 ἦπού
594 3440 624 3503 τί
639 3467 676 3504 σε
692 3445 780 3518 κῆδος
797 3438 891 3504 ἱκάνει
905 3464 916 3513 ,·
928 3437 946 3466 ”
1060 3467 1106 3517 245

208 3544 268 3608 Τὸν
283 3541 309 3606 δ’
326 3539 548 3623 ὀλιγοδρανέων
561 3540 702 3623 προσέφη
719 3544 913 3622 κορυθαίολος
924 3540 1052 3621 Ἕκτωρ·

171 3647 188 3678 “
197 3647 240 3710 τίς
255 3650 286 3712 δὲ
309 3645 348 3708 σύ
366 3647 436 3709 ἐσσι
452 3643 578 3724 φέριστε
594 3649 678 3716 θεῶν,
696 3645 729 3709 ὅς
743 3642 774 3723 μ’
791 3647 884 3722 εἴρεαι
899 3645 1011 3721 ἄντην,

612 3769 668 3836 L3
