2788 4230
279 355 342 423 772
564 344 614 407 16.
637 347 872 407 οιιννπιλν
895 348 934 408 π.

280 519 380 594 κοῦροι
395 512 571 594 κεκριμένοι,
588 509 625 593 ἐξ
637 517 669 578 δέ
686 519 848 597 δρηστῆρες
864 515 995 579 ἕπονται·

278 620 360 681 ἐκδὲ
377 614 477 697 Σάμης
493 617 616 699 πίσυρές
631 644 663 683 τε
679 617 728 682 καὶ
744 623 841 683 είκοσι
856 624 956 700 φῶτες
971 619 1066 696 ἔασιν,

279 725 310 785 ἐκ
327 724 359 785 δέ
376 721 527 786 Ζακύνθου
544 721 631 788 ἔασιν
646 724 758 786 ἐείκοσι
774 728 874 803 κοῦροι
890 723 1031 805 Ἀχαιῶν,

278 827 310 887 ἐκ
327 824 352 888 δ’
368 825 457 904 αὐτῆς
471 823 588 902 Ἰθάκης
605 827 780 890 δυοκαίδεκα
795 826 904 893 πάντες
919 826 1048 906 άριστοι,

278 929 329 991 καί
344 936 421 1009 σφιν
436 927 485 1007 ἀμ’
501 931 566 992 ἐστὶ
583 929 693 994 Μέδων
710 928 803 1011 κῆρυξ
817 927 865 993 καὶ
882 934 961 995 θεῖος
978 931 1078 994 ἀοιδὸς

278 1033 326 1095 καὶ
343 1034 413 1096 δοιὼ
431 1031 600 1113 θεράποντε,
615 1032 745 1113 δαήμονε
762 1031 993 1114 δαιτροσυνάων.

277 1140 336 1200 τῶν
351 1141 379 1200 εί
397 1163 447 1201 κεν
463 1136 583 1200 πάντων
599 1135 768 1215 ἀντήσομεν
784 1137 871 1202 ένδον
886 1139 1007 1212 ἐόντων,

275 1240 316 1319 μῆ
333 1241 504 1321 πολύπικρα
520 1238 568 1303 καὶ
584 1239 652 1303 αίνά
667 1241 739 1320 βίας
757 1240 916 1304 ἀποτίσεαι
932 1239 1039 1303 ἐλθόν.

276 1343 357 1406 ἀλλὰ
374 1344 466 1426 σύγ’,
482 1347 509 1408 εί
524 1345 654 1409 δύνασαί
667 1343 723 1407 τιν’
738 1343 888 1425 ἀμύντορα
902 1342 1089 1425 μερμηρίξαι,

275 1447 398 1528 φράζευ,
414 1449 431 1510 ὅ
447 1449 497 1512 κέν
511 1473 557 1514 τις
573 1453 644 1511 νῶϊν
660 1448 765 1527 ἀμύνοι
781 1449 930 1528 πρόφρονι
946 1444 1058 1531 θυμηδέ’

318 1551 382 1614 Τὸν
397 1551 422 1614 δ’
438 1551 507 1614 αὖτε
523 1551 687 1632 προσέειπε
707 1551 862 1616 πολύτλας
876 1555 939 1616 δῖος
954 1548 1131 1617 Ὀδυσσεύς·

277 1661 295 1690 “
306 1657 410 1736 τοιγάρ
425 1654 504 1736 ἐγὼν
521 1655 604 1734 ἐρέω,
619 1653 659 1716 σὺ
677 1658 710 1718 δὲ
730 1654 838 1719 σύνθεο
855 1657 906 1718 καί
918 1679 974 1732 μευ
988 1653 1128 1719 ἄκουσον·

275 1755 323 1822 καὶ
339 1758 456 1839 φράσοι
472 1758 500 1821 εί
514 1783 564 1822 κεν
580 1767 652 1823 νῶϊν
666 1757 778 1837 Ἀθήνη
795 1758 852 1821 σύν
868 1759 921 1821 Διὶ
936 1759 1026 1838 πατρὶ

274 1861 404 1941 ἀρκέσει,
419 1859 455 1940 ῆέ
468 1862 524 1926 τιν’
540 1861 638 1926 ἀλλον
654 1862 803 1944 ἀμύντορα
818 1858 1018 1943 μερμηρίξω.”

316 1969 379 2029 Τδν
395 1965 420 2029 δ’
436 1966 474 2031 ού
487 1965 667 2047 Τηλέμαχος
682 1963 868 2046 πεπνυμένος
885 1966 987 2030 ἀντίον
1001 1963 1084 2043 ηὔδα·

275 2069 407 2133 αἐσθλά
424 2095 470 2133 τοι
485 2070 578 2132 τούτω
594 2069 622 2152 γ’
638 2070 833 2150 ἐπαμύντορε,
849 2068 916 2134 τοὺς
931 2069 1091 2150 ἀγορεύεις,

272 2173 330 2254 ύψι
346 2199 402 2255 περ
418 2176 450 2239 ἐν
465 2173 611 2254 νεφέεσσι
629 2172 791 2252 καθημένω·
814 2173 837 2236 ὥ
853 2198 885 2236 τε
901 2171 949 2234 καὶ
961 2169 1071 2237 ἀλλοις

273 2277 399 2358 ἀνδράσι
417 2303 449 2340 τε
466 2276 621 2359 κρατέουσι
637 2278 685 2340 καὶ
701 2275 876 2339 ἀθανάτοισι
892 2272 1017 2338 θεοῖσι.”

315 2381 378 2445 Τὸν
395 2378 419 2445 δ’
435 2380 506 2445 αύτε
520 2378 684 2461 προσέειπε
698 2379 851 2445 πολύτλας
867 2383 929 2444 δῖος
944 2377 1122 2444 Ὀδυσσεύς·

273 2490 289 2518 “
300 2485 333 2548 οὗ
347 2484 403 2563 μέν
418 2508 464 2547 τοι
483 2483 570 2546 κείνω
585 2508 621 2564 γε
637 2481 734 2547 πολύν
747 2484 859 2564 χρόνον
875 2479 969 2562 ἀμφὶς
988 2482 1119 2546 ἔσεσθον

272 2589 441 2669 φυλόπιδος
456 2591 607 2668 κρατερῆς,
623 2587 713 2650 ὁπότε
728 2590 898 2666 μνηστῆρσι
915 2585 963 2650 καὶ
978 2585 1048 2666 ἡμῖν

273 2694 305 2756 ἐν
319 2689 496 2772 μεγάροισιν
514 2693 612 2771 ἐμοῖσι
628 2689 718 2770 μένος
734 2690 868 2770 κρίνηται
880 2686 1001 2770 Ἀρηος.

272 2795 354 2858 ἀλλὰ
370 2794 408 2857 σὺ
422 2797 479 2875 μέν
493 2799 546 2859 νῶν
562 2794 649 2876 έρχευ
664 2791 713 2874 ἀμ’
728 2794 778 2871 ήοῐ
793 2795 1017 2875 φαινομένηφιν

272 2901 382 2977 οἴκαδε,
400 2895 447 2962 καὶ
462 2900 648 2979 μνηστῆρσιν
663 2898 899 2978 ὑπερφιάλοισιν
914 2898 1022 2978 ὁμίλει·

271 3001 362 3085 αὐτὰρ
378 3005 429 3082 ἐμὲ
445 3003 531 3082 προτὶ
546 3001 622 3065 ἀστν
638 3001 780 3082 συβώτης
794 3002 920 3083 ὕστερον
934 3000 1008 3081 ἀξει,

223 3110 224 3119 ’
270 3107 381 3189 πτωχῶ
397 3107 554 3189 λευγαλέῳ
574 3105 748 3187 ἐναλίγκιον
762 3106 815 3184 ἠδὲ
830 3104 958 3187 γέροντι.

271 3210 296 3272 εί
313 3208 346 3273 δέ
361 3208 391 3287 μ’
406 3206 589 3290 ἀτιμήσουσι
604 3211 696 3288 δόμον
711 3209 795 3286 κάτα,
811 3215 868 3273 σδν
884 3212 916 3273 δέ
932 3211 1028 3291 φίλον
1043 3215 1097 3292 κῆρ

269 3311 403 3378 τετλάτω
420 3315 452 3377 ἐν
467 3313 617 3392 στήθεσσι
633 3318 729 3378 κακῶς
744 3311 915 3394 πάσχοντος
930 3315 1021 3393 ἐμεῖο,

268 3415 307 3494 ἥν
321 3443 377 3498 περ
394 3413 441 3480 καὶ
457 3419 505 3481 διά
520 3422 604 3497 δῶμα
618 3421 719 3480 ποδῶν
734 3415 846 3481 ἕλκωσι
862 3417 967 3497 θύραζε

267 3519 286 3600 ἢ
302 3507 433 3602 βέλεσιν
447 3519 602 3602 βάλλωσι·
625 3520 665 3584 σδ
680 3520 706 3584 δ’
722 3521 866 3602 είσορόων
883 3520 1057 3605 ἀνέχεσθαι.

269 3623 341 3689 ἀλλ’
355 3625 374 3705 ῆ
392 3649 438 3687 τοι
458 3624 607 3688 παύεσθαι
622 3625 776 3707 ἀνωγέμεν
788 3624 998 3706 ἀφροσυνάων,

267 3730 429 3813 μειλιχίοις
446 3725 570 3792 ἐπέεσσι
586 3731 752 3808 παραυδῶν·
764 3730 803 3831 ,αἱ
818 3727 852 3792 δέ
866 3753 913 3793 τοι
929 3730 965 3794 ού
978 3757 1007 3796 τι
