2738 4226
458 342 505 408 13·
530 327 699 388 ΙΛΙΑΔΟΣ
723 327 764 388 Ν.
1020 343 1081 410 255

139 496 206 560 οὐδέ
221 498 250 559 οἱ
267 494 394 576 ἀτρέμας
409 494 503 574 ἧσθαι
518 492 649 576 ἐρητύετ’
664 496 697 559 έν
713 496 806 576 φρεσὶ
821 495 922 574 θυμός,
1034 506 1084 556 280

139 601 217 662 ἀλλά
233 596 410 679 μετοκλάζει
426 599 475 662 καὶ
492 597 539 662 ἀπ’
552 595 740 678 ἀμφοτέρους
755 599 849 664 πόδας
864 599 931 675 ίζει,

139 705 170 766 ἐν
185 701 219 766 δέ
233 701 267 765 τέ
282 703 312 765 οἱ
327 702 430 782 κραδίη
444 699 564 783 μεγάλα
579 699 734 782 στέρνοισι
749 699 904 764 πατάσσει

139 809 228 886 κῆρας
244 802 378 888 ὀϊομένῳ,
395 801 529 885 πόπαγος
543 802 576 868 δέ
591 828 625 867 τε
639 800 751 886 γίγνετ’
768 805 910 867 ὀδόντων·

137 914 190 972 ταῦ
204 906 229 972 δ’
247 909 361 990 ἀγαθοῦ
376 905 438 968 οὔτ’
453 904 491 987 ἀρ
506 905 645 987 τρέπεται
660 907 740 988 χρδς
756 907 824 970 οὔτε
840 931 869 969 τι
884 907 955 983 λίην

138 1015 253 1092 ταρβεῖ,
272 1011 396 1076 έπειδδν
414 1015 532 1091 πρῶτον
547 1009 683 1087 ἐσίζηται
698 1011 796 1091 λόχον
813 1010 936 1089 ἀνδρῶν,
1037 1021 1084 1081 285

139 1116 244 1194 ἀρᾶται
260 1113 293 1177 δὲ
309 1110 440 1195 τάχιστα
453 1109 616 1193 μιγήμεναι
631 1113 665 1176 ἐν
680 1111 730 1176 δαὶ
743 1113 848 1196 λυγρήν

140 1216 206 1280 οὐδέ
222 1242 274 1280 κεν
289 1215 362 1278 ἔνθα
376 1215 445 1278 τεόν
459 1239 495 1297 γε
509 1213 598 1292 μένος
615 1215 664 1280 καὶ
678 1219 783 1297 χεῖρας
799 1217 908 1278 ὄνοιτο.

140 1319 169 1381 εἴ
179 1342 233 1400 περ
245 1316 302 1399 γόρ
316 1342 348 1381 κε
359 1322 450 1398 βλεῖο
464 1317 645 1398 πονεύμενος
659 1319 694 1396 ἠὲ
710 1319 841 1397 τυπείης,

141 1421 191 1483 οὐκ
206 1419 244 1485 δν
259 1423 293 1485 ἐν
307 1417 409 1503 αὐχέν’
425 1421 536 1485 ὄπισθε
551 1421 642 1486 πέσοι
656 1420 753 1500 βέλος
769 1419 831 1484 οόδ’
847 1422 892 1484 ε’νὶ
908 1420 1000 1503 νότῳ,

141 1524 221 1586 ἀλλά
237 1549 288 1587 κεν
303 1520 321 1601 ἢ
338 1521 470 1603 στέρνων
484 1521 502 1602 ἢ
519 1524 624 1602 νηδύος
640 1524 794 1590 ἀντιάσειε
1037 1547 1085 1596 290

140 1627 265 1707 πρόσσω
282 1625 411 1704 ἱεμένοιο
426 1630 502 1706 μετά
516 1627 680 1711 πραμόχων
695 1627 847 1709 ὀαριστύν.

140 1727 208 1792 ἀλλ’
225 1729 289 1811 ἀγε,
303 1726 408 1807 μηκέτι
424 1733 516 1792 ταῦτα
530 1730 690 1811 λεγώμεθα
706 1731 843 1808 νηπύτιοι
858 1731 898 1798 δς

141 1832 291 1903 ἑσταότες,
306 1827 347 1910 μή
362 1829 421 1894 πού
436 1856 480 1897 τις
495 1832 689 1912 ὑπερφιάλως
706 1832 870 1918 νεμεσήσῃ·
974 1879 985 1898 .

142 1939 222 2000 ἀλλά
237 1936 276 2000 σύ
290 1962 327 2019 γε
343 1937 499 2014 κλισίηνδε
515 1939 587 2002 κιὼν
600 1937 670 2001 έλευ
688 1941 817 2019 ὄβριμον
834 1937 954 2020 έγχος.”

177 2039 240 2106 Ὣς
256 2037 345 2121 φότο,
363 2040 517 2121 Μηριόνης
532 2043 565 2104 δὲ
581 2042 640 2125 θοῷ
658 2040 825 2107 ἀτάλαντος
837 2040 927 2121 Ἀρηϊ
1037 2067 1083 2116 295

143 2145 334 2225 καρπαλίμως
350 2144 508 2221 κλισίηθεν
523 2144 660 2208 ἀνείλετο
675 2141 810 2226 χόλκεον
826 2143 926 2226 ἔγχος,

141 2253 183 2328 βῆ
198 2250 231 2311 δὲ
245 2246 309 2328 μετ’
325 2247 479 2326 Ἰδομενῆα
493 2245 572 2327 μέγα
586 2245 750 2326 πτολέμοιο
764 2247 916 2326 μεμηλώς.

143 2353 205 2416 οἶος
220 2352 253 2414 δὲ
267 2347 469 2430 βροτολοιγὸς
480 2346 574 2429 Ἀρης
592 2349 762 2427 πόλεμόνδε
776 2347 904 2428 μέτεισι,

143 2455 182 2537 τῷ
198 2454 231 2516 δὲ
247 2451 352 2529 Φόβος
367 2453 459 2531 φίλος
475 2450 538 2516 υἱὸς
553 2450 614 2529 ἀμα
629 2451 769 2532 κρατερὸς
785 2452 834 2514 καὶ
850 2452 985 2532 ἀταρβὴς

143 2557 263 2630 ἕσπετο,
280 2554 313 2619 ὀς
327 2550 354 2616 τ’
370 2553 511 2633 ἐφόβησε
526 2552 704 2633 τολάφρονά
718 2579 775 2635 περ
791 2555 988 2633 πολεμιστήν·
1037 2580 1086 2625 300

143 2660 182 2721 τδ
197 2659 253 2737 μὲν
268 2654 314 2736 ἀρ’
330 2657 364 2719 ἐκ
380 2653 501 2740 Θρῄκης
516 2653 667 2738 Ἐφύρους
680 2657 756 2738 μέτα
771 2655 999 2737 θωρήσσεσθον,

143 2759 177 2837 ἠὲ
190 2761 267 2837 μετὰ
282 2758 421 2836 Φλεγύας
435 2757 653 2840 μεγαλήτορας·
678 2757 738 2824 οὐδ’
755 2759 812 2839 ἀρα
826 2759 867 2822 τό
883 2784 920 2841 γε

145 2863 251 2925 ἔκλυον
267 2859 454 2942 ἀμφοτέρων,
470 2860 601 2939 ἑτέροισι
616 2863 649 2926 δέ
665 2866 750 2930 κῦδος
766 2866 887 2924 ἔδωκαν·

144 2969 218 3026 τοῖοι
235 2965 390 3044 Μηριόνης
405 2965 502 3028 τεκαὶ
518 2961 691 3042 Ἰδομενεύς,
708 2965 777 3046 ἀγοὶ
793 2966 917 3041 ἀνδρῶν,

144 3064 233 3143 ἤϊσαν
249 3068 280 3133 ές
295 3067 430 3146 πόλεμον
448 3066 656 3146 κεκορυθμένοι
672 3069 775 3130 αἴθοπι
790 3069 908 3150 χαλκῷ.
1037 3091 1085 3140 305

144 3170 195 3233 τὸν
211 3171 259 3233 καὶ
275 3171 430 3251 Μηριόνης
445 3171 588 3250 πρότερος
602 3170 676 3252 πρὸς
690 3174 784 3249 μῦθον
800 3170 891 3233 ἔειπε·

145 3279 163 3308 “
174 3276 355 3353 Δευκαλίδη,
372 3277 413 3359 πῇ
430 3274 455 3338 τ’
471 3274 507 3355 ἀρ
522 3272 653 3354 μέμονας
669 3279 827 3338 καταδῦναι
842 3275 970 3352 όμιλονς

144 3371 162 3453 ἢ
178 3378 227 3440 ἐπὶ
243 3375 381 3457 δεξιόφιν
395 3377 506 3444 παντὸς
523 3383 657 3457 στρατοῦ,
676 3375 766 3453 ήάνδ
779 3373 923 3454 μέσσους,

144 3480 222 3558 ήέπ’
238 3481 458 3562 ἀριστερόφινς
482 3482 548 3545 ἐπεὶ
564 3481 598 3544 ού
613 3485 684 3544 ποθι
701 3485 831 3560 ἔλπομαι
845 3482 922 3544 οὕτω

143 3586 283 3648 δεύεσθαι
301 3583 447 3664 πολέμοιο
464 3583 536 3664 κόρη
554 3585 723 3662 κομόωντας
736 3581 905 3664 Ἀχαιούς.”
1038 3607 1085 3654 ςιο

184 3687 248 3751 Τὸν
264 3687 288 3750 δ’
307 3687 368 3749 αὖτ’
385 3687 561 3768 Ἰδομενεύς,
576 3691 699 3768 Κρητῶν
714 3688 795 3769 ἀγός,
813 3689 913 3772 ἀντίον
929 3685 1010 3762 ηὔδα·
