2834 4234
267 357 331 424 704
553 358 603 406 ια.
623 343 856 404 ΟΔΎΣΣΕΙΑΣ
888 345 931 404 Μ.

266 513 372 593 ἥμεθα·
396 510 451 590 τήν
466 507 491 574 δ’
508 509 617 590 άνεμός
632 537 664 575 τε
679 512 863 594 κυβερνήτης
878 511 903 574 τ’
919 515 1010 576 ίθυνε.

267 617 303 694 δὴ
320 612 380 678 τότ’
396 615 474 696 ἐγὼν
490 614 622 696 ἑτάροισι
638 616 790 694 μετηύδων
806 616 971 698 ἀχνύμενος
989 619 1066 696 κῆρ’,

311 717 385 780 ((Ὠ
401 721 498 800 φίλοι,
515 718 622 802 οὐγὰρ
638 719 696 802 χρὴ
711 719 763 783 ἑνα
778 721 894 800 ἴδμεναι
910 720 978 783 οὐδὲ
993 717 1042 784 δύ’
1059 721 1138 785 οῖους

268 822 396 904 θέσφαθ’
413 823 433 888 ά
446 849 499 902 μοι
516 825 609 906 Κίρκη
625 824 790 904 μυθήσατο,
807 823 977 889 δῖαθεάων·
1168 851 1213 899 155

268 926 338 991 ἀλλ’
355 926 428 1008 ἐρέω
442 928 498 1007 μὲν
513 928 598 1010 ἐγόν,
614 930 665 991 ἵνα
681 929 793 994 εἰδότες
807 927 827 1006 ἤ
842 955 876 993 κε
891 927 1029 1008 θάνωμεν

267 1031 286 1110 ἥ
303 1057 353 1096 κεν
369 1029 549 1108 ἀλευάμενοι
565 1031 695 1096 θάνατον
710 1029 758 1094 καὶ
775 1035 849 1113 κῆρα
865 1023 1022 1113 φύγοιμεν.

269 1133 417 1215 Σειρήνων
431 1137 488 1212 μὲν
503 1140 620 1215 πρῶτον
635 1135 744 1216 ἀνώγει
761 1135 954 1200 θεσπεσιάων

268 1240 406 1320 φθόγγον
422 1237 587 1303 ἀλεύασθαι
605 1235 653 1300 καὶ
668 1235 790 1316 λειμῶν’
806 1240 998 1317 ἀνθεμόεντα.

269 1342 333 1407 οῖον
349 1338 394 1421 ἔμ’
410 1340 519 1422 ήνιύγει
536 1339 584 1404 ὄπ’
600 1340 753 1421 ἀκουέμεν·
777 1341 859 1404 ἀλλά
874 1368 912 1422 με
927 1341 1028 1426 δεσμῷ
1167 1353 1214 1400 160

268 1442 374 1522 δήσατ’
391 1445 423 1508 ἐν
438 1442 587 1527 ἀργαλέῳ,
605 1443 672 1523 ὄφρ’
690 1445 819 1523 ἐμπεδον
835 1445 938 1508 αὐτόθι
955 1445 1063 1524 μίμνω,

269 1549 358 1628 ὀρθὸν
374 1551 405 1612 ἐν
422 1546 575 1634 ἱστοπέδῃ,
593 1549 624 1610 ἐκ
641 1546 668 1611 δ’
684 1547 774 1611 αὐτοῦ
789 1546 904 1630 πείρατ’
919 1547 1055 1630 άνήφθω.

270 1654 296 1715 εἱ
311 1651 344 1715 δέ
359 1676 393 1714 κε
407 1651 563 1728 λίσσωμαι
578 1650 670 1730 ὑμέας
686 1653 782 1715 λῦσαί
794 1677 827 1716 τε
843 1653 966 1728 κελεύω,

269 1757 351 1833 ὑμεῖς
366 1756 399 1817 δέ
414 1754 583 1819 πλεόνεσσι
600 1752 662 1818 τότ’
678 1756 711 1818 ἐν
727 1759 867 1835 δεσμοῖσι
883 1752 1026 1833 πιέζειν.”

309 1855 354 1919 Ἦ
372 1883 418 1921 τοι
435 1857 493 1939 ἐγὼ
509 1859 546 1919 τὰ
561 1857 674 1920 ἕκαστα
690 1858 789 1940 λέγων
806 1858 937 1940 ἑτάροισι
955 1859 1134 1938 πίφαυσκον·
1167 1873 1215 1942 τίη

270 1963 369 2042 τόφρα
384 1964 417 2024 δέ
435 1961 626 2042 καρπαλίμως
642 1959 756 2040 ἐξίκετο
772 1967 841 2040 νηῦς
857 1962 980 2045 εύεργής

270 2066 363 2141 νῆσον
379 2062 557 2144 Σειρήνοιϊν·
581 2065 683 2147 ἔπειγε
698 2065 755 2147 γὰρ
771 2065 857 2146 οὖρος
872 2064 1007 2144 ἀπήμων.

270 2167 363 2232 αὐτίκ’
381 2166 472 2233 ἔπειτ’
488 2167 595 2249 ἄνεμος
609 2171 664 2248 μὲν
680 2169 831 2233 ἐπαύσατο
846 2169 898 2248 ἠδὲ
912 2168 1029 2251 γαλήνη

271 2273 382 2336 ἔπλετο
398 2272 531 2351 νηνεμίη,
551 2274 677 2351 κοίμησε
693 2275 725 2335 δὲ
743 2273 858 2352 κύματα
872 2273 995 2353 δαίμων.

271 2375 435 2443 ἀνστάντες
452 2373 477 2439 δ’
496 2375 595 2456 ἐταροι
611 2375 677 2441 νεὸς
694 2376 778 2439 ἱστία
792 2375 970 2456 μηρύσαντο,
1170 2401 1217 2450 ¹70

273 2480 321 2542 καὶ
337 2481 374 2542 τὰ
388 2479 444 2560 μὲν
460 2481 493 2543 ἐν
508 2476 558 2555 νηὶ
571 2480 714 2566 γλαφυρῇ
730 2478 841 2560 βάλον,
859 2482 888 2543 οἱ
905 2478 930 2544 δ’
946 2477 993 2545 ἐπ’
1009 2480 1117 2562 ἐρετμὰ

272 2584 405 2663 ἑζόμενοι
421 2582 578 2646 λεύκαινον
592 2583 670 2664 ὕδωρ
686 2581 796 2669 ξεστῇς
811 2583 967 2670 ἐλάτῃσιν.

273 2685 362 2768 αὐτὰρ
378 2686 436 2768 ἐγὼ
454 2689 555 2766 κηροῖο
570 2684 666 2768 μέγαν
681 2688 793 2771 τροχὸν
810 2686 876 2767 όξέι·
894 2691 1001 2775 χαλκῷ

272 2788 364 2854 τυτθὰ
381 2786 543 2868 διατμήξας
559 2790 648 2871 χερσὶ
665 2792 832 2878 στιβαρῇσι
848 2793 958 2868 πίεζον.

273 2894 352 2976 αἶψα
369 2891 393 2956 δ’
411 2892 521 2956 ἰαίνετο
537 2893 635 2972 κηρός,
654 2891 719 2958 ἐπεὶ
736 2893 841 2958 κέλετο
856 2893 973 2976 μεγάλη
988 2894 1017 2961 ἱς
1171 2918 1218 2970 175

272 2993 399 3060 Ἠελίου
414 2991 439 3058 τ’
456 2994 532 3077 αὐγὴ
547 2994 757 3078 Ὑπεριονίδαο
772 2997 909 3064 ἄνακτος·

273 3098 371 3179 ἑξείης
388 3095 413 3162 δ’
429 3096 581 3180 ἑτάροισιν
597 3098 643 3163 ἐπ’
660 3099 751 3165 οὔατα
769 3105 864 3166 πᾶσιν
879 3101 1003 3183 ἄλειψα.

274 3204 302 3266 οἱ
318 3200 343 3266 δ’
360 3203 394 3267 ἐν
408 3200 459 3280 νηί
473 3202 502 3283 μ’
520 3203 633 3282 ἔδησαν
649 3207 721 3283 ὁμοῦ
737 3204 840 3288 χεῖράς
857 3231 891 3270 τε
907 3205 999 3271 πόδας
1015 3231 1048 3269 τε

274 3305 363 3387 ὀρθὸν
379 3307 413 3369 ἐν
428 3307 582 3394 ἱστοπέδῃ,
598 3309 631 3371 ἐκ
646 3306 671 3371 δ’
688 3307 778 3372 αὐτοῦ
792 3305 908 3390 πείρατ’
923 3310 1064 3385 άνῆπτον·

275 3407 359 3474 αὐτοὶ
374 3406 400 3472 δ’
416 3410 549 3490 ἑζόμενοι
565 3410 678 3490 πολιὴν
693 3410 753 3475 άλα
769 3412 880 3478 τύπτον
896 3415 1039 3492 ἐρετμοῖς.
1174 3428 1221 3477 180

276 3511 347 3578 ἀλλ’
361 3514 412 3578 ὅτε
429 3515 545 3580 τόσσον
560 3515 640 3592 ἆπήν
655 3515 752 3579 ὅσσον
767 3542 800 3580 τε
815 3513 927 3598 γέγωνε
940 3514 1071 3596 βοήσας,

275 3619 372 3700 ῥίμφα
388 3618 551 3694 διώκοντες,
567 3621 620 3685 τας
637 3617 661 3682 δ’
677 3619 711 3682 ού
722 3617 820 3684 λάθεν
835 3618 969 3686 ὠκύαλος
985 3625 1055 3698 νηῦς

277 3719 403 3804 ἐγγύθεν
418 3718 572 3800 ὀρνυμένη,
587 3720 713 3802 λιγυρὴν
728 3719 753 3786 δ’
770 3722 891 3786 ἔντυνον
908 3721 1022 3802 ἀοιδήν·
