2788 4230
486 875 884 953 ΟΔΥΣΣΕΙΑΣ
934 877 980 950 Υ.

439 1263 491 1336 Τὰ
516 1265 589 1364 πρὸ
615 1266 680 1360 τῆς
704 1261 1040 1362 μνηστηροφονίας.

264 1438 364 1521 Αύτάρ
380 1441 396 1502 ό
413 1442 446 1506 ἐν
461 1441 599 1525 προδόμῳ
620 1439 757 1518 εὐνάζετο
772 1444 835 1505 δῖος
850 1435 1027 1503 Ὀδυσσεύς·

266 1545 324 1622 κὰμ
338 1546 394 1623 μὲν
411 1543 565 1625 ἀδέψητον
580 1543 675 1624 βοέην
691 1543 823 1624 στόρεσ’,
840 1542 933 1623 αὐτὰρ
947 1541 1057 1621 ὕπερθε

265 1648 343 1712 κιόεα
359 1647 451 1712 πόλλ’
466 1646 549 1726 ἀίων,
567 1646 633 1713 τοὺς
651 1647 805 1725 ἱρεύεσκον
819 1645 950 1729 Ἀχαιοί·

265 1752 421 1833 Εὐρυνόμη
437 1751 462 1815 δ’
478 1751 524 1833 ἀρ’
540 1749 589 1815 ἐπὶ
607 1755 737 1832 χλαῖναν
751 1750 833 1829 βάλε
848 1748 1028 1827 κοιμηθέντι.

265 1857 326 1922 ἔνθ’
341 1855 486 1922 Ὀδυσεὺς
500 1857 672 1936 μνηστῆρσι
690 1853 765 1918 κακὰ
780 1853 918 1935 φρονέων
934 1849 978 1917 ἐνὶ
994 1855 1076 1938 θυμῷ
1199 1880 1213 1928 5

266 1959 336 2022 κεῖτ’
352 1959 550 2041 ἐγρηγορόων·
573 1961 622 2022 ταὶ
640 1959 666 2023 δ’
682 1961 714 2022 έκ
729 1957 872 2040 μεγάροιο
889 1960 1028 2039 γυναῖκες

264 2062 364 2141 ήϊσαν,
380 2061 410 2126 αἳ
425 2065 614 2143 μνηστῆρσιν
630 2061 848 2144 έμισγέσκοπο
864 2060 958 2141 πάρος
973 2086 1055 2141 περ,,

266 2165 424 2253 ἀλλήλῃσι
439 2166 520 2247 γέλω
537 2188 570 2230 τε
586 2168 635 2231 καὶ
652 2166 841 2248 εὐφροσύνην
857 2163 1053 2247 παρέχουσαι.

267 2275 318 2332 τοῦ
334 2270 360 2333 δ’
375 2269 497 2351 ὠρίνετο
513 2274 604 2348 θυμὸς
620 2272 664 2334 ένὶ
682 2267 833 2347 στήθεσσι
849 2269 981 2347 φίλοισι·

266 2374 369 2438 πολλά
386 2375 418 2436 δέ
433 2371 592 2453 μερμήριζε
608 2375 683 2436 κατά
699 2372 795 2453 φρένα
811 2369 859 2437 καλ
876 2369 950 2434 κατὰ
966 2371 1067 2450 θυμόν,
1181 2399 1215 2434 ιο

266 2477 300 2555 ήέ
315 2472 457 2557 μεταΐξας
473 2473 600 2540 θάνατον
615 2474 747 2554 τεύξειεν
764 2476 885 2561 ἑκάστῃ,

268 2581 287 2661 ή
303 2577 343 2646 ἔτ’
360 2578 399 2665 έηῖ
413 2583 600 2659 μνηστῆρσιν
615 2579 833 2659 ὑπερφιάλοισι
849 2583 971 2662 μιγῆναι

267 2687 383 2748 ὕστατα
399 2681 447 2747 καὶ
462 2684 590 2762 πύματα,
607 2683 711 2764 κραδίη
731 2680 763 2746 δέ
777 2686 806 2746 οἱ
823 2684 909 2748 ἔνδον
920 2683 1051 2748 ὑλάκτει.

270 2789 309 2855 ὡς
325 2792 357 2853 δὲ
377 2788 454 2852 κύων
469 2788 606 2872 ἀμαλῇσι
622 2784 690 2867 περὶ
706 2787 895 2852 σκυλάκεσσι
910 2793 1041 2868 βεβῶσα

269 2889 351 2972 ἄνδρ’
367 2890 545 2972 ἀγνοιήσασ’
560 2889 647 2954 ὑλάει
662 2889 790 2970 μέμονέν
805 2917 837 2956 τε
852 2890 1014 2976 μάχεσθαι,
1185 2918 1215 2967 15

270 2996 310 3060 ὥς
324 2996 362 3076 ρο
377 2998 429 3057 τοῦ
445 2995 531 3058 ἔνδον
545 2992 669 3058 ὑλάκτει
685 2993 865 3077 ἀγαιομένου
880 2998 956 3058 κακὰ
972 2994 1053 3076 ἔργα·

273 3101 384 3176 στῆθος
399 3099 432 3161 δὲ
447 3095 564 3175 πλήξας
581 3099 703 3179 κραδίην
718 3097 850 3176 ἠνίπαπε
864 3097 956 3183 μύθῳ·

271 3209 288 3237 “
299 3200 419 3266 τέτλαθι
435 3199 480 3280 δή,
498 3203 609 3283 κραδίη·
635 3202 683 3265 καὶ
701 3202 839 3284 κύντερον
854 3203 932 3266 άλλο
948 3200 1014 3267 ποτ’
1032 3203 1129 3282 έτλης,

271 3302 361 3383 ήματι
375 3307 415 3388 τῷ
432 3305 482 3368 ὅτε
494 3330 543 3383 μοι
558 3304 647 3385 μένος
663 3305 794 3388 ἄσχετος
809 3304 899 3385 ήσθιε
915 3306 1052 3388 Κύκλωψ

274 3408 412 3489 ίφθίμους
429 3406 557 3488 ἑτάρους·
581 3407 620 3472 αδ
636 3407 661 3473 δ’
678 3411 816 3488 ἐτόλμας,
833 3412 913 3491 ὄφρα
929 3435 966 3474 σε
980 3415 1067 3490 μήτις
1184 3437 1217 3473 ιο

274 3509 395 3594 ἐξάγαγ’
414 3509 450 3590 ἐξ
463 3510 583 3593 ἀντροιο
599 3513 737 3594 ὀϊόμενον
755 3511 947 3578 θανέεσθαι.”

310 3613 374 3681 Ὣς
390 3615 484 3697 ἔφατ’,
500 3617 533 3680 ἐν
550 3614 699 3695 στήθεσσι
716 3618 940 3696 καθαπτόμενος
956 3620 1049 3700 φίλον
1064 3618 1144 3701 ήτορ·

273 3721 314 3804 τῷ
330 3722 362 3784 δὲ
376 3716 447 3798 μόλ’
464 3720 497 3781 έν
512 3720 605 3806 πείσῃ
622 3722 725 3801 κραδίη
744 3720 816 3801 μένε
830 3727 971 3799 τετληυῖα
