2738 4226
469 354 516 402 10.
540 338 710 399 ΙΛΙΑΔΟΣ
734 339 770 400 Κ.
1034 334 1093 412 189

155 509 207 575 “‹T›
221 509 321 594 γέρον,
336 507 451 574 άλλοτε
463 507 520 588 μέν
535 534 573 574 σε
589 509 638 573 καὶ
652 503 829 573 αἰτιάασθαι
844 508 957 590 άνωγα·
1048 531 1095 568 120

154 613 288 678 πολλάκι
302 615 359 695 γὰρ
373 615 473 691 μεθιεῖ
486 636 519 676 τε
534 613 583 676 καὶ
599 611 651 675 ούκ
667 611 766 676 ἐθέλει
781 610 952 687 πονέεσθαι,

155 716 214 779 οὔτ’
232 718 308 800 ὄκνῳ
324 717 412 782 είκων
427 712 489 777 αὕτ’
505 715 672 802 ἀφραδίῃσι
686 716 778 792 νόοιο,

156 817 225 892 ἀλλ’
242 817 294 899 ἐμέ
308 816 333 879 τ’
350 817 497 899 εἰσορόων
511 819 561 883 καὶ
577 818 656 899 ἐμήν,
667 818 879 902 ποτιδέγμενος
894 817 995 901 ὁρμήν.

156 927 208 986 νῦν
222 921 247 985 δ’
263 918 334 1001 ἐμέο
349 921 494 1002 πρότερος
507 919 578 1000 μάλ’
596 919 739 1004 ἐπέγρετο
755 924 807 986 καί
818 948 871 1004 μοι
885 920 1008 994 ἐπέστη·

157 1025 208 1087 τὸν
221 1025 277 1104 μέν
291 1025 349 1107 ἐγὼ
365 1021 498 1106 προέηκα
514 1021 679 1103 καλήμεναι
695 1023 745 1092 ούς
759 1024 798 1088 σὺ
812 1027 975 1107 μεταλλᾷς.
1050 1050 1076 1084 12
1081 1050 1094 1098 5

157 1126 224 1190 ἀλλ’
240 1129 335 1206 ίομεν·
357 1128 473 1192 κείνους
488 1128 522 1191 δέ
537 1128 725 1211 κιχησόμεθα
739 1127 797 1209 πρὸ
812 1126 936 1192 πυλάων

159 1233 191 1293 ἐν
205 1228 386 1311 φνλάκεσσ’,
401 1231 452 1294 ἵνα
466 1227 524 1312 γάρ
540 1237 618 1311 σφιν
632 1229 804 1313 ἐπέφραδον
818 1227 1042 1314 ήγερέθεσθαι.”

198 1334 260 1398 Τὸν
275 1333 300 1398 δ’
316 1330 453 1413 ἠμείβετ’
469 1332 574 1397 έπειτα
588 1330 729 1415 Γερήνιος
745 1335 859 1398 ἱππότα
872 1329 1009 1412 Νέστωρ·

160 1447 180 1473 “
188 1438 278 1502 οὕτως
294 1436 336 1500 ού
343 1437 388 1503 τίς
404 1439 437 1500 οί
449 1435 649 1516 νεμεσήσεται
664 1435 725 1500 οὐδ’
742 1434 886 1515 ἀπιθήσει

158 1539 309 1623 Ἀργείων,
324 1543 376 1606 ότε
391 1539 442 1606 κέν
457 1537 514 1604 τιν’
530 1539 676 1626 ἐποτρύνῃ
693 1539 742 1605 καὶ
757 1539 885 1626 ἀνιόγη.”
1049 1564 1097 1612 130

193 1643 256 1710 Ὣς
271 1647 363 1709 είπδν
379 1643 482 1709 ἔνδυνε
496 1645 564 1725 περὶ
583 1640 733 1722 στήθεσσι
747 1650 869 1728 χιτῶνα,

159 1749 253 1811 ποσσὶ
268 1746 295 1812 δ’
309 1747 367 1811 ὑπὸ
382 1751 560 1829 λιπαροῖσιν
575 1743 705 1824 ἐδήσατο
722 1750 801 1811 καλδ
814 1745 933 1820 πέδιλα,

159 1853 235 1932 ἀμφὶ
251 1850 275 1913 δ’
292 1851 349 1932 ἄρα
363 1854 495 1932 χλαῖναν
510 1847 697 1931 περονήσατο
714 1851 932 1931 φοινικόεσσαν

159 1956 268 2031 διπλῆν
283 1954 429 2031 ἐκταδίην,
446 1952 520 2032 ούλη
536 1949 562 2016 δ’
579 1950 743 2033 ἐπενήνοθε
756 1953 867 2037 λάχνη.

160 2059 257 2120 είλετο
272 2055 299 2120 δ’
314 2056 442 2135 ἄλκιμον
457 2055 557 2138 ἔγχος,
574 2055 746 2138 ἀκαχμένον
758 2054 823 2135 ὀξέϊ
837 2056 952 2140 χαλκῷ,
1051 2078 1097 2128 135

158 2164 201 2239 βῆ
217 2162 242 2223 δ’
258 2157 333 2225 ἰέναι
348 2161 424 2222 κατὰ
438 2161 511 2237 νῆας
523 2158 659 2241 Ἀχαιῶν
673 2158 920 2243 χαλκοχιτώνων.

160 2267 275 2341 πρῶτον
287 2258 383 2326 ἔπειτ’
399 2259 543 2340 Ὀδυσῆα,
561 2262 614 2326 Διὶ
628 2265 718 2342 μῆτιν
732 2261 911 2336 ἀτάλαντον,

160 2362 195 2441 ἐξ
207 2365 300 2429 ύπνου
314 2362 451 2447 ἀνέγειρε
464 2362 605 2448 Γερήνιος
620 2365 739 2435 ίππόπα,
747 2362 875 2445 Νέστωρ

160 2466 376 2550 φθεγξάμενος·
399 2467 453 2531 τὸν
467 2467 492 2532 δ’
510 2469 589 2550 αἶψα
604 2469 671 2550 περὶ
687 2467 799 2550 φρένας
813 2465 901 2548 ἤλυθ’
917 2465 981 2548 ἰωή,

160 2572 192 2632 ἐκ
207 2569 234 2634 δ’
249 2569 325 2649 ῆλθε
341 2570 462 2649 κλισίης
477 2572 528 2634 καί
542 2578 641 2653 σφεας
656 2571 730 2653 πρδς
743 2577 838 2653 μῦθον
853 2572 945 2636 έειπε·
1053 2597 1099 2645 140

160 2679 179 2707 “
188 2672 270 2754 τίφθ’
287 2675 363 2738 οὕτω
380 2677 455 2737 κατὰ
474 2678 547 2753 νῆας
562 2677 620 2738 ἇνδ
635 2676 764 2758 σπρατδν
779 2675 837 2738 οἶοι
852 2675 970 2738 ἀλᾶσθε

161 2776 254 2839 νύκτα
264 2776 302 2841 δι’
319 2778 502 2859 ἀμβροσίην,
519 2779 537 2840 ὅ
551 2802 581 2842 τι
595 2778 631 2857 δή
646 2779 738 2862 χρειὼ
753 2778 846 2842 τόσον
860 2779 919 2842 ίκει
929 2773 959 2850 ;”

201 2881 264 2946 Τδν
278 2881 303 2945 δ’
319 2877 456 2961 ἠμείβετ’
472 2881 577 2944 ἔπειτα
590 2878 731 2961 Γερήνιος
748 2881 860 2945 ἱππότα
874 2877 1011 2961 Νέστωρ·

162 2986 322 3066 “διογενές
335 2976 513 3067 Λαερτιάδη,
529 2981 718 3067 πολυμήχαν’
733 2982 895 3055 Ὀδυσσεῦ,

160 3085 200 3163 μῆ
215 3084 337 3165 νεμέσα·
359 3091 442 3150 τοῖον
455 3089 513 3168 γὰρ
529 3086 605 3170 ἀχος
619 3085 768 3165 βεβίηκεν
781 3083 933 3168 Ἀχαιούς.
1054 3111 1100 3162 145

162 3185 230 3253 ἀλλ’
246 3189 327 3268 ἕπευ,
343 3191 425 3271 όφρα
439 3191 489 3253 καὶ
503 3189 603 3253 άλλον
617 3188 783 3271 ἐγείρομεν,
799 3188 835 3252 όν
849 3184 875 3250 τ’
891 3186 1009 3260 ἐπέοικε

162 3291 276 3371 βουλάς
290 3292 460 3372 βουλεύειν,
474 3288 494 3371 ἢ
510 3288 661 3374 φευγέμεν
675 3291 710 3370 ήὲ
724 3289 906 3374 μάχεσθαι.”

196 3393 259 3461 Ὣς
273 3394 355 3477 φάθ’,
373 3397 390 3458 δ
405 3397 438 3459 δέ
453 3396 609 3475 κλισίηνδε
625 3395 697 3458 κιδν
710 3396 876 3475 πολύμητις
889 3393 1057 3461 Ὀδυσσεὺς

162 3499 299 3562 ποικίλον
313 3499 391 3579 ἀμφ’.
408 3500 517 3578 ὤμοισι
533 3497 627 3564 σάκος
642 3495 720 3575 θέτο,
735 3500 779 3577 βῆ
795 3498 828 3561 δὲ
842 3497 905 3576 μετ’
922 3497 1036 3563 αὐτούς.

161 3599 222 3677 βὰν
236 3598 262 3665 δ’
279 3603 329 3666 ἐπὶ
342 3599 491 3680 Τυδείδην
507 3599 670 3681 Διομήδεα·
693 3600 747 3665 τὸν
761 3601 787 3664 δ’
805 3601 946 3684 ἐκίχανον
1053 3622 1099 3673 150

163 3703 244 3771 ἐκτὸς
259 3704 318 3770 ἀπὸ
335 3703 456 3783 κλισίης
472 3703 528 3769 σὺν
542 3705 693 3789 τεύχεσιν·
720 3704 796 3783 ἀμφὶ
811 3704 835 3767 δ’
852 3708 962 3788 ἑταῖροι
