2758 4228
262 338 327 419 874
544 356 595 404 αα.
620 339 857 401 ΟΔΎΣΣΕΙΑΣ
879 341 915 400 Χ.

263 508 366 573 ἴθυσέν
379 507 411 590 ῥ’
426 500 580 586 ὀλολύξαι,
595 507 661 571 ἐπεὶ
675 505 754 589 μέγα
768 499 879 571 εἴσιδεν
895 507 991 589 ἔργον·

262 611 332 674 ἀλλ’
347 609 491 676 Ὀδυσεὺς
507 609 647 692 κατέρυκε
663 609 711 673 καὶ
727 610 855 692 ἔσχεθεν
867 609 991 691 ’ἱεμένην
1006 635 1070 690 περ,

261 716 313 777 καί
325 740 378 792 μιν
391 713 537 795 φωνήσας
552 714 627 778 ἔπεα
640 713 805 794 πτερόεντα
819 713 984 793 προσηύδα·

262 823 283 852 “
294 821 326 882 έν
343 819 433 903 θυμῷ,
447 823 531 899 γρηΰ,
546 822 635 901 χαῖρε
650 814 698 880 καί
713 819 803 900 ἴσχεο
817 817 884 896 μηδ’
900 817 1038 894 ὀλόλυζε·

261 923 317 1004 οὐχ
332 923 402 1000 ὁσίη
419 920 609 999 κταμένοισιν
625 919 671 983 ἐπ’
687 920 832 1000 ἀνδράσιν
847 919 1057 1001 εὐχετάασθαι.

261 1027 370 1089 τούσδε
383 1026 416 1088 δὲ
430 1021 508 1104 μοῖρ’
525 1023 681 1102 ἐδάμασσε
698 1028 774 1088 θεῶν
789 1024 838 1086 καὶ
854 1021 982 1106 σχέτλια
1000 1023 1080 1104 ἔργα·

261 1130 295 1192 ού
310 1154 376 1195 τινα
390 1126 447 1212 γάρ
462 1129 583 1192 τίεσκον
598 1127 779 1209 ἐπιχθονίων
794 1128 966 1206 ἀνθρώπων,

261 1233 295 1296 ού
311 1233 401 1297 κακὸν
417 1231 484 1296 οὐδὲ
499 1232 554 1311 μὲν
569 1231 693 1305 ἐσθλόν,
708 1230 771 1295 ότις
785 1228 885 1310 σφέας
900 1231 1098 1310 εἰσαφίκοιτο·

260 1337 301 1421 τῷ
317 1338 366 1400 καὶ
381 1335 602 1421 ἀτασθαλίῃσιν
618 1333 718 1399 ἀεικέα
733 1335 847 1411 πότμον
862 1335 1005 1399 ἐπέσπον.

260 1441 331 1503 ἀλλ’
346 1439 402 1521 άγε
416 1465 468 1518 μοι
483 1438 522 1501 σὺ
537 1444 678 1522 γυναῖκας
693 1435 736 1501 ένὶ
751 1436 892 1519 μεγάροις
907 1435 1081 1516 κατάλεξον,

260 1547 294 1606 αί
307 1543 341 1606 τέ
355 1543 384 1621 μ’
401 1542 577 1620 ἀτιμάζουσι
593 1539 642 1604 καὶ
656 1541 688 1604 αἳ
704 1541 850 1619 νηλίτιδές
865 1538 972 1605 είσιν.”

301 1651 364 1710 Τδν
379 1646 404 1711 δ’
414 1646 491 1709 ἀὖτε
505 1643 668 1725 προσέειπε
684 1646 761 1724 φίλη
777 1650 888 1726 τροφὸς
905 1645 1082 1726 Εὐρύκλεια·

259 1755 275 1782 “
286 1749 389 1831 τοιγάρ
405 1749 464 1832 ἐγώ
480 1774 535 1825 τοι,
550 1747 663 1824 τέκνον,
678 1749 824 1826 ἀληθείην
838 1747 1002 1827 καταλέξω.

259 1851 444 1932 πεντήκοντά
459 1855 506 1916 τοί
521 1854 601 1917 εἰσιν
618 1849 660 1915 ἐνὶ
675 1850 836 1934 μεγάροισι
851 1859 989 1933 γυναῖκες

258 1958 364 2041 δμῳαί,
380 1956 433 2022 τάς
447 1957 503 2038 μέν
517 1953 542 2018 τ’
557 1956 630 2037 ἔργα
646 1952 807 2034 διδάξαμεν
821 1955 1010 2037 ἐργάζεσθαι,

259 2061 337 2141 είριά
351 2086 384 2125 τε
399 2059 513 2141 ξαίνειν
529 2061 577 2124 καὶ
592 2060 778 2136 δουλοσύνην
793 2058 966 2141 ἀνέχεσθαι·

259 2165 337 2228 τάων
352 2157 578 2228 δόδεκαπάσαι
593 2165 745 2241 ἀναιδείης
760 2161 925 2244 ἐπέβησαν,

257 2268 317 2331 οὔτ’
332 2267 384 2348 ἐμὲ
399 2272 517 2332 τίουσαι
533 2265 592 2331 οὔτ’
609 2267 701 2346 αὐτὴν
717 2269 941 2346 Πηνελόπειαν.

255 2371 438 2454 Τηλέμαχος
453 2375 486 2437 δὲ
501 2371 568 2437 νέον
582 2375 637 2451 μὲν
652 2369 766 2449 ἀέξετο,
783 2371 850 2436 οὐδέ
866 2375 880 2435 έ
894 2369 990 2452 μήτηρ

257 2476 417 2554 σημαίνειν
433 2479 553 2540 εἴασκεν
569 2473 619 2539 έπὶ
635 2475 751 2561 δμῳῇσι
766 2472 909 2556 γυναιξίν.

255 2579 327 2642 ἀλλ’
344 2579 391 2660 ἄγ’
406 2581 485 2662 έγὼν
500 2579 632 2659 ἀναβᾶσ’
647 2579 779 2658 ὑπερώϊα
794 2580 978 2661 σιγαλόεντα

258 2687 332 2748 ε’ίπω
349 2684 388 2769 σῇ
404 2685 519 2768 ἀλόχῳ,
535 2684 570 2769 τῇ
587 2707 631 2748 τις
647 2682 714 2746 θεὸς
728 2682 823 2747 ύπνον
838 2678 985 2764 έπῶρσε.”

299 2787 364 2867 Τὴν
379 2787 405 2850 δ’
421 2787 664 2867 ἀπαμειβόμενος
679 2787 820 2866 προσέφη
836 2786 1000 2866 πολύμητις
1012 2785 1189 2854 Ὀδυσσεύς·

256 2895 277 2925 “
286 2889 326 2970 μή
342 2915 390 2952 πω
405 2888 485 2968 τήνδ’
504 2889 646 2972 ἐπέγειρε·
669 2889 707 2951 σὺ
723 2890 749 2952 δ’
764 2888 870 2954 ένθάδε
886 2891 953 2953 είπέ
967 2888 1105 2971 γυναιξὶν
1153 2918 1201 2967 43¹

255 2993 392 3074 ἐλθέμεν,
407 2996 440 3057 αί
453 3019 510 3076 περ
526 2994 659 3073 πρόσθεν
673 2994 774 3058 ἀεικέα
789 2992 1013 3077 μηχανόωντο.”

293 3096 356 3162 Ὣς
371 3096 417 3178 ἀρ’
432 3101 500 3178 ἔφη,
516 3095 606 3180 γρηῢς
622 3099 655 3161 δέ
669 3100 732 3161 διὲκ
746 3097 889 3180 μεγάροιο
899 3097 1031 3178 βεβήκει

256 3201 445 3281 ἀγγελέουσα
460 3198 577 3282 γυναιξί
593 3202 641 3264 καὶ
657 3199 836 3281 ὀτρυνέουσα
852 3203 983 3266 νέεσθαι.

256 3303 346 3384 αιἰτάρ
363 3307 379 3368 ὁ
393 3305 577 3388 Τηλέμαχον
591 3305 641 3370 καὶ
656 3306 808 3385 βουκόλον
822 3306 875 3384 ήδέ
890 3307 1032 3386 συβώτην
1151 3335 1202 3385 435

256 3411 299 3474 είς
314 3409 329 3472 ἓ
346 3409 572 3490 καλεσσάμενος
587 3409 661 3474 ἔπεα
675 3411 840 3490 πτερόεντα
854 3409 1016 3490 προσηύδα·

254 3520 270 3547 “
281 3513 390 3596 ἀρχετε
406 3519 458 3577 νῦν
473 3514 577 3580 νέκυας
592 3513 715 3595 φορέειν
731 3516 779 3578 καὶ
794 3514 912 3598 ἄνωχθε
927 3519 1078 3595 γυναῖκας·

255 3618 345 3700 αὐτὰρ
362 3618 464 3682 ἔπειτα
480 3619 603 3699 θρόνους
618 3617 818 3699 περικαλλέας
833 3619 887 3697 ἠδὲ
902 3620 1048 3699 τραπέζας

254 3724 338 3787 ὕδατι
355 3722 403 3786 καὶ
418 3722 585 3802 σπόγγοισι
600 3720 815 3802 πολυτρήτοισι
830 3722 991 3802 καθαίρειν.
