2746 4228
295 367 334 424 14
611 363 655 411 ν1.
679 345 851 410 ΙΛΙΑΔΟΣ
874 351 911 409 Α.

288 519 322 580 αῖ
333 515 385 582 κέν
399 541 463 582 πως
477 511 621 602 ἐθέλῃσιν
636 516 686 580 ἐπὶ
700 515 861 597 Τρώεσσιν
875 509 991 596 ἀρῆξαι,

287 618 355 684 τοὺς
370 620 403 682 δὲ
418 620 493 682 κατὰ
502 617 640 701 ’πρύμνας
653 643 688 682 τε
703 619 753 682 καὶ
768 617 842 699 ἀμφ’
859 616 920 680 ἀλα
936 617 1026 680 ἔλσαι
1040 613 1184 700 Ἀχαιοὺς

288 719 500 800 κτεινομένους,
516 723 566 788 ίνα
580 720 690 788 πάντες
705 720 890 804 ἐπαύρωνται
904 723 1066 800 βασιλῆος,
1184 743 1233 789 410

285 826 347 910 γνῷ
363 826 396 888 δὲ
411 825 460 888 καὶ
474 823 629 906 Ἀτρείδης
643 823 819 908 εύρυκρείων
831 821 1030 905 Ἀγαμέμνων

285 924 323 1004 ῆν
337 925 421 1005 άτην,
437 927 455 990 ό
468 926 494 990 τ’
510 928 635 1009 άριστον
648 926 783 1012 Ἀχαιῶν
798 926 885 991 οὐδὲν
898 925 1029 992 έτισεν.”

328 1029 391 1094 Τὸν
405 1029 430 1094 δ’
445 1029 580 1109 ἠμείβετ’
596 1031 701 1095 ἔπειτα
717 1030 810 1097 Θέτις
825 1032 901 1093 κατδ
915 1028 1006 1110 δάκρυ
1019 1027 1146 1112 χέουσα·

287 1143 306 1168 “
319 1133 393 1212 ὤμοι
407 1132 513 1198 τέκνον
527 1134 609 1211 ἐμόν,
624 1133 656 1197 τί
669 1134 704 1198 νύ
719 1133 748 1196 σ’
764 1134 895 1217 ἔτρεφον
909 1135 980 1198 αίνδι
993 1139 1123 1197 τεκοῦσα
1135 1157 1155 1204 ,·=

286 1235 344 1301 αἴθ’
361 1238 473 1318 ὄφελες
487 1238 568 1318 παρὰ
581 1237 689 1314 νηυσὶν
704 1231 866 1319 ἀδάκρυτος
881 1237 931 1299 καὶ
946 1233 1072 1314 ἀπήμων
1184 1257 1232 1308 4¹5

286 1339 387 1418 ἧσθαι,
403 1337 472 1402 έπεί
485 1337 520 1404 νύ
533 1363 580 1401 τοι
595 1337 669 1402 αἶσα
682 1337 809 1418 μίνυνθά
823 1363 889 1420 περ,
906 1337 941 1401 ού
955 1363 984 1401 τι
998 1336 1082 1417 μάλα
1097 1335 1160 1415 δήν·

287 1447 339 1506 νῦν
352 1439 377 1505 δ’
394 1440 456 1519 ἅμα
469 1439 494 1502 τ’
511 1439 660 1522 ὠκύμορος
676 1441 725 1504 καὶ
740 1440 855 1521 ὀϊζυρὸς
870 1441 938 1521 περὶ
953 1439 1074 1504 πάντων

286 1545 389 1608 ἔπλεο·
418 1545 460 1628 τῷ
477 1569 514 1608 σε
530 1545 604 1629 κακῇ
620 1547 694 1629 αἴσῃ
709 1542 797 1608 τέκον
812 1545 846 1607 έν
859 1542 1029 1626 μεγάροισι.

285 1651 372 1711 τοῦτο
388 1644 421 1710 δέ
435 1670 482 1709 τοι
498 1643 625 1727 ἐρέουσα
638 1646 712 1711 έπος
728 1647 780 1709 Διὶ
795 1646 1013 1731 τερπικεραύνῳ
1094 1679 1098 1692 ι

286 1749 341 1828 εἶμ’
358 1749 431 1828 αὐτῆ
447 1748 521 1830 πρὸς
532 1747 693 1827 ’Όλνμπον
707 1747 885 1831 ἀγάννιφον,
900 1751 936 1814 αί
949 1775 983 1814 κε
997 1750 1130 1828 πίθηται.
1183 1775 1232 1822 ιιο

285 1855 368 1916 ἀλλὰ
382 1851 421 1915 σὺ
435 1854 491 1931 μὲν
505 1856 557 1917 νΰν
571 1853 660 1930 νηυσὶ
675 1851 844 1934 παρήμενος
859 1852 1041 1933 ὠκυπόροισι

284 1955 362 2035 μήνι’
377 1954 561 2038 Ἀχαιοῖσιν,
577 1953 712 2033 πολέμου
726 1954 751 2018 δ’
768 1954 922 2018 ἀποπαύεο
938 1953 1073 2033 πάμπαν·
1181 1959 1182 1966 ’

286 2057 360 2124 Ζεὺς
373 2059 433 2140 γδρ
447 2059 478 2122 ές
492 2056 641 2123 Ὠκεανὸν
654 2056 717 2136 μετ’
734 2058 884 2137 ἀμύμονας
898 2059 1066 2136 Αἰθιοπῆας

283 2160 388 2244 χθιζὸς
403 2160 460 2240 έβη
477 2162 553 2223 κατὰ
567 2164 664 2234 δαῖτα,
681 2162 744 2225 θεοὶ
760 2160 784 2224 δ’
801 2160 863 2239 ἅμα
877 2158 988 2227 πάντες
1003 2161 1122 2226 ἕποντο·

285 2262 435 2350 δωδεκάτῃ
450 2261 484 2327 δέ
497 2287 544 2326 τοι
560 2263 642 2329 αΰτις
657 2264 814 2327 ἐλεύσεται
828 2263 1037 2339 Οὔλυμπόνδε,
1181 2287 1230 2336 4²5

285 2367 334 2430 καὶ
349 2364 409 2429 τότ’
426 2364 531 2429 ἔπειτά
544 2389 591 2428 τοι
606 2364 667 2443 εἶμι
683 2364 757 2430 Διὸς
771 2365 841 2428 ποτὶ
855 2366 1049 2448 χαλκοβατὲς
1064 2368 1114 2435 δῶ,

286 2469 336 2530 καί
349 2494 400 2546 μιν
414 2466 601 2550 γουνάσομαι
617 2467 668 2530 καί
680 2459 732 2546 μιν
746 2467 908 2531 πείσεσθαι
923 2464 1006 2529 όίω.”

321 2569 386 2637 Ὣς
401 2572 458 2652 ἀρα
473 2568 632 2651 φωνήσασ’
648 2566 833 2648 ἀπεβήσετο,
850 2568 903 2633 τὸν
917 2567 942 2632 δ’
959 2567 1038 2631 έλιπ’
1055 2567 1145 2631 αὐτοῦ

283 2673 440 2755 χωόμενον
455 2675 530 2736 κατὰ
545 2671 637 2751 θυμὸν
652 2671 790 2749 έῦζόνοιο
805 2670 954 2753 γυναικός,

284 2774 339 2854 τήν
352 2777 390 2858 ῥα
404 2775 460 2862 βίῃ
476 2774 616 2840 ἀέκοντος
631 2773 779 2856 ἀπηύρων·
810 2773 902 2854 αὐτὰρ
916 2772 1084 2839 Ὀδυσσεὺς
1181 2781 1231 2848 '430

284 2879 316 2944 ές
330 2878 455 2960 Χρύσην
468 2879 570 2943 ἵκανεν
585 2877 667 2958 ἄγων
682 2875 764 2959 ἱερήν
778 2876 960 2955 ἑκατόμβην.

285 2983 314 3044 οῖ
328 2980 353 3044 δ’
370 2981 421 3044 ότε
436 2980 472 3059 δή
487 2978 610 3058 λιμένος
625 2976 831 3058 πολυβενθέος
847 2976 931 3044 έντδς
946 2979 1056 3050 ἵκοντο,

285 3083 368 3146 ἱστία
382 3084 438 3161 μὲν
453 3081 623 3154 στείλαντο,
640 3079 734 3145 θέσαν
749 3080 773 3144 δ’
790 3082 824 3146 έν
839 3080 889 3159 νηί
901 3082 1040 3167 μελαίνῃ,

286 3184 372 3249 ἱστὸν
387 3183 411 3247 δ’
429 3184 571 3270 ἱστοδόκῃ
586 3182 727 3249 πέλασαν
742 3183 936 3266 προτόνοισιν
949 3183 1077 3265 ὑφέντες

285 3287 487 3368 καρπαλίμως,
503 3285 558 3365 τῆν
572 3285 597 3349 δ’
614 3288 657 3352 είς
672 3287 765 3368 ὅρμον
779 3284 970 3369 προέρεσσαν
984 3287 1127 3367 ἐρετμοῖς.
1181 3312 1230 3362 435

284 3391 317 3452 ἑκ
332 3389 357 3452 δ’
374 3389 461 3455 εύνᾶς
478 3389 603 3470 ἔβαλον,
620 3391 695 3453 καπῖι
710 3393 742 3453 δὲ
757 3387 915 3471 πρυμνήσι’
930 3389 1053 3466 ἔδησαν·

285 3496 317 3557 ἐκ
332 3495 366 3557 δέ
381 3493 430 3556 καὶ
446 3492 529 3556 αὐτοὶ
544 3498 655 3572 βαῖνον
669 3495 719 3557 ἐπὶ
733 3495 853 3576 ῥηγμῖνι
869 3490 1038 3569 θαλάσσης,

285 3600 318 3660 έκ
333 3595 357 3661 δ’
374 3596 547 3676 ἑκατόμβην
561 3600 665 3675 βῆσαν
679 3597 819 3681 ἑκηβόλῳ
833 3595 1018 3659 Ἀπόλλωνι·

286 3701 318 3762 ἐκ
334 3702 367 3763 δὲ
381 3699 515 3774 Χρυσηίς
533 3699 603 3774 νηδς
617 3703 661 3779 βῆ
677 3699 885 3780 ποντοπόροιο.
