2874 4234
502 325 532 390 8.
563 331 799 393 ΟΔΎΣΣΕῙΑΣ
830 331 870 392 Θ.
1098 332 1162 415 637

215 501 392 578 Δημόδοκον
406 504 511 563 λαοῖσι
527 498 691 576 τετιμένον·
715 501 780 563 είσε
796 500 822 564 δ’
838 499 883 581 ἀρ’
899 501 989 566 αὐτὸν

211 600 316 686 μέσσῳ
331 604 523 684 δαιτυμόνων,
539 603 612 683 πρὸς
628 605 713 667 κίονα
728 603 841 685 μακρὸν
856 605 986 684 ἐρείσας.

213 705 249 784 δὴ
265 707 334 770 τότε
350 704 460 786 κήρυκα
476 706 617 787 προσέφη
634 707 801 787 πολύμητις
811 708 987 784 Ὀδυσσεύς,

213 809 308 873 νότου
324 810 553 890 ἀποπροταμών,
570 807 619 874 ἐπὶ
635 812 667 872 δὲ
682 815 791 874 πλεῖον
806 809 975 890 ἐλέλειπτο,
1112 837 1161 892 475

214 911 406 994 ἀργιόδοντος
420 915 480 986 θός,
497 913 609 993 θαλερὴ
626 912 652 976 δ’
670 912 709 992 ἦν·
720 912 814 994 ἀμφὶς
831 914 956 996 ἀλοιφή·

258 1021 274 1051 “
287 1014 395 1097 Κῆρυξ,
412 1017 447 1092 τῆ
462 1015 508 1094 δή,
525 1021 614 1079 τοῦτο
630 1017 705 1097 πόρε
721 1016 817 1097 κρέας,
835 1019 916 1099 όφρα
931 1018 1058 1106 φάγῃσι,

215 1120 388 1204 Δημοδόκῳ,
405 1120 456 1183 καί
467 1144 519 1200 μιν
530 1119 767 1200 προσπτύξομαι,
783 1121 948 1203 ἀχνύμενός
964 1149 1029 1204 περ.
1152 1155 1154 1162 ’

213 1226 289 1286 πᾶσι
304 1222 362 1305 γὰρ
373 1224 579 1305 ἀνθρώποισιν
595 1224 815 1306 ἐπιχθονίοισιν
831 1225 927 1288 ἀοιδοὶ

213 1329 298 1405 τιμῆς
314 1327 439 1408 ἔμμοροί
452 1328 513 1390 είσι
529 1323 577 1389 καὶ
593 1329 701 1405 αἰδοῦς,
718 1327 812 1392 οὕνεκ’
829 1328 886 1409 ἀρα
902 1328 1001 1410 σφέας
1110 1343 1161 1406 48ο

214 1428 299 1504 οἶμος
316 1425 556 1504 Μοῶσ’.ἐδίδαξε,
569 1427 685 1507 φίλησε
700 1429 733 1490 δέ
749 1433 849 1508 φῦλον
865 1427 1001 1492 ἀοιδῶν.”

250 1527 314 1596 Ὠς
329 1529 373 1611 ἀρ’
390 1531 460 1610 ἐφη,
476 1528 571 1610 κῆρυξ
584 1532 617 1593 δέ
633 1530 734 1611 φέρων
749 1532 783 1594 ἐν
799 1529 908 1613 χερσὶν
923 1532 1030 1612 έθηκεν

213 1631 274 1718 ἥρῳ
292 1634 466 1718 Δημοδόκῳ·
490 1635 506 1696 ὁ
522 1633 547 1696 δ’
563 1630 695 1712 ἐδέξατο,
711 1638 798 1717 χαῖρε
814 1640 845 1698 δὲ
862 1638 954 1720 θυμῷ.

214 1740 243 1801 οἱ
258 1738 283 1801 δ’
299 1738 345 1801 ἐπ’
360 1737 471 1801 ὀνείαθ’
486 1741 590 1813 ἑτοῖμα
604 1740 784 1818 προκείμενα
799 1742 903 1822 χεῖρας
919 1741 1037 1806 ίαλλον.

214 1840 305 1923 αι’πάρ
324 1840 389 1906 ἐπεὶ
405 1843 513 1907 πόσιος
533 1842 582 1904 καὶ
597 1842 719 1920 ἐδητύος
734 1841 771 1920 ἐξ
784 1842 852 1920 ἔρον
871 1842 949 1918 ἕντο,
1112 1860 1160 1923 485

214 1943 250 2023 δὴ
265 1944 334 2008 τότε
350 1945 528 2023 Δημόδοκον
542 1944 684 2024 προσέφη
703 1943 868 2022 πολύμητις
883 1944 1060 2010 Ὀδυσσεύς·

257 2051 275 2081 “
287 2047 447 2126 Δημόδοκ’,
464 2046 558 2128 ἔξοχα
573 2044 608 2124 δή
625 2073 663 2110 σε
677 2052 797 2126 βροτῶν
813 2046 939 2124 αἰνίζομ’
955 2046 1104 2112 ἁπάντων·

213 2146 232 2228 ἣ
248 2149 285 2212 σέ
300 2177 337 2232 γε
352 2150 453 2213 Μοῶσ’
469 2147 594 2228 ἐδίδαξε,
613 2155 687 2215 Διδς
699 2148 776 2224 πάϊς,
793 2147 811 2228 ἢ
828 2149 865 2212 σέ
881 2150 909 2232 γ’
924 2150 1097 2216 Ἀπόλλων.

214 2255 283 2331 λίην
298 2257 355 2336 γὰρ
373 2257 448 2318 κατὰ
463 2253 576 2332 κόσμον
591 2253 726 2335 Ἀχαιῶν
741 2254 824 2316 οἶτον
839 2253 959 2332 ἀείδεις,

215 2357 284 2419 ὄσσ’
299 2356 390 2439 ἔρξαν
403 2358 429 2421 τ’
441 2358 555 2422 ἔπαθόν
569 2383 602 2421 τε
617 2354 667 2421 καὶ
683 2356 753 2419 ἀσσ’
769 2357 924 2438 ἐμόγησαν
942 2357 1071 2440 Ἀχαιοί,
1109 2388 1160 2438 490

214 2463 254 2529 ῶς
269 2462 303 2528 τέ
317 2488 374 2526 που
389 2460 407 2542 ἢ
424 2464 511 2528 αὐτὸς
527 2463 647 2543 παρεὸν
660 2458 679 2540 ἢ
692 2461 789 2524 ἀλλου
806 2462 944 2528 ἀκούσας.
988 2517 989 2522 ,
1051 2519 1052 2524 ,
1073 2479 1092 2524 s

216 2566 285 2628 ἀλλ’
300 2567 356 2649 ἄγε
372 2566 408 2643 δη
422 2565 574 2645 μετάβηθι
587 2566 636 2629 καὶ
651 2566 745 2630 ἵππου
762 2566 875 2645 κόσμον
889 2565 995 2629 άεισον

214 2669 378 2749 δουρατέου,
395 2675 447 2734 τὸν
461 2668 582 2735 Ἐπειὸς
594 2669 738 2747 ἐποίησεν
753 2668 810 2732 σὺν
820 2667 943 2754 Ἀθήνη,

216 2775 250 2837 όν
266 2774 331 2836 ποτ’
347 2777 378 2840 ἐς
393 2775 558 2854 ἀκρόπολιν
573 2774 665 2837 δόλον
679 2772 775 2856 ἤγαγε
789 2778 853 2838 δῖος
868 2773 1043 2849 Ὀδυσσεύς,

216 2877 330 2958 ἀνδρῶν
345 2875 504 2956 ἐμπλήσας
519 2879 550 2940 οί
561 2877 594 2960 ῥ’
606 2875 705 2940 Ἴλιον
720 2873 925 2955 ἐξαλάπαξαν.
1109 2904 1160 2958 495

216 2983 249 3042 αί
265 3004 316 3043 κεν
332 2978 367 3058 δή
384 3006 436 3061 μοι
451 2985 541 3044 ταῦτα
557 2983 631 3043 κατὰ
645 2984 754 3060 μοῖραν
769 2977 944 3066 καταλέξῃς,

216 3083 308 3147 αὐτίκ’
324 3086 381 3167 ἐγὼ
397 3089 493 3149 πᾶσιν
508 3083 679 3163 μυθήσομαι
698 3084 902 3163 ἀνθρώποισιν

215 3187 254 3254 ῶς
270 3187 327 3269 ἀρα
342 3214 388 3252 τοι
403 3189 547 3270 πρόφρων
562 3187 631 3252 θεὸς
646 3187 751 3250 ὤπασε
767 3190 874 3251 θέσπιν
890 3185 1023 3267 ἀοιδήν.”
1129 3239 1132 3246 ,

251 3290 315 3358 Ὠς
330 3292 411 3372 φάθ’,
428 3293 445 3354 ὁ
460 3292 486 3354 δ’
502 3289 642 3371 ὁρμηθεὶς
658 3294 728 3356 θεοῦ
743 3287 862 3372 ἥρχετο,
879 3296 971 3371 φαῖνε
986 3291 1011 3354 δ’
1028 3291 1140 3371 ἀοιδήν,

215 3397 303 3461 ἐνθεν
318 3397 396 3461 ἑλῶν
411 3395 451 3462 ῶς
466 3397 495 3459 οἱ
509 3396 565 3476 μὲν
581 3393 761 3475 ἐϋσσέλμων
776 3392 827 3458 ἐπὶ
843 3399 923 3472 νηῶν
1112 3423 1162 3474 500

214 3501 327 3581 βάντες
342 3497 513 3578 ἀπέπλειον,
529 3503 588 3579 πΰρ
602 3501 635 3562 ἐν
651 3498 790 3584 κλισίῃσι
805 3498 966 3577 βαλόντες,

214 3601 358 3683 Ἀργεῖοι,
375 3598 420 3662 τοὶ
436 3599 461 3663 δ’
476 3597 531 3678 ἤδη
549 3597 719 3680 ἀγακλυτὸν
734 3597 808 3678 ἀμφ’
824 3596 957 3677 Ὀδυσῆα
979 3659 981 3664 ,

213 3703 280 3784 ἥατ’
296 3703 341 3768 ἐνί
356 3702 468 3785 Τριίων
483 3703 576 3789 ἀγορῇ
594 3699 811 3782 κεκαλυμμένοι
825 3701 917 3788 ἵππῳ·
