2792 4232
271 295 334 378 με
584 290 633 352 16.
657 293 827 353 ιλιλαον
851 294 889 353 Π.

267 473 286 499 “
299 462 437 526 αἰνότατε
454 462 594 543 Κρονίδη,
610 463 698 523 ποῖον
712 458 765 523 τδν
782 462 876 537 μῦθον
891 457 996 524 έειπες.
1155 473 1207 532 44ο

268 567 360 646 ἄνδρα
375 564 482 644 θνητδν
498 563 594 638 ἐόντα,
610 562 706 625 πάλαι
721 560 915 643 πεπρωμένον
929 563 1012 646 αἴσῃ,

267 667 314 749 ἂφ
330 665 444 732 ἐθέλεις
460 664 601 730 θανάτοιο
617 662 765 746 δυσηχέος
781 661 981 741 έξοναλῦσαι;

267 767 336 848 ἔρδ’·
360 771 433 850 άτδρ
450 769 484 831 ού
499 793 546 830 τοι
561 765 670 832 πάντες
685 766 862 846 ἐπαινέομεν
877 767 941 830 θεοὶ
956 766 1056 830 άλλοι.

267 873 347 934 άλλο
362 871 395 935 δέ
410 896 456 934 τοι
472 871 555 951 ἐρέω,
573 869 611 932 σδ
626 868 651 934 δ’
668 871 713 945 ἐνὶ
731 870 823 952 φρεσὶ
838 867 958 948 βάλλεο
974 869 1076 954 σῇσιν·

267 978 300 1038 αἴ
314 1001 347 1039 κε
366 976 423 1052 ζδν
438 973 559 1059 πέμψῃς
575 973 754 1054 Σαρπηδόνα
770 973 838 1036 ὅνδε
853 973 987 1050 δόμονδε,
1156 999 1205 1047 445

267 1077 379 1159 φράζεο
393 1075 434 1158 μή
450 1102 495 1142 τις
512 1076 616 1140 ἔπειτα
630 1079 708 1140 θεῶν
724 1074 849 1160 ἐθέλῃσι
865 1075 913 1138 καὶ
928 1073 1024 1141 άλλος

266 1180 395 1259 πέμπειν
411 1177 445 1243 δν
461 1179 555 1259 φίλον
569 1177 635 1242 υἱδν
651 1177 710 1241 ἆπδ
727 1181 867 1258 κρατερῆς
881 1177 1016 1257 ὑσμίνης·

267 1282 379 1343 πολλοὶ
393 1284 451 1363 γὰρ
467 1282 534 1362 περὶ
550 1281 627 1343 ἄστυ
641 1279 720 1362 μέγα
735 1278 884 1360 Πριάμοιο
897 1278 1046 1362 μάχονται

266 1382 344 1449 υἱέες
360 1381 523 1461 ἀθανάτων,
539 1387 638 1446 τοῖσιν
654 1383 741 1446 κότον
759 1381 843 1445 αίνδν
857 1381 985 1460 ένήσεις.

268 1482 338 1548 ἀλλ’
354 1488 383 1550 εί
395 1510 442 1548 τοι
461 1487 553 1566 φίλος
568 1486 644 1558 ἔστί,
659 1485 728 1550 τεὸν
742 1482 768 1550 δ’
784 1484 965 1567 ὀλοφύρεται
980 1483 1061 1565 ἦτορ,
1156 1513 1207 1562 450

267 1587 286 1667 ἦ
301 1613 347 1651 τοι
361 1585 417 1666 μέν
432 1612 484 1666 μιν
500 1588 593 1650 ἔασον
608 1588 652 1651 ένὶ
668 1589 792 1673 κρατερῇ
807 1589 916 1675 ὑσμίνῃ

266 1686 352 1772 χέρσ’
367 1690 425 1753 ύπα
442 1690 632 1770 Πατρόκλοιο
647 1688 849 1755 Μενοιτιάδαο
864 1694 1000 1770 δαμῆναι·

268 1792 358 1874 αὐτὰρ
374 1793 450 1872 ἐπήν
465 1793 502 1872 δή
517 1793 571 1858 τόν
585 1818 621 1874 γε
634 1793 709 1878 λίπῃ
724 1792 810 1877 φυχή
826 1818 859 1858 τε
874 1795 922 1859 καὶ
937 1794 1019 1869 αἰτόν,

270 1896 399 1976 πέμπειν
413 1924 466 1977 μιν
481 1895 623 1961 Θάνατόν
638 1922 670 1962 τε
685 1896 790 1979 φέρειν
805 1899 854 1962 καὶ
870 1898 998 1978 νήδυμον
1010 1897 1134 1972 Ὕπνον,

267 2007 309 2068 εἰς
324 2005 342 2066 ά
358 2028 390 2067 κε
405 2003 441 2081 δὴ
458 2001 568 2080 Λυκίης
584 1998 698 2082 εὐρείης
713 2002 806 2079 δῆμον
821 2001 952 2076 ἵκωνται,
1163 2023 1212 2070 455

268 2099 339 2161 ἔνθα
355 2102 369 2162 ἑ
385 2098 571 2180 ταρχύσουσι
587 2096 764 2179 κασίγνητοί
778 2122 812 2160 τε
826 2095 890 2160 έται
905 2121 939 2162 τε

266 2202 370 2286 τύμβῳ
386 2227 419 2265 τε
434 2201 534 2287 στήλῃ
549 2222 592 2266 τε·
616 2201 650 2264 τδ
665 2204 723 2283 γδρ
737 2199 827 2284 γέρας
842 2200 909 2263 ἐστὶ
925 2197 1105 2265 θανόντων.”

303 2303 366 2369 Ὣς
381 2303 479 2383 ἔφατ’,
497 2304 557 2368 οὐδ’
573 2303 706 2382 ἀπίθησε
722 2302 819 2384 πατὴρ
835 2304 949 2384 ἀνδρῶν
964 2328 996 2366 τε
1012 2307 1088 2367 θεῶν
1102 2327 1142 2366 τε·

268 2403 473 2483 αἱματοέσσας
487 2406 520 2468 δὲ
533 2402 649 2486 φιόδας
665 2403 826 2486 κατέχευεν
842 2405 926 2485 ἔραζε

267 2513 360 2570 παῖδα
375 2507 469 2588 φίλον
484 2513 587 2586 τιμῶν,
603 2507 656 2570 τόν
671 2509 701 2570 οἱ
717 2506 894 2589 Πάτροκλος
909 2507 1021 2586 ἔμελλε
1157 2520 1210 2582 460

269 2612 392 2690 φθίσειν
407 2613 441 2675 ἐν
454 2610 548 2696 Τροίῃ
566 2610 742 2690 ἐριβώλακι,
757 2612 864 2688 τηλόθι
878 2609 1001 2692 πάτρης.

312 2717 353 2778 Οἱ
368 2711 394 2778 δ’
410 2715 461 2778 ὅτε
477 2713 512 2793 δή
529 2712 641 2796 σχεδδν
656 2712 735 2792 ἦσαν
750 2711 797 2777 ἐπ’
813 2710 997 2791 ἀλλήλαισιν
1012 2715 1117 2787 ἰόντες,

268 2816 330 2882 ἔνθ’
346 2817 365 2896 ή
380 2842 425 2882 τοι
442 2815 619 2898 Πάτροκλος
635 2816 815 2898 ἀγακλειτὸν
831 2816 1046 2899 Θρασύμηλον,

269 2923 302 2986 ὅς
315 2919 347 3004 ῥ’
363 2919 416 2999 ήύς
432 2919 570 3002 θεράπων
585 2920 777 3000 Σαρπηδόνος
792 2918 846 2998 ἦεν
863 2919 999 2994 ἄνακτος,

267 3024 321 3087 τὸν
335 3022 416 3103 βάλε
431 3024 565 3104 νείαιραν
580 3024 656 3087 κατδ
670 3021 814 3105 γαστέρα,
830 3027 907 3087 λῦσε
922 3025 954 3088 δὲ
968 3028 1047 3106 γυῖα.
1159 3038 1211 3102 4⁶⁵

268 3127 434 3208 Σαρπηδδν
449 3124 476 3190 δ’
492 3125 582 3189 αὐτοῦ
595 3126 652 3204 μὲν
667 3123 845 3206 ἀπήμβροτε
859 3126 941 3207 δουρὶ
956 3129 1070 3213 φαεινῷ

268 3229 405 3309 δεύτερον
419 3229 565 3309 ὁρμηθείς,
583 3229 600 3290 ό
615 3231 648 3291 δὲ
664 3226 811 3306 Πήδασον
826 3229 953 3294 οὔτασεν
967 3232 1061 3294 ἵππον

269 3331 355 3414 ἔγχεϊ
370 3329 469 3409 δεξιὸν
485 3328 575 3411 ὦμον·
600 3331 616 3392 ὁ
631 3328 656 3394 δ’
674 3329 790 3414 ἔβραχε
805 3331 899 3411 θυμδν
913 3329 1038 3409 άέσθων,

269 3435 323 3496 κδδ
340 3432 365 3496 δ’
381 3432 465 3496 ἕπετ’
482 3435 515 3496 ἐν
531 3434 649 3518 κονίῃσι
663 3433 777 3512 μακάν,
793 3433 852 3497 άπδ
867 3433 892 3498 δ’
908 3433 1020 3498 έπτατο
1035 3436 1135 3516 θυμός.

268 3536 309 3598 τδ
326 3537 359 3600 δέ
374 3533 545 3614 διαστήτην,
562 3536 644 3617 κρίκε
660 3537 692 3599 δέ
710 3535 806 3618 ζυγόν,
821 3535 892 3613 ἡνία
906 3535 940 3600 δέ
954 3545 1013 3620 σφι
1159 3563 1211 3616 470

268 3633 404 3718 σύγχυτ’,
420 3635 486 3700 ἐπεὶ
502 3637 538 3716 δή
555 3641 635 3700 κεῖτο
652 3637 802 3720 παρήορος
817 3640 851 3702 ἐν
866 3641 995 3728 κονίῃσι.
