2738 4226
257 361 317 427 252
567 363 617 431 ¹3·
642 346 811 407 ΙΛΙΑΔΟΣ
834 345 874 403 Ν.

254 521 324 586 ἀλλ’
340 523 356 583 ό
371 524 426 601 μὲν
442 522 516 586 ἀντα
532 517 602 581 ίδδν
617 516 744 595 ἠλεύατο
759 514 893 599 χάλκεον
908 513 1000 596 ἔγχος

254 627 369 688 τυτθόν·
394 625 410 686 ὁ
425 620 452 686 δ’
468 619 673 702 Ἀμφίμαχον,
689 617 823 682 Κτεάτου
836 618 874 681 vs
890 615 1094 696 Ἀκτορίωνος,
1149 627 1193 686 ¹85

257 724 416 801 νισόμενον
432 724 599 801 πόλεμόνδε
615 727 690 786 κατὰ
706 726 817 799 στῆθος
830 719 913 797 βάλε
929 720 1020 799 δουρί·

256 824 405 901 δούπησεν
421 825 453 886 δὲ
468 820 579 896 πεσόν,
597 818 735 900 ἀράβησε
750 821 783 882 δὲ
798 817 895 903 τεύχε’
911 819 957 884 ἐπ’
974 820 1062 904 αὐτῶ.

254 925 369 1005 Ἕκτωρ
384 925 408 990 δ’
426 922 545 1006 ῶρμήθη
562 925 671 1004 κόρυθα
687 921 847 1003 κροτάφοις
863 925 1004 1006 ἀραρυῖαν

257 1028 362 1109 κρατὸς
377 1025 553 1109 ἀφαρπάξαι
567 1024 772 1108 μεγαλήτορος
786 1025 1004 1109 Ἀμφιμάχοιο·

258 1134 332 1196 Α’ίας
347 1130 371 1194 δ’
391 1127 569 1212 ὁρμηθέντος
584 1125 709 1209 ὀρέξατο
724 1130 806 1209 δουρὶ
822 1131 936 1212 φαεινῷ
1150 1159 1197 1206 190

254 1233 406 1314 Ἕκτορος·
430 1230 499 1294 ἀλλ’
516 1229 550 1292 ού
565 1255 607 1315 πῃ
621 1230 711 1312 χροὸς
727 1233 840 1307 είσατο,
857 1236 916 1297 πῶς
930 1230 955 1296 δ’
972 1231 1029 1312 ἀρα
1042 1236 1148 1316 χαλκῷ

258 1333 432 1418 σμερδαλέῳ
449 1332 624 1414 κεκάλυφθ’·
648 1332 705 1418 ὁδ’
722 1332 766 1415 ἀρ’
784 1334 912 1400 ἀσπίδος
927 1335 1068 1415 ὀμφαλὸν
1083 1336 1163 1413 οὖτα,

257 1435 319 1501 ῶσε
335 1437 368 1500 δέ
382 1463 433 1517 μιν
448 1436 551 1502 σθένεϊ
564 1435 697 1520 μεγάλῳ·
722 1438 738 1498 ὁ
754 1437 786 1499 δὲ
800 1434 932 1519 χάσσατ’
950 1438 1070 1501 ὀπίσσω

258 1545 368 1618 νεκρῶν
384 1538 570 1621 ἀμφοτέρων,
586 1539 655 1604 τοὺς
669 1538 694 1602 δ’
712 1537 891 1619 ἐξείρυσσαν
904 1538 1036 1622 Ἀχαιοί.

256 1643 452 1726 Ἀμφίμαχον
466 1646 522 1722 μὲν
536 1644 594 1723 ἀρα
609 1640 731 1724 Στιχίος
746 1642 808 1707 δῖός
823 1667 856 1706 τε
872 1643 1054 1720 Μενεσθεύς,
1150 1673 1198 1723 ¹95

259 1747 347 1830 ἀρχοὶ
358 1746 536 1826 Ἀθηναίων,
554 1746 682 1824 κόμισαν
696 1748 771 1824 μετὰ
786 1744 863 1808 λαδν
876 1745 1020 1829 Ἀχαιῶν·

256 1848 395 1931 Ἴμβριον
409 1849 470 1914 αὖτ’
487 1851 606 1920 Αίαντε,
621 1849 752 1927 μεμαότε
768 1849 901 1929 θούριδος
916 1850 1020 1927 ἀλκῆς,

259 1955 299 2019 ῶς
314 1979 346 2018 τε
362 1952 409 2016 δύ’
426 1952 497 2033 αἶγα
512 1951 619 2016 λέοντε
634 1958 729 2015 κυνῶν
743 1953 801 2015 ύπο
817 1953 1061 2036 καρχαροδόντων

259 2054 428 2136 ἁρπάξαντε
443 2053 574 2136 φέρητον
589 2054 646 2118 ἀνὰ
658 2052 777 2136 ῥωπήϊα
791 2055 897 2129 πυκνά,

259 2161 339 2241 ὑψοῦ
353 2159 427 2239 ὑπὲρ
441 2158 529 2239 γαίης
542 2160 618 2235 μετά
631 2160 831 2243 γαμφηλῇσιν
847 2159 961 2242 ἔχοντε,
1150 2185 1201 2222 200

260 2264 299 2326 ῶς
313 2263 352 2344 ῥα
366 2260 420 2326 τὸν
433 2263 513 2342 ὑψοῦ
528 2261 634 2343 ἔχοντε
649 2261 707 2323 δύω
724 2263 834 2325 Αἴαντε
851 2262 979 2342 κορυστὰ

259 2365 369 2444 τεύχεα
384 2361 526 2441 συλήτην·
550 2362 687 2442 κεφαλήν
702 2360 728 2426 δ’
744 2364 861 2439 ἁπαλῆς
876 2363 936 2426 ἀπὸ
951 2365 1049 2445 δειρῆς

262 2467 359 2546 κόφεν
372 2465 539 2545 Ὀϊλιάδης,
555 2464 764 2549 κεχολωμενος
777 2463 994 2549 Ἀμφιμάχοιο,

261 2567 363 2646 ῆκεδέ
377 2594 429 2649 μιν
443 2568 615 2650 σφαιρηδὸν
632 2568 808 2647 ἑλιξάμενος
823 2567 860 2631 δι’
878 2570 994 2648 ὁμίλου·

257 2669 380 2752 Ἕκτορι
395 2674 427 2735 δὲ
442 2670 627 2752 προπάροιθε
641 2677 742 2735 ποδῶν
756 2669 850 2733 πέσεν
866 2672 899 2734 έν
914 2673 1042 2756 κονίῃσι.
1154 2703 1202 2752 ²05

306 2776 415 2838 Kaz‘
379 2800 448 2838 τοτε
463 2775 499 2854 δή
515 2776 583 2856 περὶ
599 2777 665 2856 κῆρι
681 2771 888 2837 Ποσειδάωνέ
874 2774 1011 2856 έχολόθη

261 2881 381 2942 υἱωνοῖο
396 2879 544 2943 πεσόντος
562 2879 596 2942 έν
612 2878 679 2963 αἰνῇ
696 2879 837 2954 δηϊοτῆτι,

262 2986 305 3061 βῆ
321 2979 347 3046 δ’
364 2979 439 3044 ἰέναι
454 2979 535 3063 παρά
549 3005 582 3044 τε
598 2980 719 3043 κλισίας
734 2979 783 3041 καὶ
798 2983 871 3056 νῆας
885 2977 1020 3064 Ἀχαιῶν

263 3082 408 3163 ὀτρυνέων
425 3081 571 3155 Δαναούς,
586 3081 728 3163 Τρόεσσι
743 3081 775 3144 δὲ
792 3079 870 3159 κήδε’
887 3082 1018 3165 ἔτευχεν.

261 3185 428 3264 Ἰδομενεὺς
444 3183 470 3250 δ’
486 3186 544 3266 ἄρα
559 3187 587 3248 οί
603 3183 793 3265 δουρικλυτὸς
808 3185 1026 3264 ἀντεβόλησεν,
1156 3215 1206 3254 210

264 3289 425 3372 ἐρχόμενος
441 3286 508 3368 παρ’
528 3288 655 3369 ἑταίρου,
672 3288 690 3349 ὀ
708 3288 736 3349 οί
752 3286 822 3353 νέον
838 3290 870 3351 έκ
886 3287 1033 3366 πολέμοιο

265 3393 339 3472 ῆλθε
354 3391 416 3455 κατ’
434 3392 537 3474 ἰγνύην
551 3389 746 3470 βεβλημένος
761 3387 825 3470 ὀξέϊ
839 3391 955 3474 χαλκῶ.

263 3495 385 3574 τὸνμὲν
400 3499 512 3575 ἑταῖροι
528 3495 654 3566 ἔνεικαν,
671 3495 688 3556 ὁ
703 3493 728 3558 δ’
745 3497 856 3575 ἰητροῖς
873 3494 1027 3562 ἐπιτείλας

263 3599 329 3676 ἤϊεν
344 3600 375 3665 ές
390 3597 522 3675 κλισίην·
546 3597 590 3660 ἔτι
603 3598 662 3678 γὰρ
677 3595 823 3675 πολέμοιο
836 3597 960 3674 μενοίνα

264 3698 397 3766 ἀντιάαν·
425 3696 477 3761 τόν
498 3700 530 3760 δὲ
541 3698 682 3780 προσέφη
699 3700 804 3777 κρείων
818 3699 995 3784 ἐνοσίχθων,
1157 3727 1205 3780 ²¹5
