2788 4230
270 354 333 431 804
562 352 610 417 18.
633 355 870 416 ΟΔΎΣΣΕΙΑΣ
892 355 926 413 Σ.

269 524 416 605 ἐμπλείην
432 525 537 600 κνίσης
551 549 583 587 τε
600 524 648 587 καὶ
665 527 800 605 αἵματος·
823 524 1007 604 Ἀμφίνομος
1023 523 1055 585 δέ

267 628 373 709 άρτους
389 629 421 691 ἐκ
439 627 555 692 κανέοιο
571 627 629 692 δόω
646 629 813 709 παρέθηκεν
828 627 928 709 ἀείρας
1172 652 1221 688 120

268 733 317 795 καὶ
333 731 420 795 δέπαϊ
434 732 553 814 χρυσέῳ
569 733 736 796 δειδίσκετο
755 731 898 813 φώνησέν
913 749 955 794 τε·

268 843 285 870 “
296 840 392 918 χαῖρε,
409 833 503 918 πάτερ
518 833 541 898 ὦ
558 834 647 914 ξεῖνε·
678 834 795 915 γένοιτό
809 859 856 898 τοι
872 835 903 899 ές
921 857 978 914 περ
994 832 1115 895 ὀπίσσω

267 940 372 1018 ὄλβος·
396 940 471 1021 ἀτάρ
486 942 542 1016 μὲν
557 943 611 1003 νῦν
624 964 661 1021 γε
676 943 778 1004 κακοῖς
796 938 880 1018 ἔχεαι
895 932 1073 1000 πολέεσσι.”

309 1047 373 1105 Τὸν
387 1041 413 1106 δ’
429 1043 672 1121 ἀπαμειβόμενος
688 1040 829 1122 προσέφη
845 1040 1010 1120 πολύμητις
1026 1037 1203 1104 Ὀδυσσεύς·

266 1145 465 1227 “Ἀμφίνομ’,
481 1145 500 1225 ἦ
514 1145 596 1225 μάλα
611 1171 662 1225 μοι
678 1145 790 1211 δοκέεις
806 1143 993 1223 πεπνυμένος
1009 1143 1094 1208 εἶναι·
1171 1169 1219 1218 1²5

266 1251 349 1313 τοίου
363 1247 421 1333 γάρ
437 1251 486 1312 καὶ
501 1251 623 1331 πατρός,
639 1246 705 1313 ἐπεί
722 1246 808 1314 κλέος
825 1247 938 1313 ἐσθλὸν
952 1248 1068 1320 ἄκουον,

267 1358 367 1415 Νῖσον
384 1356 554 1435 Δουλιχιῆα
570 1349 621 1417 ἐόν
638 1351 662 1416 τ’
682 1352 752 1431 έμεν
767 1352 895 1434 ἀφνειόν
910 1372 952 1416 τε·

266 1461 318 1519 τοῦ
335 1454 415 1519 σ’έκ
432 1462 511 1536 φασι
526 1453 676 1539 γενέσθαι,
693 1457 787 1542 ἐπητῇ
803 1455 828 1519 δ’
844 1452 928 1538 ἀνδρὶ
943 1455 1052 1519 ἔοικας.

265 1559 390 1625 τοῦνεκά
405 1585 451 1622 τοι
467 1557 548 1640 ἐρέω,
564 1559 604 1621 σὺ
618 1561 651 1622 δὲ
667 1559 778 1622 σύνθεο
794 1559 844 1623 καί
857 1584 913 1639 μευ
929 1558 1068 1622 ἄκουσον·

186 1703 189 1718 ι
265 1665 350 1727 οὐδὲν
365 1662 554 1742 ἀκιδνότερον
568 1667 640 1744 γαῖα
655 1661 759 1743 τρέφει
776 1662 944 1743 ἀνθρώποιο
1169 1687 1218 1734 130

265 1764 385 1830 πάντων
400 1766 482 1830 ὅσσα
497 1791 529 1830 τε
545 1771 636 1848 γαῖαν
651 1766 700 1829 ἐπι
717 1767 814 1830 πνείει
832 1791 865 1829 τε
882 1763 930 1829 καὶ
945 1764 1038 1845 έρπει.
1112 1829 1116 1837 ,

264 1871 299 1934 οὐ
313 1871 368 1949 μὲν
383 1867 441 1952 γάρ
457 1869 532 1935 ποτέ
546 1876 625 1950 φησι
641 1875 732 1933 κακδυ
747 1871 908 1935 πείσεσθαι
924 1869 1055 1942 ὀπίσσω,
1139 1887 1142 1890 ·

265 1969 334 2056 ὄφρ’
349 1973 457 2056 ἀρετὴν
471 1974 630 2057 παρέχωσι
645 1971 709 2038 θεοὶ
725 1975 774 2037 καὶ
792 1972 912 2056 γούνατ’
928 1973 1033 2057 όρόρη·

264 2077 335 2140 ἀλλ’
350 2079 401 2141 ὅτε
416 2079 453 2156 δὴ
470 2078 518 2140 καὶ
533 2081 631 2160 λυγρὰ
646 2076 710 2141 θεοὶ
724 2076 855 2160 μάκαρες
869 2075 1033 2151 τελέσωσι,

265 2182 313 2244 καὶ
328 2180 365 2245 τὰ
381 2180 468 2263 φέρει
484 2180 679 2260 ἀεκαζόμενος
695 2181 832 2260 τετληότι
848 2180 939 2265 θυμῷ.
1167 2205 1214 2255 135

264 2290 344 2350 τοῖος
359 2284 416 2367 γὰρ
432 2286 499 2351 νόος
517 2286 600 2349 ἐστὶν
616 2284 798 2366 ἐπιχθονίων
816 2283 981 2365 ἀνθρώπων

264 2391 329 2452 οἶον
344 2388 390 2452 ἐπ’
406 2388 484 2469 ἦμαρ
500 2387 593 2474 άγῃσι
609 2387 706 2468 πατὴρ
722 2389 838 2469 ἀνδρῶν
853 2412 884 2451 τε
902 2390 979 2451 θεῶν
994 2411 1036 2449 τε.

264 2490 384 2573 καὶγὰρ
401 2492 459 2574 ἐγό
475 2491 540 2555 ποτ’
557 2491 688 2569 ἔμελλον
704 2493 736 2555 έν
753 2492 899 2574 ἀνδράσιν
914 2492 1024 2569 ὄλβιος
1041 2489 1127 2566 εἶναι,

263 2595 366 2660 πολλὰ
382 2596 408 2660 δ’
423 2594 570 2660 ἀτάσθαλ’
586 2595 676 2677 ἔρεξα
688 2597 743 2682 βίη
760 2592 807 2660 καὶ
824 2593 926 2676 κάρτεϊ
941 2597 1040 2672 εἴκων,

263 2701 355 2781 πατρί
367 2697 392 2763 τ’
408 2700 469 2784 ἐμῷ
482 2701 609 2766 πίσυνος
625 2701 674 2764 καὶ
689 2701 789 2779 ἐμοῖσι
805 2696 1027 2781 κασιγνήτοισι.
1163 2725 1214 2774 ¹40

263 2806 303 2886 τῷ
318 2801 359 2882 μή
374 2804 421 2870 τίς
436 2829 509 2868 ποτε
524 2801 650 2885 πάμπαν
666 2803 740 2884 ἀνὴρ
757 2803 931 2881 ἀθεμίστιος
950 2804 1007 2881 είη,

264 2905 334 2970 ἀλλ’
351 2907 369 2969 ό
383 2933 419 2989 γε
434 2909 507 2994 σιγῇ
524 2913 603 2989 δῶρα
619 2911 698 2972 θεῶν
713 2905 789 2988 έχοι,
805 2906 869 2970 ὅττι
884 2911 1003 2970 διδοῖεν.

263 3009 306 3072 οἷ’
323 3011 399 3092 ὁρόω
415 3014 588 3093 μνηστῆρας
604 3009 763 3073 ἀτάσθαλα
777 3009 1002 3090 μηχανόωντας,

264 3111 397 3194 κτήματα
413 3117 565 3197 κείροντος
581 3115 629 3178 καὶ
645 3105 841 3192 ἀτιμάζοντας
857 3113 972 3176 ἄκοιτιν

263 3218 380 3298 ἀνδρός,
396 3217 431 3282 δν
445 3219 543 3283 οὐκέτι
558 3218 636 3300 φημὶ
652 3219 754 3294 φίλων
770 3215 819 3282 καὶ
834 3218 977 3300 πατρίδος
991 3217 1058 3295 αἴης
1165 3225 1212 3294 145'

264 3325 352 3398 δηρὸν
368 3320 569 3387 ἀπέσσεσθαι·
593 3320 677 3401 μάλα
692 3323 724 3384 δέ
740 3322 862 3405 σχεδόν·
886 3318 968 3383 ἀλλά
983 3345 1021 3384 σε
1038 3323 1152 3398 δαίμων

263 3424 356 3488 οἴκαδ’
371 3424 565 3509 ὑπεξαγάγοι,
581 3421 649 3505 μηδ’
664 3423 836 3490 ἀντιάσειας
853 3425 967 3508 ἐκείνῳ,

264 3529 377 3592 ὁππότε
396 3527 558 3608 νοστήσειε
573 3531 670 3610 φίλην
686 3532 717 3595 ἐς
732 3530 860 3612 πατρίδα
874 3531 972 3610 γαῖαν·

263 3632 297 3696 οὐ
315 3635 372 3715 γὰρ
388 3633 534 3712 ἀναιμωτί
550 3658 586 3716 γε
601 3635 820 3714 διακρινέεσθαι
836 3629 890 3694 ἀίω

262 3738 434 3818 μνηστῆρας
450 3735 499 3798 καὶ
514 3741 621 3814 κεῖνον,
639 3738 706 3802 ἐπεί
722 3763 754 3801 κε
768 3734 921 3817 μέλαθρον
936 3733 1084 3822 ὑπέλθη.”
1164 3741 1211 3812 15'0
