2874 4234
406 385 409 394 .
523 359 552 423 9.
574 343 806 403 ολννςοιλν
830 345 854 403 1.
1105 343 1168 424 645

221 509 290 575 ουἰδέ
304 536 356 592 μιν
372 512 558 594 εἰσοιχνεῦσι
574 510 741 593 κυνηγέται,
758 513 789 574 οἰ
802 537 835 575 τε
851 511 915 574 καθ’
930 513 1006 589 ύλην
1121 541 1168 577 120

220 615 317 697 ἄλγεα
332 615 506 699 πάσχουσιν
522 618 653 696 κορυφὰς
670 614 763 695 ἀρέων
782 613 957 696 ἐφέποντες.

221 720 281 784 οὔτ’
297 719 354 801 ἄρα
369 721 531 806 ποίμνῃσιν
548 717 743 803 καταΐσχεται
758 719 818 783 οὔτ’
830 721 993 800 ἀρότοισιν,

220 823 291 888 ἀλλ’
306 824 327 902 ή
341 823 370 905 γ’
385 821 538 898 ἄσπαρτος
554 821 602 886 καί
619 821 762 903 ἀνήροτος
777 822 875 901 ἤματα
890 822 987 887 πάντα

222 928 337 1009 ἀνδρῶν
352 927 479 1010 χηρεύει,
495 927 606 1005 βόσκει
622 927 656 991 δέ
669 951 702 990 τε
717 926 851 1005 μηκάδας
866 927 963 1008 αἶγας.

221 1031 256 1094 ού
274 1034 331 1113 γὰρ
348 1031 552 1094 Κυκλώπεσσι
568 1030 633 1096 νέες
649 1029 728 1109 πάρα
743 1030 952 1114 μιλτοπάρῃοι,

222 1134 282 1198 οὐδ’
298 1133 403 1215 ἄνδρες
419 1141 497 1210 νηῶν
513 1134 557 1198 ἐνι
572 1136 719 1210 τέκτονες,
736 1135 767 1197 οἵ
782 1159 815 1197 κε
830 1133 953 1213 κάμοιεν

222 1240 296 1315 νῆας
310 1238 509 1318 ἐϋσσέλμους,
524 1239 559 1300 ἀί
573 1263 624 1301 κεν
638 1236 772 1300 τελέοιεν
787 1236 900 1300 έκαστα

221 1341 304 1405 ἄστε’
321 1342 366 1404 ἐπ’
383 1342 550 1421 ἀνθρώπων
566 1340 742 1418 ἱκνεύμεναι,
759 1339 810 1404 οἰά
825 1365 858 1404 τε
877 1341 980 1404 πολλά

222 1443 326 1526 ἄνδρες
341 1445 388 1509 ἐπ’
403 1443 559 1523 ἀλλήλους
574 1445 681 1522 νηυσὶν
696 1445 828 1524 περόωσι
844 1443 1016 1508 θάλασσαν·

221 1549 253 1612 οῖ
267 1547 300 1611 κέ
315 1556 392 1629 σφιν
408 1545 456 1611 καί
472 1551 566 1625 νῆσον
582 1546 754 1626 ἐϋκτιμένην
770 1546 923 1627 ἐκάμοντο.

222 1652 256 1716 ού
270 1655 326 1729 μέν
340 1651 398 1734 γάρ
416 1677 444 1716 τι
460 1651 534 1731 κακή
549 1677 594 1734 γε,
610 1651 697 1733 φέροι
713 1650 747 1715 δέ
763 1678 814 1716 κεν
828 1653 903 1727 ὥρια
920 1651 1028 1716 πάντα·

222 1759 256 1821 ἐν
269 1761 325 1836 μὲν
340 1759 398 1838 γὰρ
413 1763 557 1838 λειμῶνες
573 1759 646 1822 ἀλδς
660 1760 780 1820 πολιοῖο
796 1755 863 1836 παρ’
880 1758 975 1839 ὄχθας

219 1857 343 1941 ὑδρηλοὶ
358 1859 498 1939 μαλακοί·
527 1858 612 1940 μάλα
628 1859 653 1922 κ’
669 1859 794 1939 ἄφθιτοι
809 1858 940 1937 ἄμπελοι
956 1860 1025 1924 εἶεν.

222 1964 255 2026 ἐν
271 1963 296 2026 δ’
313 1962 420 2044 ἄροσις
434 1964 513 2041 λείη·
544 1962 627 2042 μάλα
643 1987 693 2027 κεν
709 1962 790 2042 βαθὺ
804 1961 893 2040 λήϊον
909 1961 967 2026 αἰεί

221 2069 265 2133 εἰς
281 2067 359 2148 ὥρας
374 2067 481 2151 ἀμῷεν,
498 2067 563 2129 ἐπεὶ
578 2064 661 2145 μάλα
676 2071 748 2146 πῖαρ
763 2065 812 2128 ὑπ’
829 2066 926 2130 οὖδας.

222 2172 255 2235 ἐν
271 2172 303 2234 δὲ
319 2170 412 2248 λιμὴν
427 2169 558 2249 εὔορμος,
574 2168 612 2234 ἵν’
629 2169 664 2232 οὐ
679 2169 759 2252 χρεδ
777 2170 942 2245 πείσματός
957 2171 1051 2250 ἐστιν,

223 2273 283 2336 οὔτ’
300 2273 386 2339 εύνδς
400 2271 526 2353 βαλέειν
540 2271 609 2334 οὔτε
624 2270 783 2354 πρυμνήσι’
801 2271 927 2353 ἀνάψαι,

223 2377 293 2440 ἀλλ’
310 2376 529 2441 ἐπικέλσαντας
544 2379 643 2455 μεῖναι
659 2377 769 2459 χρόνον
786 2378 857 2442 εἰςὸ
874 2403 906 2440 κε
922 2375 1053 2441 ναυτέων

223 2485 314 2560 θυμὸς
329 2481 473 2566 ἐποτρύνῃ
490 2481 538 2543 καὶ
554 2480 778 2543 ἐπιπνεύσωσιν
794 2482 891 2560 ἀῆται.

223 2586 313 2665 αιἰτάρ
329 2585 379 2648 ἐπὶ
397 2583 502 2664 κρατὸς
517 2584 640 2663 λιμένος
653 2582 717 2665 ῥέει
733 2584 849 2665 ἀγλαὸν
863 2585 952 2663 ὕδωρ,

223 2687 314 2769 κρήνη
330 2688 388 2751 ὑπὸ
405 2689 535 2752 σπείους·
566 2683 634 2767 περὶ
650 2687 675 2749 δ’
692 2686 818 2771 αἴγειροι
832 2687 996 2768 πεφύασιν.

224 2792 296 2855 ἔνθα
313 2789 526 2868 κατεπλέομεν,
541 2791 591 2853 καί
605 2815 651 2854 τις
669 2794 737 2855 θεὸς
751 2788 915 2871 ἡγεμόνευε

224 2895 313 2958 νύκτα
328 2892 540 2974 δι’·ἀρφναίην,
558 2893 626 2957 οὐδὲ
641 2893 836 2974 προύφαίνετ’
853 2894 978 2958 ἰδέσθαι·

225 3103 384 3182 οὐρανόθεν
399 3101 577 3183 προύφαινε,
594 3101 750 3184 κατείχετο
766 3103 798 3163 δέ
813 3099 987 3181 νεφέεσσιν.
1123 3129 1170 3180 145

225 3203 284 3268 ἐνθ’
302 3205 336 3267 οὔ
351 3230 397 3270 τις
410 3206 466 3284 τήν
481 3206 574 3280 νῆσον
590 3203 750 3285 ἐσέδρακεν
765 3205 983 3284 ὀφθαλμοῖσιν·

225 3305 285 3372 οὐδ’
301 3307 353 3372 οὖν
368 3309 481 3386 κύματα
495 3311 593 3389 μακρδ
609 3307 805 3387 κυλινδόμενα
820 3309 907 3387 προτὶ
923 3308 1033 3390 χέρσον

225 3411 385 3490 εἰσίδομεν,
401 3410 471 3492 πρὶν
485 3413 558 3489 νῆας
575 3410 763 3487 ἐϋσσέλμους
778 3412 947 3475 ἐπικέλσαι.

225 3513 396 3600 κελσάσῃσι
411 3516 444 3578 δέ
459 3516 547 3592 νηυσὶ
563 3515 742 3594 καθείλομεν
761 3515 842 3577 ἱστία
857 3513 964 3594 πάντα,

224 3619 257 3680 ἐκ
273 3621 306 3682 δέ
323 3615 370 3680 καί
387 3617 468 3680 αὐτοὶ
485 3623 585 3700 βῆμεν
600 3616 650 3682 ἐπί
665 3619 786 3699 ῥηγμῖνι
802 3616 970 3697 θαλάσσης·
1030 3649 1034 3656 «

225 3723 298 3785 ἔνθα
316 3718 341 3785 δ’
358 3719 578 3802 ἀποβρίξαντες
594 3722 749 3802 ἐμείναμεν
767 3719 832 3784 Ἠῶ
848 3725 922 3785 δῖαν.
