2738 4226
274 331 335 376 210
589 333 636 378 11.
660 316 830 376 ΙΛΙΑΔΟΣ
854 318 889 376 Λ.

272 483 433 562 οὐρανόθεν
448 479 590 561 καταβάς·
614 481 667 564 έχε
682 478 708 546 δ’
724 481 896 564 ἀστεροπὴν
910 483 986 562 μετά
1000 481 1118 567 χερσίν.

269 583 345 664 Ἰριν
360 584 384 648 δ’
402 585 512 667 ὤτρυνε
526 587 734 667 χρυσόπτερον
749 584 966 667 ἀγγελέουσαν·
1166 599 1211 660 185

274 699 293 723 “
302 687 394 768 βάσκ’
411 690 464 762 ίθι,
476 686 535 770 Ἶρι
550 693 666 770 ταχεῖα,
682 687 736 753 τδν
746 686 869 770 Ἕκτορι
883 692 979 769 μῦθον
993 690 1125 756 ἐνίσπες·

274 789 341 872 ὄφρ’
358 789 396 854 ἀν
408 790 463 871 μέν
479 816 530 855 κεν
545 791 599 873 ὁρᾷ
616 787 832 871 Ἀγαμέμνονα,
849 789 977 870 ποιμένα
990 797 1083 867 λαῶν,

274 891 389 959 θύνοντ’
404 895 437 959 ἐν
452 893 664 977 προμάχοισιν,
681 893 836 975 ἐναίροντα
852 893 960 976 στίχας
975 895 1097 974 ἀνδρῶν,

273 996 359 1077 τόφρ’
376 996 574 1080 ἀναχωρείτω,
591 997 645 1062 τὸν
660 993 687 1059 δ’
702 995 799 1062 ἀλλον
813 996 890 1061 λαὸν
905 996 1032 1081 ἀνώχθω

273 1098 442 1179 μάρνασθαι
457 1099 569 1182 δηίοισι
585 1103 660 1164 κατδ
675 1102 820 1185 κρατερήν
834 1101 972 1183 ὑσμίνην.

274 1201 365 1282 αὐτὰρ
381 1204 449 1268 ἐπεί
463 1204 487 1268 κ’
503 1201 522 1284 ἢ
539 1206 620 1285 δουρὶ
636 1206 738 1271 τυπεὶς
752 1203 771 1285 ἢ
786 1203 942 1286 βλήμενος
957 1205 992 1288 ίηῖ

275 1304 317 1369 είς
331 1305 439 1373 ίππους
454 1307 568 1381 άλεται,
584 1309 653 1373 τότε
668 1311 697 1373 οἶ
713 1306 820 1391 κράτος
835 1305 1004 1390 ἐγγυαλίξω

274 1407 408 1485 κτείνειν,
425 1411 468 1476 είς
483 1411 501 1473 ό
515 1436 548 1476 κε
563 1414 635 1488 νῆας
650 1410 838 1492 ἐϋσσέλμους
853 1411 997 1491 ἀφίκηται

273 1509 325 1597 δύη
340 1509 367 1574 τ’
382 1511 484 1590 ἠέλιος
499 1514 548 1578 καὶ
564 1514 614 1578 ἐπὶ
629 1513 743 1594 κνέφας
759 1513 839 1593 ἱερδν
855 1509 960 1597 έλθη.”

309 1613 372 1680 Ὣς
387 1613 483 1696 ἔφατ’,
499 1614 561 1678 οὐδ’
577 1616 709 1695 ἀπίθησε
723 1613 891 1694 ποδήνεμος
905 1612 984 1676 ὠκέα
995 1610 1080 1695 Ἰρις,
1202 1641 1212 1654 ·

273 1718 315 1796 βῆ
330 1719 363 1780 δέ
379 1717 440 1780 κατ’
457 1716 575 1781 Ἰδαίων
590 1716 684 1799 ὀρέων
699 1718 741 1782 είς
753 1715 852 1779 Ἴλιον
868 1714 943 1798 ἱρήν.

273 1820 330 1902 εὗρ’
346 1820 411 1885 υἶδν
426 1819 576 1904 Πριάμοιο
591 1818 762 1901 δαΐφρονος,
775 1818 908 1900 Ἕκτορα
923 1823 997 1895 δῖον,

273 1923 391 2010 ἑσταότ’
408 1925 441 1989 έν
456 1923 482 1987 θ’
499 1925 621 1988 ἵπποισι
637 1924 686 1988 καὶ
702 1922 815 2005 άρμασι
831 1927 1038 2000 κολλητοῖσιν·

273 2030 368 2112 ἀγχοῦ
382 2028 407 2091 δ’
425 2025 569 2105 ἱσταμένη
586 2025 726 2108 προσέφη
742 2029 837 2091 πόδας
852 2024 931 2088 ὠκέα
941 2023 1026 2107 Ἰρις·

273 2142 292 2167 “
300 2131 419 2214 Ἕκτορ,
434 2132 481 2194 νίέ
496 2128 654 2212 Πριάμοιο,
672 2130 725 2194 Διὶ
738 2133 829 2209 μῆτιν
844 2127 1002 2206 ἀτάλαντε,

274 2235 347 2300 Ζεύς
361 2261 399 2313 με
415 2233 511 2315 πατὴρ
527 2232 655 2313 προέηκε
669 2232 733 2297 τεὶν
747 2232 819 2298 τάδε
833 2231 1036 2314 μυθήσασθαι.

272 2338 340 2420 ὄφρ’
356 2336 393 2403 ἀν
407 2336 463 2417 μέν
479 2362 530 2402 κεν
545 2338 615 2419 ὁρᾷς
630 2334 850 2419 Ἀγαμέμνονα,
867 2334 996 2417 ποιμένα
1010 2341 1103 2408 λαῶν,

272 2438 385 2504 θύνοντ’
401 2441 435 2504 ἐν
449 2437 661 2520 προμάχοισιν,
679 2441 836 2521 ἐναίροντα
852 2439 961 2520 στίχας
976 2439 1101 2517 ἀνδρῶν,

271 2539 359 2623 τόφρ’
374 2541 496 2604 ύπόεικε
509 2539 618 2624 μάχης,
634 2540 687 2605 τδν
702 2538 729 2604 δ’
744 2542 843 2606 ἀλλον
857 2539 935 2605 λαδν
951 2539 1067 2622 άνινχθι

270 2644 440 2725 μάρνασθαι
455 2641 568 2723 δηίοισι
584 2646 659 2707 κατὰ
672 2645 816 2726 κρατερὴν
831 2643 968 2722 ὑσμίνην.

273 2750 364 2831 αύτδρ
379 2749 447 2813 ἐπεί
461 2746 486 2811 κ’
501 2747 520 2826 ἢ
536 2748 618 2829 δουρὶ
633 2749 735 2814 τυπεὶς
749 2745 767 2826 ἢ
782 2746 938 2826 βλήμενος
954 2746 989 2830 ἐῷ

273 2855 315 2920 εἰς
329 2856 439 2918 ἵππους
454 2850 570 2927 ἀλεται,
586 2851 655 2914 τότε
673 2876 720 2914 τοι
737 2848 841 2931 κράτος
857 2847 1031 2932 ἐγγυαλίξει

274 2957 408 3032 κτείνειν,
426 2955 468 3022 είς
484 2956 501 3018 ό
516 2981 550 3018 κε
565 2957 637 3032 νῆας
654 2952 842 3031 ἐϋσσέλμους
857 2954 985 3034 ἀφίκηαι

272 3060 326 3146 δύη
341 3057 368 3120 τ’
382 3057 484 3137 ἠέλιος
500 3058 549 3120 καὶ
564 3057 614 3121 ἐπὶ
630 3055 742 3136 κνέφας
759 3055 840 3138 ἱερὸν
855 3053 959 3142 ἐλθη.”

314 3162 357 3224 Ἡ
371 3164 427 3243 μὲν
442 3160 486 3243 ἄρ’
504 3162 543 3227 ὣς
558 3159 674 3224 είποΰσ’
690 3158 791 3240 ἀπέβη
807 3160 901 3226 πόδας
916 3156 995 3222 ὠκέα
1006 3157 1090 3238 Ἶρις,

269 3267 385 3345 Ἕκτωρ
401 3263 425 3328 δ’
443 3262 477 3341 ἐξ
491 3262 589 3346 ἀχέων
604 3261 661 3325 σὺν
674 3262 816 3345 τεύχεσιν
831 3264 907 3326 ἀλτο
920 3263 1045 3344 χαμᾶζε,

272 3367 399 3432 πάλλων
414 3365 438 3431 δ’
456 3365 529 3444 ὀξέα
543 3371 634 3447 δοῦρα
650 3364 725 3428 κατὰ
740 3364 870 3448 στρατὸν
886 3362 982 3449 φχετο
1000 3363 1107 3449 πάντῃ,

273 3470 402 3551 ὀτρύνων
416 3466 620 3552 μαχέσασθαι,
640 3468 737 3550 έγειρε
751 3469 784 3532 δὲ
800 3467 935 3548 φύλοπιν
950 3465 1046 3543 αίνήν.

273 3574 301 3635 οἳ
316 3571 340 3635 δ’
360 3573 567 3655 ἐλελίχθησαν
582 3573 630 3635 καὶ
647 3572 777 3636 ἐναντίοι
793 3570 885 3633 ἐστον
901 3566 1044 3650 Ἀχαιῶν,

272 3676 404 3757 Ἀργεῖοι
418 3673 444 3739 δ’
461 3675 604 3755 ἑτέρωθεν
620 3675 816 3748 ἐκαρτύναντο
831 3671 1003 3756 φάλαγγας.
