2874 4234
294 348 358 411 ιιι
586 360 616 428 7.
646 349 881 410 ολτνςιιιλν
914 349 954 408 H.

293 517 403 599 Ἀρήτη
419 517 444 581 δ’
461 516 543 598 ὄνομ’
560 517 642 580 ἐστὶν
658 518 821 596 ἐπώνυμον,
836 517 868 579 ἐκ
884 520 917 579 δὲ
932 514 1047 594 τοκήων

293 629 354 685 τῶν
369 622 466 687 αὐτῶν
482 622 582 701 οἵπερ
598 619 685 684 τέκον
699 620 859 683 Ἀλκίνοον
874 621 1022 698 βασιλῆα.
1210 645 1241 694 55

293 727 467 790 Ναυσίθοον
480 727 536 805 μὲν
550 730 653 804 πρῶτα
668 722 847 788 Ποσειδάων
863 723 1031 807 ἐνοσίχθων

292 831 414 910 γείνατο
430 825 478 892 καὶ
495 829 657 908 Περίβοια,
673 833 821 908 γυναικῶν
837 827 914 892 εἶδος
930 828 1044 908 Ιιἰρίστη,

293 931 446 1010 ὁπλοτάτη
462 931 592 1013 θυγάτηρ
606 929 812 1014 μεγαλήτορος
828 929 1057 1010 Εὐρυμέδοντος,

293 1037 325 1102 ὅς
341 1036 408 1099 ποθ’
423 1036 620 1116 ὑπερθύμοισι
636 1033 844 1116 Γιγάντεσσιν·
852 1035 1029 1113 βασίλευεν.

292 1140 362 1202 ἀλλ’
378 1141 394 1202 ὁ
409 1143 465 1218 μὲν
480 1140 578 1202 ὤλεσε
593 1139 670 1201 λαδν
682 1137 866 1216 ἀτάσθαλον,
882 1139 978 1202 ὤλετο
994 1138 1020 1202 δ’
1034 1137 1131 1214 αὐτός,
1205 1150 1238 1199 60

291 1247 326 1330 τῇ
343 1247 375 1307 δὲ
391 1243 571 1307 Ποσειδάων
588 1243 683 1325 ἐμίγη,
702 1241 749 1305 καὶ
766 1243 900 1324 ἐγείνατο
915 1247 1008 1306 παῖδα

292 1348 465 1411 Ναυσίθοον
480 1345 662 1426 μεγάθυμον,
679 1344 712 1411 δς
727 1347 760 1410 ἐν
776 1344 906 1424 Φαίηξιν
920 1344 1048 1409 ἄνασσε·

291 1451 463 1514 Ναυσίθοος
479 1446 504 1512 δ’
519 1449 620 1512 ἔτεκεν
634 1445 798 1528 Ῥηξήνορά
813 1449 839 1511 τ’
854 1449 1014 1512 Ἀλκίνοόν
1027 1473 1071 1512 τε.

290 1555 412 1631 τὸνμὲν
427 1552 553 1631 ἄκουρον
569 1554 653 1615 ἐόντα
669 1549 744 1631 βάλ’
760 1549 956 1634 ἆργυρότοξος
970 1550 1134 1615 Ἀπόλλων

290 1657 420 1736 νυμφίον
435 1657 468 1718 ἐν
482 1654 611 1739 μεγάρῳ,
626 1656 698 1735 μίαν
714 1659 780 1735 οἴην
795 1661 887 1719 παῖδα
901 1657 1031 1718 λιπόντα
1205 1667 1237 1731 65

290 1758 428 1839 Ἀρήτην·
458 1759 513 1838 τήν
529 1757 553 1821 δ’
568 1759 724 1825 ’Λλκίνοος
739 1757 878 1837 ποιήσατ’
894 1759 1017 1834 ἄκοιτιν,

291 1865 341 1926 καί
353 1889 404 1943 μιν
420 1861 495 1925 ἐτισ’
511 1863 549 1928 ὡς
567 1863 660 1928 οὔτις
676 1860 725 1926 ἐπὶ
739 1861 827 1946 χθονὶ
843 1863 936 1926 τίεται
952 1861 1043 1939 άλλη,

290 1967 382 2029 ὅσσαι
399 1971 451 2030 νῦν
466 1993 501 2047 γε
517 1971 655 2049 γυναῖκες
669 1964 718 2030 ὑπ’
734 1965 878 2048 ἀνδράσιν
893 1965 977 2031 οἶκον
992 1967 1125 2049 ἔχουσιν.
1228 1997 1231 2008 ’

290 2070 329 2135 ὣς
345 2071 425 2147 κείνη
441 2071 509 2152 περὶ
525 2075 590 2150 κῆρι
607 2071 762 2151 τετίμηταί
775 2096 808 2134 τε
824 2065 872 2136 καὶ
889 2071 972 2134 ἐστιν

289 2174 322 2236 ἔκ
338 2199 370 2236 τε
387 2174 486 2254 φίλων
501 2175 616 2237 παίδων
632 2174 664 2237 ἐκ
680 2174 705 2237 τ’
721 2165 812 2237 αι’ντοῢ
826 2174 998 2238 Ἀλκινόοιο
1207 2198 1238 2248 70

291 2279 338 2340 καὶ
353 2284 447 2356 λαῶν,
463 2280 494 2341 οἵ
507 2280 558 2356 μίν
572 2280 609 2360 ῥα
624 2278 693 2342 θεὸν
709 2279 748 2343 ὣς
764 2279 957 2358 εἰσορόωντες

289 2381 459 2463 δειδέχαται
474 2382 625 2459 μύθοισιν,
641 2379 691 2444 ὅτε
708 2379 847 2468 στείχῃσ’
863 2381 920 2446 ιἰνδ
936 2384 1022 2444 άστυ.

289 2484 324 2546 οὐ
339 2486 394 2561 μὲν
409 2483 466 2566 γάρ
481 2508 510 2546 τι
525 2485 594 2548 νόου
609 2510 643 2565 γε
665 2480 713 2546 καὶ
728 2484 801 2561 αὕτη
817 2485 933 2547 δεύεται
949 2486 1071 2547 ἐσθλοῦ·

289 2589 371 2651 οἷσίν
386 2585 411 2650 τ’
427 2588 459 2652 εὖ
475 2586 624 2672 φρονέῃσι
640 2584 688 2651 καὶ
705 2586 831 2668 ἀνδράσι
848 2589 947 2652 νείκεα
961 2589 1037 2652 λύει.

290 2691 317 2752 εἴ
329 2691 378 2756 κέν
394 2716 439 2754 τοι
457 2691 536 2767 κείνη
552 2717 588 2773 γε
603 2692 679 2770 φίλα
695 2690 839 2776 φρονέησ’
855 2689 899 2755 ἐνὶ
916 2693 1006 2776 θυμῷ,
1206 2711 1236 2764 75

288 2792 409 2876 ἐλπωρή
427 2819 471 2856 τοι
484 2793 588 2858 ἔπειτα
603 2795 712 2876 φίλους
722 2793 752 2858 ’τ’
769 2797 857 2861 ἰδέειν
873 2796 922 2858 καὶ
938 2793 1054 2857 ἱκέσθαι

289 2896 370 2960 οἶκον
386 2899 417 2963 ἐς
432 2898 593 2978 ὑψόροφον
609 2900 658 2963 καὶ
675 2900 732 2978 σὴν
749 2899 778 2965 ἐς
793 2898 920 2978 πατρίδα
936 2891 1054 2978 γαῖαν.”

324 2999 387 3066 Ὣς
403 3001 459 3081 ἄρα
475 3000 634 3082 φωνήσασ’
650 3001 749 3081 ἀπέβη
765 3005 938 3082 γλαυκῶπις
951 2996 1063 3077 Ἀθήνη

287 3106 398 3169 πόντον
412 3103 459 3168 ἐπ’
472 3107 645 3190 ἀτρύγετον,
658 3108 730 3169 λίπε
745 3106 778 3168 δὲ
794 3103 925 3186 Σχερίην
943 3100 1106 3184 ἐρατεινήν,

287 3209 368 3271 ἵκετο
384 3207 409 3271 δ’
427 3211 458 3274 ἐς
474 3214 646 3289 Μαραθῶνα
663 3205 710 3270 καὶ
727 3207 903 3290 εὐρυάγυιαν
920 3204 1059 3285 Ἀθήνην,
1203 3221 1237 3270 8ο

287 3315 356 3374 δῦνε
370 3311 395 3374 δ’
410 3310 574 3395 Ἐρεχθῆος
590 3311 714 3377 πυκινὸν
731 3311 832 3391 δόμον.
879 3310 970 3390 αὐτὰρ
986 3307 1154 3376 Ὀδυσσεὺς

286 3412 446 3479 Ἀλκινόου
461 3423 534 3498 πρὸς
550 3414 658 3498 δείματ’
675 3415 703 3481 ίε
720 3413 821 3478 κλυτά·
845 3417 949 3478 πολλὰ
964 3413 997 3476 δέ
1012 3415 1041 3476 οἱ
1059 3415 1111 3495 κῆρ

286 3519 409 3600 ὥρμαιν’
426 3519 581 3602 ἱσταμένῳ,
597 3519 666 3600 πρὶν
680 3519 814 3600 χάλκεον
829 3518 917 3583 ούδδν
933 3515 1061 3582 ἱκέσθαι.

286 3623 327 3687 ὥς
342 3647 374 3686 τε
389 3622 446 3704 γὰρ
461 3622 564 3698 ἠελίου
580 3624 671 3700 αἴγλη
687 3621 781 3685 πέλεν
796 3622 831 3700 ήέ
846 3618 978 3698 σελήνης

286 3729 368 3805 δῶμα
384 3721 448 3786 καθ’
463 3725 615 3803 ὑψερεφὲς
629 3724 834 3807 μεγαλήτορος
848 3723 1028 3789 Ἀλκινόοιο.
1205 3739 1237 3801 85
