2874 4234
312 311 378 391 580
446 267 461 287 “
611 330 643 387 4.
668 314 901 375 οκςννυιιν
933 317 968 376 λ.

312 486 355 550 εἷς
371 481 480 569 ὑπερῷ’
495 483 638 563 ἀνέβαινε
654 482 712 546 σὺν
727 484 931 563 ἀμφιπόλοισι
949 483 1092 565 γυναιξίν,
1213 498 1261 562 7⁶⁰

312 588 345 649 ἐν
359 584 385 650 δ’
401 584 477 651 ἔθετ’
493 585 659 667 οὐλοχύτας
675 584 782 670 κανέῳ,
798 587 890 664 ήράτο
906 583 931 648 δ’
946 583 1069 670 Ἀθήνῃ·

356 691 486 754 αΚλὺθί
499 714 565 770 μεν,
582 690 734 771 αἰγιόχοιο
751 694 824 754 Διὸς
839 690 934 765 τέκος,
949 686 1130 769 Ἀτρυτώνη,

312 793 340 855 εί
354 791 426 856 ποτέ
440 818 485 857 τοι
500 793 667 870 πολύμητις
683 792 728 857 ἐνὶ
744 790 922 873 μεγάροισιν
936 789 1104 859 Ὀδυσσεὺς

309 895 327 973 ῆ
344 902 419 975 βοὸς
436 894 454 976 ῆ
471 899 536 962 ὄϊος
553 895 627 959 κατὰ
642 897 731 960 πίονα
745 892 825 975 μηρί’
841 895 918 971 ἔκηε,

310 1005 370 1062 τῶν
386 1006 439 1064 νῦν
453 1027 504 1079 μοι
520 1004 643 1079 μνῆσαι,
661 1000 712 1062 καί
725 1023 777 1076 μοι
792 999 886 1078 φίλον
901 999 952 1062 υἶα
967 997 1100 1076 σάωσον,
1211 1011 1257 1076 7⁶5

309 1107 479 1182 μνηστῆρας
496 1103 521 1168 δ’
537 1103 695 1167 ἀπάλαλκε
711 1109 807 1166 κακῶς
822 1100 1101 1180 ὑπερηνορέοντας.”

363 1211 410 1273 Ως
427 1206 543 1271 εἰποΰσ’
558 1206 698 1285 ὀλόλυξε,
716 1209 771 1270 θεδ
786 1205 819 1268 δέ
834 1207 862 1266 οἱ
878 1205 985 1268 ἔκλυεν
1001 1207 1086 1286 ἀρῆςξ

309 1313 479 1391 μνηστῆρες
495 1309 521 1374 δ’
537 1310 693 1388 ὁμάδησαν
708 1310 766 1373 ἀνὰ
780 1309 896 1390 μέγαρα
912 1309 1061 1372 σκιόεντα·

309 1415 366 1475 ὦδε
383 1414 416 1478 δέ
431 1438 475 1480 τις
491 1417 613 1478 εἴπεσκε
629 1412 704 1476 νέων
719 1413 987 1493 ὑπερηνορεόντων·

353 1515 423 1579 “’H
438 1515 521 1595 μάλα
540 1518 575 1595 δή
590 1515 688 1598 γάμον
704 1516 777 1593 ἀμμι
794 1513 990 1593 πολυμνήστη
1007 1517 1156 1592 βασίλεια
1208 1544 1257 1592 ῃο

310 1622 418 1699 ἀρτύει,
433 1620 501 1684 οὐδέ
515 1644 545 1683 τι
561 1620 672 1683 οἶδενό
687 1621 716 1682 οἱ
733 1619 827 1700 φόνος
842 1619 885 1681 vta·
899 1616 1066 1682 τέτυκται.”

347 1722 410 1790 Ὣς
426 1724 483 1804 ἀρα
498 1747 543 1789 τις
559 1725 691 1800 είπεσκε,
707 1725 744 1784 τδ
760 1721 784 1786 δ’
801 1721 853 1784 οὑκ
868 1724 941 1785 ίσαν
957 1721 996 1788 ὦς
1014 1722 1160 1786 ἐτέτυκτο.

311 1831 409 1889 τοῖσιν
424 1824 450 1890 δ’
464 1825 619 1892 Ἀντίνοος
634 1824 806 1908 ἀγορήσατο
819 1821 868 1887 καί
883 1823 1030 1905 μετέειπε·

350 1933 371 1962 “
382 1931 552 2010 Δαιμόνιοι,
569 1929 678 2008 μύθους
692 1931 747 2008 μέν
762 1928 967 2008 ὑπερφιάλους
984 1928 1117 1992 ἀλέασθε

309 2033 422 2099 πάντας
439 2035 528 2112 ὑμῶς,
542 2032 583 2113 μή
600 2032 657 2096 πού
672 2058 716 2098 τις
733 2033 932 2118 ἐπαγγείλῃσι
949 2033 998 2095 καὶ
1014 2036 1097 2096 είσω.
1208 2056 1254 2109 775

308 2134 378 2198 ἀλλ’
394 2137 449 2218 άγε
466 2139 538 2218 σιγῇ
554 2141 639 2199 τοῖον
654 2134 838 2202 ἀναστάντες
853 2136 1004 2214 τελέωμεν

306 2244 410 2318 μῦθον,
427 2238 443 2302 δ
459 2241 495 2318 δὴ
512 2237 559 2303 καὶ
576 2244 671 2303 πᾶσιν
687 2237 732 2303 ἐνὶ
748 2240 858 2320 φρεσὶν
873 2237 982 2320 ἤραρεν
996 2237 1094 2317 ῆμῖν.”

346 2341 409 2407 Ὣς
425 2344 517 2406 εἰπὼν
532 2339 658 2423 ἐκρίνατ’
674 2344 788 2406 ἐείκοσι
803 2349 906 2424 φῶτας
922 2344 1071 2423 ἀρίστους,

307 2445 370 2525 βὰν
385 2444 410 2508 δ’
427 2445 503 2509 ἰέναι
518 2447 567 2509 ἐπὶ
583 2451 640 2524 νῆα
654 2447 729 2526 θοήν
748 2449 796 2510 καὶ
812 2451 879 2509 θῖνα
895 2446 1063 2523 θαλάσσης.

307 2553 365 2626 νῆα
379 2551 434 2625 μὲν
450 2551 502 2614 οὑν
518 2548 699 2631 πάμπρωτον
715 2551 790 2617 ἀλδς
804 2549 955 2629 βένθοσδε
970 2551 1111 2628 ἔρυσσαν,
1206 2567 1255 2627 780

308 2654 341 2716 ἐν
356 2650 381 2716 δ’
398 2654 485 2718 ἱστόν
499 2679 532 2717 τε
547 2655 663 2717 τίθεντο
679 2656 729 2717 καὶ
745 2657 825 2718 ἱστία
840 2654 890 2731 νηὶ
904 2655 1042 2738 μελαίνῃ,

306 2756 469 2837 ἠρτύναντο
485 2755 510 2820 δ’
527 2757 634 2839 ἐρετμά
650 2764 771 2840 τροποῖς
788 2759 821 2821 ἐν
836 2758 1038 2838 δερματίνοισι

308 2857 421 2946 [πάντα
437 2860 510 2924 κατὰ
524 2866 641 2942 μοῖραν·
665 2861 722 2926 ἀνά
737 2859 764 2924 θ’
781 2862 862 2924 ἱστία
877 2865 970 2924 λευκὰ
985 2859 1167 2949 πέτασσαν]

304 2964 414 3047 τεύχεα
432 2963 465 3028 δέ
478 2963 537 3045 ’σφ’
552 2966 673 3045 ἤνεικαν
687 2963 845 3045 ὑπέρθυμοι
863 2965 1051 3037 θεράποντες.

307 3069 387 3148 ὑψοῦ
406 3066 431 3131 δ’
447 3070 480 3132 ἐν
496 3071 583 3154 νοτίῳ
600 3070 653 3148 τήν
668 3067 697 3151 γ’
714 3069 858 3148 ὥρμισαν,
875 3071 907 3131 ἐκ
922 3069 947 3132 δ’
964 3069 1040 3142 ἔβαν
1055 3069 1148 3133 αὑτοί·
1207 3089 1253 3150 785

307 3170 380 3233 ἔνθα
395 3172 428 3234 δέ
444 3173 555 3251 δόρπον
573 3175 689 3247 έλοντο,
708 3171 798 3250 μένον
814 3172 839 3236 δ’
855 3174 905 3237 ἐπὶ
922 3173 1052 3254 ἕσπερον
1067 3174 1180 3240 ἐλθεῖν.

347 3271 389 3336 Ἦ
406 3272 431 3337 δ’
448 3275 584 3360 ὑπερωίῳ
601 3275 669 3338 αὑθι
684 3277 841 3358 περίφρων
856 3279 1054 3355 Πηνελόπεια

306 3377 377 3442 κεῖτ’
391 3377 436 3460 ἀρ’
453 3383 565 3456 άσιτος,
581 3378 716 3445 ἀπαστος
736 3380 857 3458 ἐδητύος
872 3380 924 3458 ἠδὲ
940 3383 1079 3460 ποτῆτος,

305 3481 477 3562 ὁρμαίνουσ’
492 3481 511 3559 ή
526 3484 555 3545 οἱ
571 3483 699 3546 θάνατον
715 3484 808 3565 φύγοι
823 3485 886 3550 νίδς
904 3485 1035 3564 ἀμύμων,

306 3585 325 3664 ῆ
340 3588 357 3648 ὅ
372 3584 400 3669 γ’
414 3586 472 3650 ὑπὸ
486 3591 674 3666 μνηστῆρσιν
688 3585 906 3669 ὑπερφιάλοισι
926 3592 1041 3668 δαμείη.
1204 3617 1253 3672 790

304 3693 387 3754 ὅσσα
402 3691 435 3753 δὲ
448 3686 609 3768 μερμήριξε
625 3691 705 3756 λέων
721 3693 837 3773 ἀνδρῶν
853 3693 886 3758 ἐν
901 3695 997 3780 ὁμίλῳ
