2758 4228
289 347 353 423 90'0
572 355 622 416 24.
653 341 888 403 οΔιΣΣαιλΣ
918 341 958 401 α.

289 512 404 576 ὁππότε
419 511 455 591 δή
473 517 548 578 Διὸς
565 514 639 594 ὧραι
654 512 848 599 ἐπιβρίσειαν
862 505 1019 590 ύπερθεν.”

287 716 397 797 σήματ’
415 720 599 802 ἀναγνόντος
614 718 651 782 τά
666 721 695 783 οἱ
711 720 826 796 ἔμπεδα
840 715 970 800 πέφραδ’
986 717 1161 784 Ὀδυσσεύς·
1185 729 1237 796 ³4⁶

287 823 364 903 ἀμφὶ
380 825 412 887 δέ
426 824 512 887 παιδὶ
527 825 610 908 φίλῳ
625 821 708 904 βάλε
722 819 829 906 πήχεε·
852 821 905 886 τὸν
920 824 953 886 δέ
968 819 1037 885 ποτὶ
1052 823 1083 886 οἶ

286 928 370 991 εἶλεν
388 929 590 1010 ἀποψύχοντα
605 928 758 993 πολύτλας
776 932 838 992 δῖος
854 924 1030 992 Ὀδυσσεύς.

286 1029 377 1112 αὐτὰρ
393 1033 460 1096 ε’πεί
473 1031 503 1114 ῥ’
519 1033 649 1111 ἔμπνυτο
666 1029 715 1094 καὶ
731 1033 761 1097 ἐς
776 1032 872 1111 φρένα
889 1030 979 1108 θυμὸς
995 1028 1116 1112 ἀγέρθη,

285 1133 402 1212 ἐξαῦτις
416 1136 556 1215 μύθοισιν
572 1136 773 1215 ἀμειβόμενος
788 1133 962 1216 προσέειπε·
1182 1161 1234 1212 350

285 1242 306 1272 “
316 1242 375 1302 Ζεῦ
390 1237 493 1320 πάτερ,
509 1239 529 1318 ἦ
542 1241 581 1323 ῥα
597 1239 638 1304 ἐτ’
654 1242 725 1304 ε’στέ
739 1238 804 1302 θεοὶ
820 1237 896 1301 κατὰ
910 1237 1024 1318 μακρὸν
1036 1237 1206 1317 Ὄλυμπον,

284 1343 310 1404 εἰ
327 1344 412 1406 ἐτεδν
425 1347 595 1424 μνηστῆρες
610 1344 785 1407 ἀτάσθαλον
799 1343 889 1424 θβριν
905 1342 1019 1405 ἔτισαν.

283 1450 336 1509 νῦν
350 1445 377 1509 δ’
391 1448 481 1513 αἰνῶς
496 1447 626 1511 δείδοικα
642 1445 717 1510 κατὰ
733 1444 828 1528 φρένα
841 1445 882 1525 μῆ
899 1443 978 1526 τάχα
992 1444 1102 1512 πάντες

282 1547 382 1612 ἐνθάδ’
399 1549 572 1614 ἐπέλθωσιν
586 1547 764 1627 Ἰθακήσιοι,
781 1551 927 1630 ἀγγελίας
944 1551 978 1612 δὲ

282 1650 379 1738 πάντῃ
396 1654 580 1736 ἐποτρύνωσι
596 1650 807 1734 Κεφαλλήνων
821 1647 999 1715 πολίεσσι.”
1180 1679 1230 1729 355

325 1757 388 1822 Τὸν
402 1757 428 1821 δ’
444 1756 689 1837 ἀπαμειβόμενος
703 1755 1025 1837 προσέφηπολύμητις
1043 1755 1222 1823 Ὀδυσσεύς·

281 1863 299 1892 “
311 1858 427 1940 θάρσει,
442 1859 482 1940 μή
497 1885 545 1923 ται
560 1864 651 1922 ταῦτα
665 1861 741 1939 μετδ
757 1860 848 1941 φρεσὶ
866 1860 940 1946 σῆσι
955 1860 1119 1938 μελόντων.

282 1963 351 2024 ἀλλ’
363 1964 447 2043 ίομεν
463 1965 550 2046 προτὶ
569 1963 660 2040 οἰκον,
678 1962 711 2030 δς
725 1964 855 2049 ὀρχάτου
871 1963 975 2043 ἐγγύθι
993 1969 1098 2028 κεῖται·

281 2065 354 2130 ἔνθα
369 2069 401 2131 δὲ
419 2066 603 2147 Τηλέμαχον
618 2068 665 2131 καὶ
679 2069 834 2148 βουκόλον
849 2067 902 2146 ἠδὲ
917 2067 1061 2148 συβότην

281 2170 462 2252 προῦπεμψ’,
478 2171 518 2237 ὡς
532 2169 570 2235 ἀν
585 2175 706 2237 δεῖπνον
723 2172 943 2252 ἐφοπλίσσωσι
958 2166 1119 2252 τάχιστα.”
1176 2182 1229 2248 360

316 2272 379 2340 Ὣς
395 2275 452 2355 ἄρα
467 2272 648 2355 φωνήσαντε
659 2274 762 2356 ’βάτην
776 2281 850 2355 πρὸς
864 2275 985 2352 δόματα
1001 2274 1087 2338 καλά.

279 2379 309 2440 οἰ
324 2377 349 2441 δ’
365 2379 416 2442 ὅτε
429 2377 466 2457 δή
481 2379 512 2462 ῥ’
527 2380 627 2444 ἵκοντο
643 2379 750 2457 δόμους
766 2378 798 2442 εἰ
813 2375 1015 2453 ναιετάοντας,

278 2481 365 2562 εὖρον
378 2482 560 2566 Τηλέμαχον
577 2484 625 2546 καὶ
641 2482 793 2558 βουκόλον
808 2480 861 2560 ήδέ
876 2482 1021 2562 συβότην

278 2585 478 2664 ταμνομένους
495 2587 565 2668 κρέα
580 2587 682 2651 παλλά
697 2583 845 2665 κερῶντάς
860 2585 886 2647 τ’
901 2588 1011 2654 αἴθοπα
1027 2585 1117 2650 οἶνον.

319 2690 428 2772 Τόφρα
443 2693 475 2755 δὲ
491 2690 626 2771 Λαέρτην
640 2687 832 2770 μεγαλήτορα
847 2685 870 2774 ᾦ
887 2691 931 2753 ἐνὶ
948 2689 1019 2773 οίκῳ
1173 2702 1224 2767 3⁶5

278 2793 451 2875 ἀμφίπολος
466 2793 577 2870 Σικελή
592 2795 705 2855 λοΰσεν
722 2794 770 2856 καὶ
788 2799 896 2875 χρῖσεν
912 2794 1014 2877 ἐλαίῳ,

276 2896 355 2979 ἀμφὶ
370 2898 395 2962 δ’
415 2898 472 2977 ἄρα
486 2903 617 2978 χλαῖναν
632 2894 728 2974 καλὴν
742 2895 851 2976 βάλεν·
874 2894 965 2976 αὐτὰρ
980 2893 1092 2974 Ἀθήνη

275 3000 349 3084 άγχι
365 2997 568 3081 παρισταμένη
583 2998 667 3091 μέλε’
682 2997 793 3078 ἤλδανε
809 3000 928 3078 ποιμένι
943 3004 1035 3075 λαῶν,

274 3105 396 3183 μείζονα
410 3101 437 3165 δ’
454 3102 490 3182 ἠέ
504 3101 597 3185 πόρος
614 3098 662 3165 καί
677 3101 820 3168 πάσσονα
835 3103 925 3182 θῆκεν
940 3101 1067 3167 ἰδέσθαι.

274 3210 308 3272 ἐκ
324 3207 349 3272 δ’
364 3208 531 3287 ἀσαμίνθου
545 3211 599 3287 βῆ·
622 3206 751 3288 θαύμαζε
765 3208 800 3272 δέ
812 3233 865 3286 μιν
879 3210 972 3289 φίλος
987 3208 1061 3285 υἱός,
1171 3235 1224 3287 370

274 3311 313 3377 ἀς
327 3313 391 3375 ίδεν
406 3309 581 3376 ἀθανάτοισι
597 3315 677 3376 θεοῖς
693 3311 865 3394 ἐναλίγκιον
879 3312 981 3389 ἄντην·

275 3415 325 3476 καί
336 3439 389 3491 μιν
403 3415 550 3496 φωνήσας
564 3415 640 3480 ἐπεα
654 3417 818 3498 πτερόεντα
832 3414 995 3497 προσηύδα·

273 3521 294 3551 “
303 3514 326 3581 ὦ
342 3517 445 3600 πάτερ,
460 3518 479 3599 ή
493 3519 577 3599 μάλα
592 3519 638 3587 τίς
654 3546 691 3586 σε
707 3524 784 3585 θεῶν
798 3517 1008 3600 αἰειγενετάων

272 3621 352 3688 εἶδός
366 3647 399 3686 τε
413 3620 539 3704 μέγεθός
553 3650 586 3688 τε
602 3625 745 3704 ἀμείνονα
761 3625 852 3702 θῆκεν
868 3618 1016 3686 ἰδέσθαι.”

313 3725 376 3790 Τδν
392 3724 416 3789 δ’
432 3724 470 3788 αὖ
484 3725 620 3808 Λαέρτης
634 3725 824 3809 πεπνυμένος
839 3726 941 3789 ἀντίαν
956 3725 1039 3808 ηύδα·
1169 3750 1229 3806 375
