2792 4232
255 347 318 412 310
576 335 624 404 15.
649 327 819 386 ῐΛΙΑΔΟΣ
842 326 880 387 Ο.

253 494 363 576 μορίαι,
380 496 413 558 ἐν
428 494 461 558 δέ
476 520 508 559 τε
523 497 593 578 τῆσι
609 494 713 575 νομεὺς
726 495 760 558 οὑ
775 503 820 558 πω
837 494 923 577 σάφα
938 495 1022 560 εἰδὼς

255 596 321 678 θηρὶ
335 598 552 680 μαχέσσασθαι
568 599 669 664 ἕλικος
684 603 760 677 βοδς
775 598 854 679 ἀμφὶ
870 597 1012 683 φονῇσιν·

252 699 271 779 ή
287 725 333 763 τοι
349 701 435 779 όμέν
450 700 585 785 πρότῃσι
601 700 650 763 καὶ
664 699 825 784 ὑστατίῃσι
839 699 972 778 βόεσσιν

252 804 317 867 αίὲν
333 801 519 885 ὁμοστιχάει,
536 804 552 866 ὑ
567 800 601 866 δέ
615 801 640 864 τ’
657 804 690 867 ἐν
704 801 859 888 μέσσῃσιν
874 802 1001 882 ὀρούσας
1142 816 1190 879 635

251 912 329 987 βοῦν
344 907 415 978 ἔδει,
431 909 462 970 αἱ
477 905 510 970 δέ
525 931 558 969 τε
573 909 670 968 πᾶσοι
683 903 860 986 ὑπέτρεσαν·
884 906 923 972 ὣς
938 906 998 970 τότ’
1015 904 1135 989 Ἀχαιοὶ

253 1011 422 1076 θεσπεσίως
437 1010 593 1090 ἐφόβηθεν
607 1008 659 1089 ὑφ’
670 1006 794 1090 Ἕκτορι
811 1009 859 1074 καὶ
876 1011 928 1073 Διὶ
943 1012 1032 1093 πατρὶ

252 1112 371 1186 πάντες,
388 1115 405 1176 ό
419 1111 444 1176 δ’
462 1112 527 1175 οῖον
542 1111 657 1192 ἔπεφνε
672 1115 848 1190 Μυκηναῖον
864 1110 1049 1193 Περιφήτην,

253 1215 392 1297 Κοπρῆος
406 1216 501 1295 φίλον
515 1215 590 1288 υῖόν,
607 1213 639 1280 ὑς
656 1215 829 1296 Εὐρυσθῆος
844 1214 970 1282 ἄνακτος

253 1321 397 1402 ἀγγελίης
412 1321 552 1401 οἴχνεσκε
566 1318 623 1405 βίῃ
637 1316 832 1406 Ἡρακληείῃ.
1144 1332 1193 1396 640

252 1429 305 1487 τοὺ
319 1419 416 1504 γένετ’
432 1423 465 1484 ἐκ
480 1421 590 1502 πατρὸς
606 1421 685 1485 πολὺ
699 1423 835 1503 χείρονος
849 1421 912 1488 υῖὺς
927 1423 1055 1501 ἀμείνων

252 1527 396 1591 παντοίας
410 1524 525 1607 ἀρετάς,
541 1525 616 1605 ἠμὲν
631 1525 725 1591 πόδας
739 1526 792 1604 ήδέ
806 1525 968 1608 μάχεσθαι,

254 1632 302 1693 καὶ
318 1630 388 1694 νόον
403 1631 436 1694 ἐν
450 1629 596 1709 πρώτοισι
612 1629 795 1707 Μυκηναίων
810 1628 956 1693 ἐτέτυκτο·

253 1736 286 1798 ὅς
299 1735 338 1815 ῥα
352 1730 415 1796 τόθ’
425 1729 550 1813 Ἕκτορι
566 1737 651 1796 κῦδος
666 1729 828 1812 ὑπέρτερον
842 1729 990 1813 ἐγγυάλιξ
1005 1777 1014 1792 .

253 1837 414 1917 στρεφθεὶς
429 1837 486 1916 γάρ
501 1835 685 1912 μετόπισθεν
699 1835 733 1896 ἐν
748 1834 877 1899 ἀσπίδος
892 1834 996 1915 ἄντυγι
1011 1831 1118 1909 πάλτο,
1145 1849 1194 1910 ⁶45

252 1944 307 2020 τὴν
323 1940 410 2007 αὑτὸς
424 1939 574 2022 φορέεσκε
589 1935 755 2017 ποδηνεκέ’,
771 1938 856 2019 ἐρκος
871 1939 1013 2002 ἀκόντων·

253 2048 288 2131 τῆ
305 2046 323 2108 ό
336 2043 367 2126 γ’
383 2044 429 2108 ἐνὶ
442 2043 598 2124 βλαφθεὶς
613 2040 708 2106 πέσεν
722 2043 835 2117 ὑπτιος,
853 2042 930 2122 ἀμφὶ
945 2043 979 2105 δὲ
993 2039 1098 2119 πήληξ

254 2146 440 2229 σμερδαλέον
456 2146 612 2226 κονάβησε
627 2145 695 2226 περὶ
711 2143 891 2226 κροτάφοισι
906 2145 1063 2210 πεσόντος.

250 2251 366 2332 Ἕκτωρ
382 2248 408 2314 δ’
424 2249 478 2328 ὀξὺ
493 2251 594 2330 νόησε,
611 2247 688 2312 θέων
702 2246 736 2311 δέ
751 2249 780 2310 οῖ
796 2248 869 2330 ἄγχι
884 2245 1028 2328 παρέστη,

253 2353 359 2434 στήθεϊ
374 2351 400 2418 δ’
417 2355 450 2417 ἐν
464 2353 534 2433 δόρυ
550 2349 637 2429 πῆξε,
652 2351 754 2431 φίλων
769 2347 802 2413 δέ
816 2374 868 2429 μιν
883 2350 971 2432 ἐγγὺς
986 2353 1111 2433 ἑταίρων
1144 2367 1197 2429 ⁶50

254 2455 354 2522 κτεῖν’·
377 2458 405 2519 οἱ
421 2453 447 2518 δ’
463 2456 515 2518 οὑκ
530 2454 671 2517 ἐδύναντο
688 2452 736 2516 καὶ
751 2452 915 2534 ἀχνύμενοί
930 2478 985 2533 περ
1002 2458 1119 2534 ἑταίρου

252 2564 422 2644 χραισμεῖν·
445 2557 529 2621 αὑτοὶ
543 2555 601 2638 γὰρ
615 2554 699 2634 μάλα
714 2556 849 2620 δείδισαν
859 2553 992 2636 Ἕκτορα
1007 2562 1080 2620 δῖον.

295 2662 433 2727 Είσωποὶ
448 2658 475 2724 δ’
491 2657 629 2737 ἐγένοντο
646 2664 731 2731 νεῶν,
748 2659 815 2739 περὶ
830 2656 856 2722 δ’
873 2659 1002 2742 ἔσχεθον
1016 2661 1103 2741 ἄκραι

252 2770 330 2845 νῆες,
347 2767 418 2830 ὅσαι
433 2769 547 2845 πρῶται
562 2762 688 2844 εἰρύατο·
712 2763 758 2825 τοὶ
775 2759 801 2825 δ’
817 2760 972 2844 ἐπέχυντο.

254 2866 385 2950 Ἀργεῖοι
401 2868 434 2930 δέ
449 2872 525 2931 νεῶν
539 2866 595 2944 μέν
610 2865 769 2948 ἐχάρησαν
785 2863 834 2927 καὶ
849 2862 963 2951 ἀνάγκῃ
1146 2881 1195 2942 655

252 2977 312 3034 τῶν
327 2969 476 3050 πρωτέων,
492 2968 582 3030 αὑτοῖν
596 2969 630 3032 δέ
645 2970 726 3048 πορά
742 2967 898 3053 κλισίῃσιν
913 2967 1034 3048 έμειναν

253 3076 365 3155 ἀθρόοι,
382 3069 443 3136 οὐδ’
459 3071 621 3136 ἐκέδασθεν
636 3072 693 3135 ἀνδ
708 3072 847 3151 στρατόν·
871 3073 943 3153 ίσχε
957 3073 1015 3152 γάρ
1031 3072 1119 3137 οῖδάς

253 3177 302 3238 καὶ
319 3173 395 3239 δέος·
417 3175 525 3257 ἀζηχὲς
542 3177 598 3256 γάρ
614 3174 760 3251 ὁμόκλεον
776 3172 952 3251 ἀλλήλοισι.

253 3276 379 3358 Νέστωρ
395 3277 464 3341 αὑτε
478 3275 613 3355 μάλιστα
627 3274 776 3355 Γερήνιος,
794 3275 880 3357 οὑρος
896 3272 1037 3357 Ἀχαιῶν,

252 3377 374 3443 λίσσεθ’
389 3381 463 3461 ὑπέρ
477 3377 588 3442 τοκέων
602 3378 801 3460 γουνούμενος
815 3379 909 3458 ἄνδρα
925 3377 1063 3442 ἕκαστον·
1146 3393 1196 3442 66ο

253 3481 305 3546 “ἀ
322 3487 418 3563 φίλοι,
435 3481 537 3564 ἀνέρες
553 3482 632 3555 έστε,
650 3483 698 3545 καὶ
714 3484 786 3545 αίδῶ
803 3478 889 3542 θέσθ’
907 3481 951 3543 ἐνὶ
969 3484 1049 3566 θυμῷ

253 3589 357 3652 ἄλλων
372 3588 545 3669 ἀνθρώπων,
562 3587 611 3649 ἐπὶ
626 3588 659 3650 δέ
673 3585 832 3666 μνήσασθε
848 3584 975 3653 ἕκαστος’

254 3695 367 3756 παίδων
381 3689 427 3770 ἠδ’
443 3691 566 3774 ἀλόχων
581 3690 630 3752 καὶ
645 3687 767 3766 κτήσιος
782 3685 834 3764 ήδέ
849 3686 974 3767 τοκήων,
1085 3699 1088 3711 '
