2908 4232
259 349 323 429 49⁶
544 367 594 428 24.
619 353 791 413 1A1AA02
813 355 853 414 ω.

298 518 353 591 Ἦ,
371 519 421 582 καὶ
437 517 562 598 ἀναΐξας
578 519 723 602 ἐριούνιος
739 520 818 602 άρμα
834 522 883 586 καὶ
898 523 1008 590 ἵππους
1161 549 1208 596 ⁴40

260 622 454 704 καρπαλίμως
468 622 602 705 μάστιγα
618 625 667 688 καὶ
681 623 752 702 ἡνία
766 624 875 703 λάζετο
890 625 1008 710 χερσίν,

259 730 292 791 ἐν
307 726 331 790 δ’
349 724 471 791 ἐπνευσ’
488 728 610 791 ίπποισι
626 726 679 792 καί·
689 727 825 808 ἡμιόνοις
839 729 930 809 μένος
944 727 990 809 ἠύ.

260 829 329 893 ἀλλ’
346 831 396 893 ότε
411 829 447 909 δή
463 828 593 912 πύργους
608 856 641 894 τε
656 837 732 896 νεῶν
747 833 797 895 καὶ
815 831 933 914 τάφρον
947 835 1058 905 ἵκοντο,

260 935 288 996 οἱ
306 935 338 996 δέ
355 931 424 996 νέον
439 933 507 1014 περὶ
517 933 619 1014 Ιδόρπα
634 937 823 1015 φυλακτῆρες
839 935 994 1012 πονέοντο,

258 1041 340 1099 τοῖσι
355 1035 380 1099 δ’
397 1036 445 1116 ἐφ’
462 1037 556 1100 ύπνον
575 1037 662 1119 ἐχευε
680 1034 836 1119 διάκτορος
851 1037 1071 1120 Ἀργειφόντης
1159 1065 1206 1115 445

259 1144 363 1211 πᾶσιν,
379 1138 462 1219 άφαρ
477 1137 501 1202 δ’
518 1136 589 1216 ὤϊξε
604 1138 701 1205 πύλας
716 1137 765 1203 καὶ
780 1141 905 1206 ἀπῶσεν
920 1142 1025 1224 ὀχῆας,

259 1244 290 1308 ἐς
305 1241 329 1306 δ’
346 1242 442 1324 άγαγε
457 1241 596 1323 Πρίαμόν
610 1266 644 1306 τε
659 1243 709 1306 καὶ
728 1243 828 1325 ἀγλαὰ
844 1242 914 1325 δῶρ’
929 1241 978 1308 ἐπ’
994 1241 1120 1324 ἀπήνης.

259 1342 330 1408 ἀλλ’
346 1346 396 1409 ότε
412 1345 447 1424 δή
465 1345 586 1423 κλισίην
602 1345 785 1425 Πηληϊάδεω
801 1348 949 1429 ἀφίκοντο

258 1447 392 1531 ὑψηλήν,
408 1448 464 1528 τήν
480 1448 670 1530 Μυρμιδόνες
685 1450 818 1528 ποίησαν
834 1448 939 1515 ἄνακτι

259 1552 336 1632 δοῦρ’
353 1550 463 1631 ἐλάτης
478 1551 647 1633 κέρσαντες·
670 1553 745 1634 ἀτὰρ
762 1554 946 1634 καθύπερθεν
963 1553 1079 1636 ἔρεψαν
1158 1580 1207 1630 ⁴50

258 1652 419 1738 λαχνήεντ’
436 1656 550 1736 ὄροφον
564 1657 751 1735 λειμωνόθεν
768 1654 947 1735 ἀμήσαντες·

260 1760 338 1839 ἀμφὶ
353 1759 386 1822 δέ
403 1761 431 1822 οῖ
445 1755 583 1840 μεγάλην
599 1758 696 1837 αὐλήν
715 1759 848 1839 ποίησαν
863 1759 969 1824 ἄνακτι

260 1867 435 1944 σταυροῖσιν
450 1867 612 1927 πυκινοῖσι·
638 1863 729 1945 θύρην
744 1863 769 1928 δ’
787 1864 841 1948 ἐχε
856 1869 965 1944 μοῦνος
979 1865 1113 1944 ἐπιβλὴς

218 1979 223 1990 “
261 1965 418 2044 εἰλάτινος,
434 1972 486 2031 τὸν
501 1971 579 2046 τρεῖς
593 1958 649 2045 μὲν
665 1965 908 2048 ἐπιρρήσσεσκον
921 1966 1055 2050 Ἀχαιοί,

259 2076 338 2152 τρεῖς
353 2070 378 2134 δ’
395 2071 594 2150 ἀναοίγεσκον
608 2069 745 2152 μεγάλην
761 2065 870 2150 κληῖδα
885 2069 1012 2152 θυράων,
1156 2097 1206 2146 ⁴⁵⁵

259 2177 318 2236 τῶν
327 2172 446 2235 ἀλλων·
470 2170 611 2255 Ἀχιλεὺς
626 2171 650 2236 δ’
667 2170 715 2253 ἄρ’
732 2171 955 2254 ἐπιρρήσσεσκε
971 2172 1020 2236 καῖ
1036 2170 1108 2237 οῖος·

259 2274 295 2354 δή
309 2277 348 2358 ῥα
363 2273 427 2339 τόθ’
442 2275 582 2356 Ἑρμείας
598 2275 743 2355 ἐριούνιος
759 2273 817 2358 ᾦξε
833 2274 962 2358 γέροντι,

259 2381 290 2445 ἐς
306 2380 331 2443 δ’
347 2379 442 2462 ἀγαγε
457 2379 551 2443 κλυτὰ
567 2384 646 2460 δῶρα
661 2379 791 2442 ποδώκεϊ
810 2377 974 2456 Πηλείωνι,

259 2480 296 2561 ἐξ
307 2484 408 2547 ἵππων
426 2481 452 2546 δ’
470 2480 637 2562 ἀπέβαινεν
653 2482 703 2546 ἐπὶ
720 2483 818 2564 χθόνα
834 2480 977 2564 φώνησέν
990 2502 1033 2546 τε·

261 2583 309 2650 “ὧ
324 2584 422 2669 γέρον,
439 2584 459 2665 ή
472 2610 519 2648 τοι
535 2585 595 2666 ἐγὼ
612 2584 680 2665 θεὸς
695 2583 848 2666 ἄμβροτος
864 2583 1036 2663 είλήλουθα,
1155 2598 1206 2656 ιόο

257 2688 407 2772 Ἑρμείας·
432 2689 482 2752 σοὶ
497 2687 554 2770 γάρ
569 2714 606 2767 με
622 2687 719 2768 πατὴρ
735 2687 796 2768 ἀμα
812 2687 933 2768 πομπὸν
948 2689 1096 2753 ὄπασσεν.

259 2793 328 2858 ἀλλ’
345 2792 365 2873 ή
380 2817 426 2856 τοι
440 2793 496 2872 μὲν
512 2793 571 2874 ἐγὼ
588 2790 682 2856 πάλιν
697 2793 827 2870 εἵσομαι,
844 2790 905 2854 οὐδ’
921 2788 1064 2874 Ἀχιλῆος

258 2895 434 2978 ὀφθαλμοὺς
450 2898 569 2974 εἴσειμι·
594 2892 783 2974 νεμεσσητὸν
798 2892 832 2958 δέ
847 2919 899 2958 κεν
910 2893 954 2969 εἴη

259 2999 408 3066 ἀθάνατον
424 2999 494 3064 θεὸν
509 3001 566 3064 ὦδε
581 2995 710 3079 βροτοὺς
726 2995 918 3078 ἀγαπαζέμεν
934 2997 1035 3074 άντην·

257 3103 329 3183 τύνη
345 3101 371 3167 δ’
387 3103 535 3168 εἰσελθὼν
552 3104 634 3180 λαβὲ
649 3100 782 3183 γούνατα
796 3098 982 3179 Πηλεΐωνος,
1156 3115 1204 3178 465

258 3209 309 3272 καί
322 3232 374 3287 μιν
388 3207 462 3288 ύπέρ
477 3204 589 3287 πατρὸς
604 3204 654 3268 καὶ
668 3202 796 3285 μητέρος
811 3204 955 3283 ἠϋκόμοιο

257 3314 369 3377 λίσσεο
385 3312 434 3376 καὶ
450 3310 559 3386 τέκεος,
577 3311 627 3374 ϊνα
642 3311 671 3372 οἱ
688 3308 744 3374 σὺν
760 3308 853 3388 θυμόν
868 3304 1000 3395 ἀρίνης.”

295 3413 358 3480 Ὣς
374 3414 431 3496 ἀρα
447 3411 591 3495 φωνήσας
607 3410 709 3492 ἀπέβη
728 3411 803 3493 πρὸς
816 3411 931 3493 μακρὸν
943 3410 1105 3490 Ὄλυμπον

257 3519 406 3600 Ἑρμείας·
432 3518 566 3598 Πρίαμος
581 3515 606 3580 δ’
623 3514 659 3595 ἐξ
672 3517 773 3582 ϊππων
791 3516 867 3580 ἆλτο
882 3516 1008 3599 χαμᾶζε,

257 3620 369 3683 Ἰδαῖον
384 3620 416 3682 δὲ
433 3617 495 3682 κατ’
512 3619 579 3682 αὖθι
594 3619 694 3684 λίπεν·
718 3620 734 3682 ό
750 3620 783 3683 δέ
797 3618 906 3697 μίμνεν
921 3617 1033 3699 ἐρύκων
1154 3643 1205 3695 470

258 3726 368 3791 ἵππους
382 3721 524 3804 ἡμιόνους
538 3741 580 3786 τε·
603 3720 700 3804 γέρων
713 3722 744 3785 δ’
761 3720 825 3788 lobs
841 3722 905 3788 κίεν
923 3723 1016 3794 οϊκου,
