2908 4232
279 316 343 388 532
576 318 604 364 2.
628 305 864 366 ΟΔὙΣΣΕΙΑΣ
887 304 921 364 Β.

159 549 161 556 ¹
277 474 410 555 ὤφελες.
451 471 504 536 ούκ
519 470 558 535 δν
573 472 673 535 τόσσα
691 469 885 552 θεοπροπέων
901 471 1051 554 ἀγόρευες,

276 576 346 641 οὐδέ
362 603 395 640 κε
410 574 593 659 Τηλέμαχον
608 574 819 658 κεχολωμένον
834 573 885 638 ὧδ’
900 575 1022 654 ἀνιείης,
1179 587 1223 652 185

276 681 322 763 σηῖ
335 680 406 764 οἴκῳ
422 686 518 759 δῶρον
533 679 755 760 ποτιδέγμενος,
770 680 804 743 αῐ
817 704 850 742 κε
867 678 1007 764 πόρῃσιν.

276 781 347 846 ἀλλ’
362 783 395 847 έκ
410 809 457 847 τοι
472 784 553 863 ἐρέω,
568 788 604 846 τὸ
618 786 652 846 δδ
669 781 717 846 καὶ
732 780 948 858 τετελεσμένον
964 782 1063 846 ἔσται·

275 889 309 949 αἵ
323 911 356 950 κε
371 887 517 967 νεώτερον
530 885 622 964 ἀνδρα
637 885 753 950 παλαιά
768 911 801 951 τε
816 884 919 950 πολλά
933 911 966 950 τε
982 886 1068 952 είδάις

274 988 470 1071 παρφάμενος
485 989 630 1054 ἐπέεσσιν
643 989 807 1075 ἐποτρύνῃς
822 991 1027 1073 χαλεπαίνειν,

275 1093 354 1179 αὐτῷ
369 1093 426 1173 μέν
441 1095 470 1157 ol
485 1099 602 1175 πρῶτον
618 1093 830 1174 ἀνιηρέστερον
844 1094 942 1172 ἔσται,
1173 1119 1222 1170 ¹90

275 1197 400 1279 [πρῆξαι
416 1195 441 1261 δ’
457 1197 553 1276 έμπης
570 1197 606 1260 ού
620 1223 649 1261 τι
664 1195 826 1276 δυνήσεται
842 1198 940 1261 εἵνεκα
957 1192 1075 1285 τῶνδε]

276 1298 325 1364 σοὶ
341 1300 381 1379 δέ,
397 1302 494 1381 γέρον,
509 1301 591 1379 θωὴν
604 1299 789 1382 ἐπιθήσομεν
804 1301 841 1380 ἥν
857 1298 882 1364 κ’
894 1303 938 1364 ἐνὶ
957 1298 1039 1384 θυμηῖ

274 1403 363 1466 τίνων
378 1402 545 1488 ἀσχάλλῃς·
568 1403 706 1485 χαλεπὸν
721 1403 755 1467 δέ
769 1428 814 1466 τοι
830 1404 955 1468 ἔσσεται
970 1401 1073 1485 ἄλγος.

274 1505 447 1590 Τηλεμάχῳ
463 1505 488 1570 δ’
503 1509 536 1572 έν
553 1511 648 1572 πᾶσιν
665 1507 742 1588 ἐγδν
755 1505 948 1587 ὑποθήσομαι
962 1506 1061 1572 αὐτός·

273 1607 372 1690 μητέρ’
389 1612 441 1689 ἔδυ
456 1611 486 1674 ἐς
501 1615 612 1690 πατρὸς
628 1609 767 1692 ἀναγέτω
783 1609 974 1674 ἀπονέεσθαι·
1174 1636 1220 1688 ¹95

274 1715 302 1776 οἶ
318 1716 351 1776 δὲ
367 1712 464 1795 γάμον
477 1713 615 1792 τεύξουσι
631 1714 680 1777 καὶ
695 1711 888 1794 ἀρτυνέουσιν
904 1712 990 1777 ἔεδνα

274 1820 376 1880 πολλὰ
390 1815 471 1897 μάλ’,
486 1817 569 1882 ὅσσα
583 1818 663 1881 ἔοικε
678 1819 772 1896 φίλης
786 1817 838 1880 ἐπὶ
857 1815 963 1882 παιδὸς
977 1816 1115 1882 ἕπεσθαι.

275 1920 309 1984 ού
324 1923 381 2002 γὰρ
396 1921 467 2002 πρὶν
481 1921 653 1986 παύσεσθαι
667 1919 768 1998 όίομαι
784 1921 850 1986 υἶας
865 1917 999 2004 Ἀχαιῶν

193 2013 195 2022 ¹
272 2024 422 2104 μνηστύος
438 2024 597 2106 ἀργαλέης,
612 2021 679 2088 ἐπεὶ
695 2023 811 2088 οὔτινα
828 2026 961 2106 δείδιμεν
977 2025 1082 2105 ἔμπης,

273 2125 335 2190 οὔτ’
351 2128 403 2192 οὖν
417 2127 608 2210 Τηλέμαχον,
624 2125 706 2205 μάλα
720 2153 777 2209 περ
793 2127 964 2208 πολύμυθον
979 2130 1076 2192 ἐόντα·
1169 2154 1218 2190 τοο

275 2231 343 2295 οὔτε
358 2232 539 2312 θεοπροπίης
554 2229 748 2311 ἐμπαζόμεθ’,
763 2229 801 2310 ἣν
818 2231 866 2306 σύ,
880 2231 993 2314 γεραιέ,

273 2333 377 2415 μυθέαι
394 2334 568 2416 ἀκράαντον,
585 2335 770 2418 ἀπεχθάνεαι
786 2333 811 2399 δ’
826 2336 871 2400 ἔτι
885 2340 1014 2416 μᾶλλον.

273 2438 411 2522 χρήματα
430 2436 454 2502 δ’
470 2438 540 2502 αὖτε
554 2445 648 2504 κακῶς
663 2440 867 2520 βεβρώσεται,
884 2439 1029 2505 οὐδέποτ’
1045 2440 1101 2505 ἶσα

275 2543 408 2616 ἔσσεται,
426 2544 506 2622 ὄφρα
522 2568 573 2607 κεν
587 2541 608 2621 ἥ
621 2568 657 2623 γε
671 2545 866 2629 διατρίβῃσιν
879 2543 1023 2626 Ἀχαιοὺς

275 2646 309 2710 δν
324 2645 429 2728 γάμον·
458 2645 544 2725 ἡμεῖς
560 2646 584 2710 δ’
602 2647 641 2710 οδ
656 2646 863 2730 ποτιδέγμενοι
877 2646 977 2726 ἤματα
998 2647 1096 2714 πάντα
1174 2675 1221 2724 205

275 2754 374 2816 εἵνεκα
393 2753 445 2830 τῆς
460 2752 566 2830 ἀρετῆς
582 2752 776 2832 ἐριδαίνομεν,
791 2753 859 2816 οὐδὲ
874 2752 937 2832 μετ’
952 2751 1051 2819 ἀλλας

274 2854 426 2936 ἐρχόμεθ’,
441 2854 477 2921 δς
493 2856 621 2920 ἐπιεικὲς
636 2853 779 2933 ὀπυιέμεν
794 2857 880 2920 ἐστὶν
896 2854 1041 2941 ἑκάστην.”

318 2958 381 3021 Τὸν
395 2955 422 3021 δ’
437 2958 473 3021 αδ
488 2957 666 3040 Τηλέμαχος
680 2958 868 3039 πεπνυμένος
884 2961 987 3025 ἀντίον
1000 2960 1084 3038 ηὔδα·

275 3067 290 3094 “
304 3059 455 3144 Εὐρύμαχ’
470 3062 522 3140 ἠδὲ
538 3059 587 3125 καὶ
602 3063 701 3138 ἄλλοι,
717 3063 785 3125 ὅσοι
804 3067 972 3144 μνηστῆρες
987 3064 1105 3144 ἀγαυοί,

275 3168 367 3227 ταῦτα
381 3165 436 3242 μὲν
451 3165 506 3247 ούχ
521 3165 613 3248 ὑμέας
628 3165 672 3229 έτι
687 3168 836 3244 λίσσομαι
851 3165 913 3231 οὐδ’
929 3166 1070 3249 ἀγορεύω·
1177 3194 1224 3230 ιτα

275 3267 331 3347 ἤδη
347 3270 404 3350 γδρ
419 3266 456 3331 τὰ
471 3269 558 3332 ἴσασι
573 3265 637 3332 θεοὶ
654 3269 702 3332 καὶ
718 3268 828 3337 πάντες
844 3269 973 3352 Ἀχαιοί.

276 3373 348 3436 ἀλλ’
363 3371 418 3454 ἀγε
432 3399 482 3455 μοι
499 3375 567 3438 δότε
584 3377 641 3452 veja
657 3374 732 3454 θυθηυ
747 3371 796 3438 καὶ
812 3373 905 3439 εἴπατ’
919 3375 1062 3453 ἑταίρους,

277 3479 309 3540 οἵ
323 3477 356 3541 κέ
370 3503 421 3556 μοι
438 3479 511 3543 ἔνθα
527 3479 575 3542 καὶ
592 3479 665 3542 ἔνθα
679 3477 891 3559 διαπρήσσωσι
908 3477 1058 3544 κέλευθον.

276 3581 335 3660 εἶμι
351 3581 408 3663 γὰρ
423 3583 454 3647 ἐς
469 3581 611 3663 Σπάρτην
624 3608 657 3646 τε
673 3583 721 3646 καὶ
738 3585 769 3648 ἐς
784 3582 890 3646 Πύλον
903 3581 1081 3661 ἠμαθόεντα,

276 3687 386 3749 νόστον
401 3685 586 3765 πευσόμενος
602 3685 713 3766 πατρὸς
729 3686 784 3765 δην
798 3687 980 3768 οίχομέναιυ,
1179 3713 1225 3764 ²¹⁵
