2758 4228
264 346 326 410 σοι
549 346 600 407 24.
631 332 867 392 οαςναοιλς
894 333 934 393 ο.

240 502 244 510 ’
302 499 365 566 Ὠς
380 498 462 580 φάθ’,
479 500 495 563 ὁ
510 499 539 563 δ’
552 499 634 567 αὖτις
650 497 695 578 ἄρ’
712 497 786 577 ἕζετ’
802 498 944 578 ἐϋξέστου
962 500 1013 564 ἐπὶ
1028 500 1145 581 δίφρου.
1187 557 1190 562 .

265 606 304 671 ὣς
320 604 345 668 δ’
361 602 456 668 οὕτως
471 607 576 670 παῖδες
592 604 709 667 Δολίου
724 609 833 668 κλυτδν
849 603 924 684 ἀμφ’
938 603 1075 681 Ὀδυσῆα

265 706 453 772 δεικανόωντ’
471 705 599 770 ἐπέεσσι
618 703 666 770 καί
683 709 716 772 ἐν
733 707 874 789 χείρεσσι
888 706 1012 790 φόοντο,
1161 734 1216 784 410

265 809 363 890 ἑξείης
376 807 402 875 δ’
417 809 521 888 ἐζοντο
537 811 629 892 παραὶ
646 811 774 888 Δολίον,
788 809 903 892 πατέρα
918 811 1009 892 σφόν.

302 913 365 981 *Ως
381 916 410 978 αί
426 917 483 993 μὲν
499 911 566 995 περὶ
585 919 707 978 δεῖπνον
722 915 767 978 ἐνὶ
782 915 944 995 μεγάροισι
960 913 1096 978 πένοντο·

263 1016 368 1082 Ὄσσα
382 1015 408 1082 δ’
424 1014 470 1099 ἄρ’
484 1017 615 1099 ἄγγελος
633 1015 696 1081 ὦκα
711 1018 787 1081 κατὰ
802 1019 910 1082 πτόλιν
926 1016 1025 1102 φ’χετο
1039 1017 1148 1105 πάντῃ,

265 1119 445 1202 μνηστήρων
461 1119 608 1202 στυγερὸν
624 1119 752 1184 θάνατον
769 1122 817 1185 καὶ
833 1117 897 1201 κῆρ’
912 1120 1072 1185 ἐνέπουσα

267 1227 294 1288 οἱ
310 1222 336 1288 δ’
350 1222 397 1306 ἄρ’
413 1225 492 1303 ὁμῶς
508 1221 625 1290 δέοντες
641 1225 772 1303 ἐφοίτων
787 1223 922 1289 ἄλλοθεν
937 1224 1032 1290 άλλος
1162 1253 1195 1304 4¹
1200 1254 1215 1302 5

265 1328 372 1412 μυχμῷ
383 1353 416 1393 τε
433 1325 569 1413 στοναχῇ
584 1353 617 1392 τε
632 1328 731 1407 δόμων
745 1327 923 1409 προπάροιθ’
937 1327 1094 1404 Ὀδυσῆος,

267 1435 300 1496 ἐκ
315 1419 347 1495 δὲ
364 1433 450 1497 νέκυς
465 1431 555 1495 οίκων
571 1431 682 1512 φόρεον
698 1433 747 1495 καὶ
765 1431 880 1496 θάπτον
894 1431 1026 1507 ἔκαστοι,

267 1534 335 1600 τοὺς
352 1534 376 1598 δ’
393 1533 429 1612 ἐξ
443 1533 567 1597 άλλόων
582 1537 699 1599 πολίων
716 1535 834 1599 οἶκόνδε
849 1535 977 1600 ἕκαστον

266 1638 386 1716 πέμπον
401 1638 488 1719 ἄγειν
503 1639 625 1700 άλιεῦσι
641 1638 711 1724 θοῇς
728 1639 778 1702 ἐπὶ
794 1640 883 1716 νηυσὶ
898 1637 1040 1704 τιθέντες·
1157 1645 1164 1660 “’

268 1741 352 1805 αὐτοὶ
367 1737 393 1804 δ’
408 1743 452 1806 είς
469 1740 581 1823 ἀγορήν
598 1740 663 1804 κίον
678 1743 791 1823 ἀθρόοι,
807 1741 969 1824 ἀχνύμενοι
985 1746 1049 1822 κῆρ.
1164 1773 1218 1820 420

268 1846 358 1925 αιἰτδρ
374 1844 442 1909 ε’πεί
455 1844 488 1927 ῥ’
503 1842 630 1926 ἤγερθεν
646 1844 806 1927 ὁμηγερέες
820 1844 845 1908 τ’
862 1845 1012 1928 ἐγένοντο,

267 1954 367 2013 τοῖσιν
384 1948 410 2013 δ’
427 1949 577 2026 Εὐπείθης
593 1948 650 2012 ἆνά
666 1949 692 2012 θ’
708 1951 815 2013 ἵστατο
831 1946 880 2014 καὶ
895 1949 1043 2025 μετέειπε·

269 2052 375 2118 παιδδς
391 2050 448 2134 γάρ
464 2054 495 2116 οἱ
511 2052 648 2118 άλαστον
663 2055 709 2117 ἐνὶ
725 2053 817 2135 φρεσὶ
832 2051 942 2120 πένθος
957 2054 1065 2131 έκειτα,
1127 2064 1130 2072 ’

267 2155 433 2235 Ἀντινόου,
447 2162 501 2221 τδν
516 2163 635 2238 πρῶτον
650 2155 777 2238 ἐνήρατο
792 2161 856 2222 δῖος
870 2155 1047 2224 Ὀδυσσεύς·

269 2264 321 2323 τοῦ
337 2261 355 2324 δ’
370 2286 406 2343 γε
421 2258 513 2341 δάκρυ
527 2260 608 2342 χέων
623 2258 795 2341 ἀγορήσατο
811 2258 860 2323 καὶ
874 2261 1041 2339 μετέειπεν·
1167 2291 1218 2341 4²5

270 2361 323 2426 “32
339 2365 435 2445 φίλοι,
450 2363 470 2442 ἦ
484 2365 561 2444 μέγα
578 2363 667 2445 ἔργον
682 2363 758 2444 ἀνὴρ
776 2364 827 2428 ὅδε
841 2361 952 2443 μήσατ’
967 2362 1118 2447 Ἀχαιούς

270 2467 339 2534 τοὺς
354 2469 409 2547 μέυ
425 2466 480 2530 σὺν
497 2464 624 2542 νήεσσιν
638 2465 721 2548 άγων
736 2468 849 2532 πολέας
864 2491 896 2530 τε
911 2465 961 2531 καὶ
976 2468 1105 2534 ἐσθλοὺς

271 2571 371 2634 ὤλεσε
385 2571 442 2650 μὲν
456 2571 530 2644 νῆας
544 2569 715 2652 γλαφυράς,
731 2569 791 2633 άπδ
806 2570 831 2634 δ’
846 2570 945 2634 ὤλεσε
960 2570 1061 2645 λαούς,

271 2674 339 2740 τοὺς
356 2672 381 2736 δ’
397 2672 496 2736 ἐλθὸν
511 2673 625 2737 έκτεινε
641 2673 852 2754 Κεφαλλήνων
868 2674 916 2756 ὄχ’
933 2676 1083 2756 ἀρίστους.

270 2777 341 2840 ἀλλ’
356 2775 453 2859 άγετε,
469 2778 540 2858 πρὶν
554 2781 661 2843 τοῦτον
675 2774 693 2855 ἢ
714 2780 745 2843 ἐς
761 2777 866 2842 Πάλον
881 2775 943 2842 ὦκα
959 2777 1078 2841 ἱκέσθαι
1165 2808 1221 2860 430

271 2877 289 2956 ἢ
307 2880 354 2943 καὶ
370 2882 400 2946 ἐς
413 2877 530 2944 Ἤλιδα
545 2885 622 2956 δῖαν,
638 2883 687 2944 ὅθι
703 2880 880 2962 κρατέουσιν
893 2879 1021 2957 Ἐπειοί,

270 2985 365 3063 ἴομεν·
388 2980 407 3061 ή
423 2984 471 3048 καὶ
487 2983 592 3047 ἔπειτα
607 2984 757 3067 κατηφέες
772 2985 917 3064 ἐσσόμεθ’
930 2985 1000 3049 αίεί·

271 3085 361 3166 λώβη
376 3089 435 3168 γὰρ
450 3085 522 3151 τάδε
536 3087 566 3169 γ’
581 3084 647 3150 ἐστὶ
664 3087 712 3152 καί
728 3086 922 3166 ἐσσομένοισι
939 3087 1096 3168 πυθέσθαι,

274 3190 300 3251 εἰ
319 3188 356 3266 δή
371 3190 412 3270 μη
428 3191 545 3254 παίδων
560 3216 592 3255 τε
610 3189 801 3274 κασιγνήτων
816 3217 850 3256 τε
865 3195 982 3274 φονῆας

273 3289 415 3370 τισόμεθ’.
449 3296 501 3358 οὐκ
517 3293 554 3358 ἂν
570 3296 638 3373 ἐμοί
652 3321 688 3378 γε
702 3293 780 3375 μετὰ
794 3297 907 3378 φρεσὶν
921 3295 977 3374 ἡδὺ
990 3295 1108 3378 γένοιτο
1150 3327 1222 3376 '‘435

273 3395 391 3474 ζωέμεν,
407 3397 490 3461 άλλδ
504 3398 635 3482 τάχιστα
654 3401 752 3463 θαυδν
768 3399 944 3481 φθιμένοισι
962 3401 1090 3478 μετείην.
1186 3409 1190 3419 ’

273 3498 342 3563 ἀλλ’
357 3498 451 3577 ἴομεν,
467 3501 508 3581 μή
524 3501 644 3583 φθέωσι
660 3501 874 3585 περαιωθέντες
889 3503 1025 3569 ἐκεῖνοι.”

310 3602 373 3670 Ὣς
389 3601 470 3683 φάτο
485 3602 576 3686 δάκρυ
590 3606 680 3687 χέων,
695 3607 794 3674 οἶκτος
810 3606 836 3670 δ’
852 3606 903 3668 έλε
917 3603 1032 3673 πάντας
1046 3608 1199 3692 Ἀχαιούς.

275 3708 443 3789 ἀγχίμολον
457 3705 491 3768 δέ
506 3705 561 3786 σφ’
577 3708 654 3792 ήλθε
670 3709 782 3773 Μέδων
797 3707 846 3772 καὶ
862 3711 942 3774 θεῖος
958 3710 1059 3776 θαιδδς
