2792 4232
230 379 293 447 370
575 359 624 426 18.
653 363 823 424 ιΛιΑΔον
846 365 880 422 2.

227 530 267 596 δς
286 528 334 594 καὶ
350 530 436 612 ἐγόν,
453 532 480 594 εί
497 529 534 609 δή
549 557 601 611 μοι
616 533 704 610 ὁμοίη
722 536 813 613 μοῖρα
827 530 973 603 τέτυκται,
1131 557 1177 594 τιο

227 632 343 711 κείσομ’
360 635 429 697 ἐπεί
444 659 477 698 κε
492 631 582 698 θάνω·
606 640 658 700 νῦν
673 636 708 699 δέ
722 633 811 701 κλέος
826 636 940 700 ἐσθλὸν
956 635 1090 716 ἀροίμην,

228 737 279 800 καί
292 761 359 800 τινα
372 735 535 818 Τρωϊάδων
551 738 600 803 καὶ
617 739 814 818 Δαρδανίδων
828 739 1034 817 βαθυκόλπων

228 840 436 928 ἀμφοτέρῃσιν
449 843 540 924 χερσὶ
557 841 710 923 παρειάων
728 841 875 906 ἁπαλάων

227 944 326 1027 δάκρυ’
342 943 549 1026 ὀμορξαμένην
564 948 668 1011 ἁδινὸν
686 949 876 1028 στοναχῆσαι
896 947 1011 1028 ἐφείην,

227 1054 329 1130 γνοῖεν
343 1049 368 1113 δ’
386 1049 425 1115 ὡς
440 1049 476 1128 δη
493 1048 583 1130 δηρὸν
599 1049 658 1131 ἐγὼ
678 1047 825 1129 πολέμοιο
841 1048 1004 1129 πέπαυμαι·
1131 1075 1176 1126 ¹²5

210 1146 214 1156 ’
227 1151 303 1232 μηδέ
316 1151 345 1231 μ’
363 1151 447 1233 ἐρυκε
461 1150 561 1234 μάχης
576 1151 730 1232 φιλέουσά
745 1171 811 1233 περ·
835 1151 904 1216 οάδέ
917 1179 955 1232 με
971 1149 1118 1218 πείσεις.”

270 1254 333 1318 Τὸν
347 1252 374 1318 δ’
387 1254 524 1335 ἠμείβετ’
542 1255 648 1320 ἔπειτα
663 1255 718 1320 θεά
735 1255 826 1321 Θέτις
841 1256 1037 1338 ἀργυρόπεζα·

229 1361 245 1392 “
255 1358 303 1424 ναὶ
318 1359 354 1436 δή
370 1358 523 1441 ταῦτάγε,
540 1358 654 1435 τέκνον,
671 1357 817 1437 ἐτήτυμον
831 1359 866 1421 οὗ
882 1359 974 1424 κακόν
989 1360 1063 1436 ἐστι,

229 1459 409 1542 τειρομένοις
426 1461 579 1544 ἑτάροισιν
594 1462 742 1543 ἀμυνέμεν
760 1462 852 1528 αίπὺν
867 1463 1004 1544 ὄλεθρον.

229 1564 312 1628 ἀλλά
325 1590 372 1630 τοι
388 1567 475 1631 έντεα
490 1567 569 1630 καλά
584 1566 660 1646 μετὰ
670 1565 836 1648 Τρώεσσιν
851 1566 983 1650 ἔχονται,
1118 1567 1178 1643 ἰ3ο

228 1670 346 1753 χάλκεα
360 1673 573 1754 μαρμαίροντα·
597 1673 634 1734 τὰ
648 1673 704 1749 μὲν
725 1672 919 1752 κορυθαίολος
928 1670 1048 1753 Ἕκτωρ

229 1774 317 1840 αὐτὸς
333 1774 413 1857 έχων
428 1775 554 1853 ὤμοισιν
570 1773 747 1857 ἀγάλλεται·
771 1773 839 1838 οὐδέ
854 1774 871 1837 έ
885 1781 963 1856 φημι

229 1882 319 1960 δηρὸν
334 1879 576 1960 ἐπαγλαϊεῖσθαι,
594 1879 660 1942 ἐπεὶ
676 1878 770 1959 φόνος
786 1877 912 1959 ἐγγύθεν
927 1877 1017 1964 αὐτῷ.

229 1981 312 2044 ἀλλὰ
327 1980 366 2044 σὺ
383 1983 438 2061 μέν
452 1979 493 2061 μή
509 2007 555 2046 πω
571 1981 737 2045 καταδύσεο
751 1986 855 2060 μῶλον
867 1979 988 2062 Ἀρηος,

229 2084 300 2165 πρίν
314 2083 342 2166 γ’
359 2086 412 2163 ἐμὲ
427 2088 505 2166 δεῦρ’
521 2087 673 2149 ἐλθοῦσαν
689 2084 946 2164 ἐνόφθαλμοῖοιν
960 2087 1050 2163 ίδηαι·
1130 2111 1140 2146 ι
1146 2111 1177 2161 35

229 2188 326 2267 ἠῶθεν
339 2191 398 2270 γὰρ
414 2193 518 2267 νεῦμαι
533 2187 582 2267 ἀμ’
598 2188 691 2273 ἠελίῳ
708 2188 822 2252 ἀνιόντι

229 2291 338 2375 τεόχεο
354 2291 588 2373 καλά·φέροοσα
602 2291 671 2373 παρ’
686 2291 874 2372 Ἡφαίστοιο
889 2290 1045 2357 άνακτος.”

266 2393 330 2460 Ὣς
346 2395 403 2476 ἀρα
418 2394 593 2477 φωνήσασα
608 2395 703 2461 πόλιν
717 2393 839 2476 τράπεθ’
856 2395 920 2460 υῖος
936 2398 1010 2467 ἑοῖο,

230 2496 279 2562 καὶ
294 2497 471 2580 στρεφθεῖσ’
488 2500 594 2586 ἁλίῃσι
611 2496 811 2584 κασιγνήτῃσι
825 2497 966 2577 μετηύδα·

230 2606 249 2638 “
258 2603 341 2683 ὑμεῖς
355 2604 411 2682 μὲν
426 2608 479 2668 νῦν
494 2608 562 2667 δῦτε
578 2601 740 2683 θαλάσσης
755 2599 842 2682 εὐρέα
857 2602 981 2676 κόλπον,
1132 2628 1180 2675 140

230 2705 383 2787 ὀψόμεναί
397 2731 430 2770 τε
444 2704 563 2788 γέρονθ’
578 2705 666 2770 ἅλιον
682 2705 731 2768 καὶ
748 2704 869 2784 δόματα
883 2708 1003 2787 πατρός,

231 2809 282 2873 καί
296 2812 325 2873 οἱ
340 2807 426 2874 πάντ’
443 2808 630 2892 ἀγορεύσατ’·
654 2809 713 2890 ἐγδ
729 2806 756 2872 δ’
772 2808 803 2874 ἐς
816 2808 930 2890 μακρὸν
942 2808 1103 2890 Ὄλυμπον

231 2914 291 2993 εἶμι
307 2912 374 2994 παρ’
386 2911 567 2993 Ἥφαιστον
586 2911 798 2994 κλυτοτέχνην,
815 2914 848 2975 οῖ
861 2910 888 2975 κ’
903 2912 1047 2998 ἐθέλῃσιν

230 3018 290 3081 υῖεῖ
305 3018 365 3100 ἐμῷ
381 3017 504 3095 δόμεναι
520 3019 614 3080 κλυτδ
629 3015 738 3098 τεύχεα
753 3014 1007 3096 παμφανόωντα.”

267 3118 331 3185 Ὣς
346 3118 444 3199 ἔφαθ’,
455 3122 486 3182 αῖ
502 3119 526 3183 δ’
543 3119 602 3183 ὑπὸ
619 3125 695 3198 κῦμα
707 3117 868 3197 θαλάσσης
879 3116 972 3182 αὐτίκ’
985 3119 1106 3183 έδοσον·
1131 3147 1176 3198 ¹⁴⁵

231 3223 249 3301 ή
265 3223 290 3286 δ’
306 3221 368 3286 αὖτ’
384 3222 584 3301 Οὔλυμπόνδε
600 3226 655 3287 θεδ
671 3223 763 3289 Θέτις
778 3222 965 3305 ἀργυρόπεζα

230 3325 305 3406 ἤϊεν,
322 3329 403 3408 ὄφρα
418 3329 501 3413 φίλῳ
516 3328 602 3391 παιδὶ
616 3326 711 3391 κλυτὰ
725 3325 822 3409 τεύχε’
841 3326 963 3391 ἐνείκαι.

274 3431 339 3510 Τὴν
353 3434 409 3511 μὲν
424 3429 469 3514 ἀρ’
486 3431 685 3509 Οὔλυμπόνδε
700 3431 791 3496 πόδες
805 3428 911 3511 φέρον·
934 3430 1026 3512 αῦτδιρ
1042 3429 1166 3515 Ἀχαιοὶ

172 3521 176 3525 “
232 3534 386 3620 θεσπεσίῳ
405 3535 547 3618 ἀλαλητῷ
563 3532 615 3616 ὑφ’
627 3531 774 3614 Ἕκτορος
789 3533 989 3614 ἀνδροφόνοιο

233 3639 396 3721 φεύγοντες
411 3636 485 3717 νῆάς
499 3663 532 3701 τε
548 3638 597 3702 καὶ
612 3636 846 3716 Ἑλλήσποντον
860 3638 970 3700 ίκοντο.
1131 3664 1179 3715 ¹50

233 3740 302 3804 οὐδέ
317 3767 350 3806 κε
366 3737 546 3823 Πάτροκλόν
560 3765 616 3822 περ
631 3739 804 3821 ἐϋκνήμιδες
819 3741 939 3824 Ἀχαιοί
