2874 4234
307 339 373 420 5⁶4
608 355 641 412 4.
665 339 901 398 ολτςναιιυ
925 342 961 400 Δ.

308 506 408 592 δέκτῃ,
418 503 457 572 δς
472 505 559 570 οὐδὲν
571 512 652 573 τοῖος
666 507 719 583 εἠν
735 507 785 570 ἐπὶ
802 507 909 585 νηυσὶν
923 505 1070 590 Ἀχαιῶν.

307 611 349 693 τῆ
363 613 464 675 ἴκελος
481 608 585 673 κατέδυ
599 610 711 690 Τρῶων
727 610 828 685 πόλιν,
844 611 874 673 σί
890 609 916 674 δ’
933 611 1095 690 ἀβάκησαν

306 712 426 779 πάντες·
449 713 508 794 έγιδ
524 711 558 776 δέ
571 739 624 792 μιν
639 715 687 790 οἴη
704 713 839 795 ἀνέγνων
853 719 937 777 τοῖον
954 715 1051 793 έόντα,
1210 741 1259 792 ²50

309 818 360 880 καί
371 842 424 894 μιν
439 817 605 896 ἀνηρότων·
629 817 646 878 ὁ
664 819 697 879 δὲ
713 816 874 904 κερδοσύνῃ
894 815 1039 882 ἀλέεινεν.

308 919 378 984 ἀλλ’
396 921 447 984 ὅτε
462 917 498 998 δή
514 944 566 999 μιν
581 920 639 1001 ε’γάι
654 921 745 983 λόεον
761 918 809 984 καὶ
823 925 911 1002 χρῖον
926 922 1031 1006 έλαίιρ,

308 1024 387 1105 ἀμφὶ
403 1025 435 1087 δὲ
451 1025 556 1099 εἵματα
572 1023 660 1101 ἔσσα,
676 1024 725 1086 καὶ
740 1023 846 1101 ῶμασα
862 1030 1004 1105 καρτερὸν
1019 1025 1108 1104 ὅρκον

308 1127 348 1207 μὴ
363 1129 418 1207 μὲν
437 1124 506 1208 πρὶν
521 1125 657 1205 Ὀδυσῆα
671 1125 746 1206 μετὰ
761 1126 900 1208 Τρόεσσ’
919 1128 1083 1208 ἀναφῆναι,

309 1233 378 1310 πρίν
393 1256 428 1312 γε
444 1229 495 1293 τὸν
510 1231 541 1296 ές
555 1229 628 1308 νῆάς
643 1255 676 1294 τε
691 1233 764 1296 θοάς
779 1233 901 1296 κλισίας
916 1229 941 1292 τ’
959 1229 1133 1312 ἀφικέσθαι,
1206 1259 1253 1308 ²55

308 1332 357 1397 καὶ
372 1334 441 1398 τότε
456 1332 492 1410 δή
507 1358 559 1413 μοι
573 1333 671 1398 πάντα
687 1334 758 1399 νόον
774 1333 935 1412 κατέλεξεν
949 1332 1093 1416 Ἀχαιῶν.

309 1437 443 1502 πολλοὺς
458 1439 490 1500 δὲ
506 1437 751 1517 Τρόωνκτείνας
765 1436 907 1517 ταναήκεϊ
922 1440 1028 1523 χαλκῆ
1059 1470 1061 1476 ’

308 1540 384 1620 ἦλθε
398 1539 462 1620 μετ’
478 1539 642 1623 Ἀργείους,
659 1544 733 1604 κατὰ
748 1543 780 1604 δὲ
796 1541 906 1622 φρόνιν
920 1540 1017 1624 ἤγαγε
1032 1541 1162 1621 πολλήν·

309 1644 370 1709 ἔνθ’
387 1646 481 1706 ἄλλαι
499 1645 599 1727 Τρῳαὶ
614 1643 676 1727 λίγ’
694 1645 832 1709 έκιίκυον·
855 1646 947 1726 αὐτὰρ
963 1647 1034 1726 έμδν
1049 1648 1104 1726 κῆρ

308 1746 398 1830 χαῖρ’,
414 1744 481 1812 ε’πεὶ
496 1746 551 1827 ἤδη
567 1773 618 1828 μοι
633 1749 737 1830 κραδίη
754 1746 900 1829 τέτραπτο
917 1747 1042 1813 νέεσθαι
1207 1764 1257 1814 260

309 1850 357 1932 ἀφ
372 1849 493 1930 οἶκόνδ’,
508 1851 584 1930 ἀτην
598 1852 632 1916 δὲ
645 1850 835 1933 μετέστενον,
850 1849 889 1930 ῆν
903 1850 1068 1933 Ἀφροδίτη

310 1953 392 2037 δῶχ’,
408 1954 459 2017 ὅτε
473 1953 504 2034 μ’
518 1953 614 2036 ἤγαγε
630 1959 713 2018 κεῖσε
728 1955 822 2035 φίλης
838 1954 898 2019 ἀπδ
913 1956 1054 2036 πατρίδος
1070 1959 1146 2034 αἴης,

309 2057 402 2121 παῖδά
417 2055 443 2120 τ’
460 2057 535 2137 ε’μὴν
550 2058 804 2140 νοσφισσαμένην
820 2059 957 2137 θάλαμόν
973 2084 1005 2123 τε
1019 2060 1114 2125 πόσιν
1129 2085 1163 2125 τε

309 2161 344 2224 οὔ
359 2187 410 2225 τευ
424 2163 592 2241 δευόμενον,
606 2159 667 2225 οὔτ’
682 2161 720 2243 ἀρ
736 2160 847 2243 φρένας
862 2162 930 2227 οὔτε
945 2188 973 2224 τι
990 2161 1097 2230 είδος.”

352 2265 417 2344 Τὴν
433 2263 457 2326 δ’
474 2266 716 2346 ἀπαμειβόμενος
729 2265 871 2347 προσέφη
891 2265 1000 2344 ξανθὸς
1017 2269 1185 2335 Μενέλαος·
1210 2280 1257 2343 ²⁶⁵

310 2373 329 2404 “
341 2365 389 2431 ναὶ
405 2368 441 2447 δὴ
458 2369 600 2450 ταῦτάγε
615 2368 721 2443 πάντα,
737 2369 833 2451 γόναι,
850 2371 925 2432 κατὰ
939 2374 1047 2451 μοῖραν
1062 2372 1170 2438 ἔειπες.

308 2471 364 2551 ἤδη
379 2473 435 2551 μὲν
450 2472 572 2537 πολέων
588 2471 678 2549 ἐδάην
693 2470 812 2552 βουλήν
826 2498 860 2537 τε
875 2473 949 2537 νόον
965 2498 998 2538 τε

310 2577 424 2657 ἀνδρῶν
439 2576 554 2656 ῆρόων,
569 2575 689 2654 πολλὴν
705 2574 731 2639 δ’
747 2573 921 2654 ἐπελήλυθα
935 2581 1035 2658 γαῖαν·

310 2679 381 2744 ἀλλ’
396 2679 432 2742 οὔ
446 2705 493 2743 πω
509 2683 646 2744 τοιοῦτον
661 2680 739 2760 έγδιυ
754 2680 818 2745 ίδον
832 2679 1041 2760 όφθαλμοῖσιν

310 2786 374 2848 οίον
389 2781 559 2861 Ὀδυσσῆος
575 2783 801 2863 ταλασίφρονος
819 2783 891 2847 έσκε
906 2785 1002 2864 φίλου
1018 2786 1079 2862 κῆρ.
1206 2808 1256 2859 270

309 2889 375 2953 οἷον
389 2890 439 2950 καὶ
454 2884 516 2950 τόδ’
530 2883 616 2967 ἔρεξε
632 2887 681 2950 καὶ
698 2887 770 2966 έτλη
787 2885 928 2968 καρτερὸς
944 2889 1019 2969 ἀνὴρ

309 2993 391 3074 ίππῳ
409 2990 453 3052 ένι
469 2988 576 3073 ξεστῷ,
591 2986 630 3053 ἵν’
644 2988 776 3070 ἐνήμεθα
791 2987 900 3056 πάντες
915 2990 1032 3072 ἀριστοι

308 3094 457 3176 Ἀργείων
473 3093 616 3173 Τριόεσσι
631 3093 729 3173 φόνον
744 3089 792 3156 καί
808 3096 884 3174 κῆρα
899 3093 1051 3175 φέροντες.

310 3196 401 3276 ῆλθες
418 3196 522 3260 ἔπειτα
536 3196 577 3259 σὺ
592 3199 686 3260 κεῖσε·
709 3195 925 3276 κελευσέμεναι
940 3196 973 3260 δέ
990 3194 1020 3260 π’
1035 3195 1149 3277 ἔμελλε

309 3302 433 3376 δαίμων,
451 3298 483 3366 δς
496 3300 658 3381 Τρόεσσιν
673 3299 819 3379 ἐβούλετο
837 3305 925 3367 κῦδος
939 3298 1050 3380 ὀρέξαι·
1210 3327 1258 3381 ²75

311 3404 362 3466 καί
375 3428 422 3466 τοι
438 3402 600 3484 Δηίφοβος
615 3403 785 3469 θεοείκελος
797 3400 901 3468 ἕσπετ’
916 3404 1012 3480 ίούση.

310 3508 372 3588 τρὶς
387 3509 419 3570 δὲ
433 3505 623 3588 περίστειξας
639 3511 743 3570 κοῖλον
757 3507 855 3589 λόχον
870 3507 1076 3586 ἀμφαφόωσα,

310 3612 342 3674 ἑκ
359 3607 384 3674 δ’
399 3609 607 3689 ὀνομακλήδην
625 3615 755 3674 Δαναῶν
771 3610 915 3686 ὀνόμαζες
931 3610 1082 3690 ἀρίστους,
1113 3641 1125 3650 ·

313 3714 432 3778 πάντων
446 3710 591 3794 Ἀργείων
604 3714 712 3794 φωνὴν
726 3709 845 3777 ίσκουσ’
860 3713 1032 3796 ἀλόχοισιν.
