<?xml version="1.0" encoding="UTF-8"?>
<!DOCTYPE html PUBLIC "-//W3C//DTD XHTML 1.0 Transitional//EN"
    "http://www.w3.org/TR/xhtml1/DTD/xhtml1-transitional.dtd">
<html xmlns="http://www.w3.org/1999/xhtml" xml:lang="en" lang="en">
 <head>
  <title>
</title>
<meta http-equiv="Content-Type" content="text/html;charset=utf-8" />
  <meta name='ocr-system' content='tesseract 3.04.00' />
  <meta name='ocr-capabilities' content='ocr_page ocr_carea ocr_par ocr_line ocrx_word'/>
</head>
<body>
  <div class='ocr_page' id='page_1' title='image "./homerioperaetre00homegoog_0758.png"; bbox 0 0 2834 4234; ppageno 0'>
   <div class='ocr_carea' id='block_1_1' title="bbox 483 325 1151 406">
    <p class='ocr_par' dir='ltr' id='par_1_1' title="bbox 483 325 1151 406">
     <span class='ocr_line' id='line_1_1' title="bbox 483 325 1151 406; baseline 0.033 -21"><span class='ocrx_word' id='word_1_1' title='bbox 483 332 533 403; x_wconf 85' lang='lat'>15.</span> <span class='ocrx_word' id='word_1_2' title='bbox 563 325 798 386; x_wconf 71' lang='grc' dir='ltr'>ολυςςαιιν</span> <span class='ocrx_word' id='word_1_3' title='bbox 828 325 867 385; x_wconf 93' lang='lat'>0.</span> <span class='ocrx_word' id='word_1_4' title='bbox 1089 336 1151 406; x_wconf 87' lang='lat'>753</span> 
     </span>
    </p>
   </div>
   <div class='ocr_carea' id='block_1_2' title="bbox 202 491 1149 1916">
    <p class='ocr_par' dir='ltr' id='par_1_2' title="bbox 202 491 996 882">
     <span class='ocr_line' id='line_1_2' title="bbox 202 491 996 575; baseline 0.001 -19"><span class='ocrx_word' id='word_1_5' title='bbox 202 491 250 574; x_wconf 81' lang='grc' dir='ltr'>ἂψ</span> <span class='ocrx_word' id='word_1_6' title='bbox 266 495 391 559; x_wconf 80' lang='grc' dir='ltr'>Πυλίων</span> <span class='ocrx_word' id='word_1_7' title='bbox 406 495 450 560; x_wconf 85' lang='grc' dir='ltr'>είς</span> <span class='ocrx_word' id='word_1_8' title='bbox 465 492 553 570; x_wconf 81' lang='grc' dir='ltr'>ἀστυ,</span> <span class='ocrx_word' id='word_1_9' title='bbox 569 497 646 560; x_wconf 88' lang='grc' dir='ltr'>θοῶς</span> <span class='ocrx_word' id='word_1_10' title='bbox 661 493 687 556; x_wconf 92' lang='grc' dir='ltr'>δ’</span> <span class='ocrx_word' id='word_1_11' title='bbox 702 492 760 575; x_wconf 84' lang='grc' dir='ltr'>ἀρα</span> <span class='ocrx_word' id='word_1_12' title='bbox 775 492 886 570; x_wconf 77' lang='grc' dir='ltr'>δώμαθ’</span> <span class='ocrx_word' id='word_1_13' title='bbox 902 495 996 557; x_wconf 82' lang='grc' dir='ltr'>ἵκανε.</span> 
     </span>
     <span class='ocr_line' id='line_1_3' title="bbox 202 593 955 680; baseline 0.003 -22"><span class='ocrx_word' id='word_1_14' title='bbox 202 597 384 680; x_wconf 83' lang='grc' dir='ltr'>Τηλέμαχος</span> <span class='ocrx_word' id='word_1_15' title='bbox 400 596 425 661; x_wconf 86' lang='grc' dir='ltr'>δ’</span> <span class='ocrx_word' id='word_1_16' title='bbox 442 595 592 678; x_wconf 79' lang='grc' dir='ltr'>ἑτάροισιν</span> <span class='ocrx_word' id='word_1_17' title='bbox 607 596 770 676; x_wconf 73' lang='grc' dir='ltr'>ἐποτρύνας</span> <span class='ocrx_word' id='word_1_18' title='bbox 785 593 955 660; x_wconf 77' lang='grc' dir='ltr'>έκέλευσεν·</span> 
     </span>
     <span class='ocr_line' id='line_1_4' title="bbox 203 697 941 783; baseline 0.001 -22"><span class='ocrx_word' id='word_1_19' title='bbox 203 706 220 734; x_wconf 87' lang='grc'><strong>“</strong></span> <span class='ocrx_word' id='word_1_20' title='bbox 231 701 409 780; x_wconf 81' lang='grc' dir='ltr'>ἐγκοσμεῖτε</span> <span class='ocrx_word' id='word_1_21' title='bbox 424 697 461 762; x_wconf 85' lang='grc' dir='ltr'>τὰ</span> <span class='ocrx_word' id='word_1_22' title='bbox 480 698 586 782; x_wconf 88' lang='grc' dir='ltr'>τεύχε’,</span> <span class='ocrx_word' id='word_1_23' title='bbox 601 703 723 778; x_wconf 78' lang='grc' dir='ltr'>ἑταῖροι,</span> <span class='ocrx_word' id='word_1_24' title='bbox 740 697 790 778; x_wconf 74' lang='grc' dir='ltr'>νηί</span> <span class='ocrx_word' id='word_1_25' title='bbox 803 697 941 783; x_wconf 80' lang='grc' dir='ltr'>μελαίνῃ,</span> 
     </span>
     <span class='ocr_line' id='line_1_5' title="bbox 202 799 941 882; baseline -0.004 -18"><span class='ocrx_word' id='word_1_26' title='bbox 202 800 289 865; x_wconf 84' lang='grc' dir='ltr'>αύτοί</span> <span class='ocrx_word' id='word_1_27' title='bbox 303 801 327 864; x_wconf 88' lang='grc' dir='ltr'>τ’</span> <span class='ocrx_word' id='word_1_28' title='bbox 343 802 549 882; x_wconf 89' lang='grc' dir='ltr'>ἀμβαίνωμεν,</span> <span class='ocrx_word' id='word_1_29' title='bbox 565 803 615 866; x_wconf 87' lang='grc' dir='ltr'>ίνα</span> <span class='ocrx_word' id='word_1_30' title='bbox 629 799 816 881; x_wconf 82' lang='grc' dir='ltr'>πρήσσωμεν</span> <span class='ocrx_word' id='word_1_31' title='bbox 831 799 941 863; x_wconf 83' lang='grc' dir='ltr'>ὁδοῖο.”</span> 
     </span>
    </p>

    <p class='ocr_par' dir='ltr' id='par_1_3' title="bbox 203 903 1149 1916">
     <span class='ocr_line' id='line_1_6' title="bbox 239 903 1142 986; baseline 0 -18"><span class='ocrx_word' id='word_1_32' title='bbox 239 903 304 971; x_wconf 83' lang='grc' dir='ltr'>Ὣς</span> <span class='ocrx_word' id='word_1_33' title='bbox 319 904 417 986; x_wconf 83' lang='grc' dir='ltr'>ἔφαθ’,</span> <span class='ocrx_word' id='word_1_34' title='bbox 432 907 460 968; x_wconf 83' lang='grc' dir='ltr'>οἱ</span> <span class='ocrx_word' id='word_1_35' title='bbox 476 905 501 968; x_wconf 89' lang='grc' dir='ltr'>δ’</span> <span class='ocrx_word' id='word_1_36' title='bbox 516 904 574 986; x_wconf 85' lang='grc' dir='ltr'>ἀρα</span> <span class='ocrx_word' id='word_1_37' title='bbox 588 909 641 967; x_wconf 79' lang='grc' dir='ltr'>τοῦ</span> <span class='ocrx_word' id='word_1_38' title='bbox 655 903 739 983; x_wconf 86' lang='grc' dir='ltr'>μάλα</span> <span class='ocrx_word' id='word_1_39' title='bbox 754 905 810 984; x_wconf 82' lang='grc' dir='ltr'>μὲν</span> <span class='ocrx_word' id='word_1_40' title='bbox 824 904 917 967; x_wconf 82' lang='grc' dir='ltr'>κλύον</span> <span class='ocrx_word' id='word_1_41' title='bbox 932 903 977 982; x_wconf 86' lang='grc' dir='ltr'>ἠδ’</span> <span class='ocrx_word' id='word_1_42' title='bbox 994 905 1142 984; x_wconf 77' lang='grc' dir='ltr'>ἐπίθοντο,</span> 
     </span>
     <span class='ocr_line' id='line_1_7' title="bbox 204 1003 1149 1089; baseline -0.002 -17"><span class='ocrx_word' id='word_1_43' title='bbox 204 1008 282 1089; x_wconf 74' lang='grc' dir='ltr'>αἶψα</span> <span class='ocrx_word' id='word_1_44' title='bbox 297 1008 323 1072; x_wconf 90' lang='grc' dir='ltr'>δ’</span> <span class='ocrx_word' id='word_1_45' title='bbox 338 1008 383 1088; x_wconf 82' lang='grc' dir='ltr'>ἄρ’</span> <span class='ocrx_word' id='word_1_46' title='bbox 400 1009 559 1082; x_wconf 76' lang='grc' dir='ltr'>εἴσβαινον</span> <span class='ocrx_word' id='word_1_47' title='bbox 575 1006 623 1072; x_wconf 78' lang='grc' dir='ltr'>καὶ</span> <span class='ocrx_word' id='word_1_48' title='bbox 640 1009 690 1072; x_wconf 88' lang='grc' dir='ltr'>ἔπὶ</span> <span class='ocrx_word' id='word_1_49' title='bbox 706 1003 812 1086; x_wconf 80' lang='grc' dir='ltr'>κληῗσι</span> <span class='ocrx_word' id='word_1_50' title='bbox 828 1008 958 1085; x_wconf 78' lang='grc' dir='ltr'>καθῖζον.</span> <span class='ocrx_word' id='word_1_51' title='bbox 1104 1036 1149 1070; x_wconf 77' lang='grc' dir='ltr'>τοι</span> 
     </span>
     <span class='ocr_line' id='line_1_8' title="bbox 204 1107 1008 1196; baseline 0 -23"><span class='ocrx_word' id='word_1_52' title='bbox 204 1109 223 1188; x_wconf 85' lang='grc' dir='ltr'>ή</span> <span class='ocrx_word' id='word_1_53' title='bbox 240 1136 287 1173; x_wconf 88' lang='grc' dir='ltr'>τοι</span> <span class='ocrx_word' id='word_1_54' title='bbox 302 1112 319 1173; x_wconf 87' lang='grc' dir='ltr'>ὁ</span> <span class='ocrx_word' id='word_1_55' title='bbox 333 1112 389 1191; x_wconf 74' lang='grc' dir='ltr'>μὲν</span> <span class='ocrx_word' id='word_1_56' title='bbox 403 1109 441 1172; x_wconf 84' lang='grc' dir='ltr'>τὰ</span> <span class='ocrx_word' id='word_1_57' title='bbox 454 1115 576 1175; x_wconf 81' lang='grc' dir='ltr'>πονεῖτο</span> <span class='ocrx_word' id='word_1_58' title='bbox 592 1107 640 1174; x_wconf 80' lang='grc' dir='ltr'>καὶ</span> <span class='ocrx_word' id='word_1_59' title='bbox 656 1108 771 1192; x_wconf 84' lang='grc' dir='ltr'>εύχετο,</span> <span class='ocrx_word' id='word_1_60' title='bbox 788 1113 840 1172; x_wconf 83' lang='grc' dir='ltr'>θῦε</span> <span class='ocrx_word' id='word_1_61' title='bbox 856 1109 880 1173; x_wconf 85' lang='grc' dir='ltr'>δ’</span> <span class='ocrx_word' id='word_1_62' title='bbox 895 1108 1008 1196; x_wconf 84' lang='grc' dir='ltr'>Ἀθήνη</span> 
     </span>
     <span class='ocr_line' id='line_1_9' title="bbox 204 1211 971 1298; baseline -0.003 -22"><span class='ocrx_word' id='word_1_63' title='bbox 204 1211 253 1290; x_wconf 73' lang='grc' dir='ltr'>νηῒ</span> <span class='ocrx_word' id='word_1_64' title='bbox 267 1211 348 1294; x_wconf 89' lang='grc' dir='ltr'>πάρα</span> <span class='ocrx_word' id='word_1_65' title='bbox 364 1213 489 1298; x_wconf 83' lang='grc' dir='ltr'>πρύμνῃ·</span> <span class='ocrx_word' id='word_1_66' title='bbox 513 1214 661 1295; x_wconf 86' lang='grc' dir='ltr'>σχεδόθεν</span> <span class='ocrx_word' id='word_1_67' title='bbox 677 1211 711 1275; x_wconf 86' lang='grc' dir='ltr'>δέ</span> <span class='ocrx_word' id='word_1_68' title='bbox 726 1215 755 1275; x_wconf 75' lang='grc' dir='ltr'>οἱ</span> <span class='ocrx_word' id='word_1_69' title='bbox 769 1211 881 1291; x_wconf 88' lang='grc' dir='ltr'>ήλυθεν</span> <span class='ocrx_word' id='word_1_70' title='bbox 897 1213 971 1294; x_wconf 78' lang='grc' dir='ltr'>ἀνὴρ</span> 
     </span>
     <span class='ocr_line' id='line_1_10' title="bbox 203 1314 991 1398; baseline 0.005 -21"><span class='ocrx_word' id='word_1_71' title='bbox 203 1319 383 1393; x_wconf 79' lang='grc' dir='ltr'>τηλεδαπός,</span> <span class='ocrx_word' id='word_1_72' title='bbox 400 1317 522 1397; x_wconf 85' lang='grc' dir='ltr'>φεύγων</span> <span class='ocrx_word' id='word_1_73' title='bbox 538 1314 573 1394; x_wconf 83' lang='grc' dir='ltr'>ἔξ</span> <span class='ocrx_word' id='word_1_74' title='bbox 583 1314 711 1398; x_wconf 84' lang='grc' dir='ltr'>Ἀργεος</span> <span class='ocrx_word' id='word_1_75' title='bbox 726 1315 819 1398; x_wconf 85' lang='grc' dir='ltr'>ἀνδρα</span> <span class='ocrx_word' id='word_1_76' title='bbox 834 1315 991 1394; x_wconf 88' lang='grc' dir='ltr'>κατακτάς,</span> 
     </span>
     <span class='ocr_line' id='line_1_11' title="bbox 203 1417 1029 1502; baseline 0 -19"><span class='ocrx_word' id='word_1_77' title='bbox 203 1420 318 1500; x_wconf 81' lang='grc' dir='ltr'>μάντις·</span> <span class='ocrx_word' id='word_1_78' title='bbox 342 1420 417 1500; x_wconf 86' lang='grc' dir='ltr'>ἀτὰρ</span> <span class='ocrx_word' id='word_1_79' title='bbox 431 1417 539 1502; x_wconf 87' lang='grc' dir='ltr'>γενεήν</span> <span class='ocrx_word' id='word_1_80' title='bbox 553 1445 589 1501; x_wconf 87' lang='grc' dir='ltr'>γε</span> <span class='ocrx_word' id='word_1_81' title='bbox 606 1420 813 1499; x_wconf 86' lang='grc' dir='ltr'>Μελάμποδος</span> <span class='ocrx_word' id='word_1_82' title='bbox 827 1420 949 1501; x_wconf 89' lang='grc' dir='ltr'>ἔκγονος</span> <span class='ocrx_word' id='word_1_83' title='bbox 965 1419 1029 1498; x_wconf 85' lang='grc' dir='ltr'>ήεν,</span> 
     </span>
     <span class='ocr_line' id='line_1_12' title="bbox 204 1520 1122 1608; baseline 0.002 -22"><span class='ocrx_word' id='word_1_84' title='bbox 204 1522 237 1589; x_wconf 86' lang='grc' dir='ltr'>δς</span> <span class='ocrx_word' id='word_1_85' title='bbox 256 1520 326 1604; x_wconf 79' lang='grc' dir='ltr'>πρὶν</span> <span class='ocrx_word' id='word_1_86' title='bbox 341 1521 397 1602; x_wconf 87' lang='grc' dir='ltr'>μέν</span> <span class='ocrx_word' id='word_1_87' title='bbox 412 1523 478 1587; x_wconf 88' lang='grc' dir='ltr'>ποτ’</span> <span class='ocrx_word' id='word_1_88' title='bbox 494 1523 575 1588; x_wconf 84' lang='grc' dir='ltr'>ἔναιε</span> <span class='ocrx_word' id='word_1_89' title='bbox 591 1525 684 1608; x_wconf 82' lang='grc' dir='ltr'>Πύλιρ</span> <span class='ocrx_word' id='word_1_90' title='bbox 702 1523 755 1602; x_wconf 91' lang='grc' dir='ltr'>ἔνι,</span> <span class='ocrx_word' id='word_1_91' title='bbox 769 1521 875 1603; x_wconf 89' lang='grc' dir='ltr'>μητέρι</span> <span class='ocrx_word' id='word_1_92' title='bbox 890 1521 1007 1603; x_wconf 84' lang='grc' dir='ltr'>μήλων,</span> <span class='ocrx_word' id='word_1_93' title='bbox 1120 1577 1122 1581; x_wconf 93' lang='grc'>.</span> 
     </span>
     <span class='ocr_line' id='line_1_13' title="bbox 205 1624 936 1710; baseline 0.001 -22"><span class='ocrx_word' id='word_1_94' title='bbox 205 1627 329 1706; x_wconf 86' lang='grc' dir='ltr'>ἀφνειὸς</span> <span class='ocrx_word' id='word_1_95' title='bbox 346 1628 491 1691; x_wconf 89' lang='grc' dir='ltr'>Πυλίοισι</span> <span class='ocrx_word' id='word_1_96' title='bbox 506 1627 572 1710; x_wconf 86' lang='grc' dir='ltr'>μέγ’</span> <span class='ocrx_word' id='word_1_97' title='bbox 589 1624 684 1710; x_wconf 83' lang='grc' dir='ltr'>ἔξοχα</span> <span class='ocrx_word' id='word_1_98' title='bbox 698 1627 820 1706; x_wconf 88' lang='grc' dir='ltr'>δόματα</span> <span class='ocrx_word' id='word_1_99' title='bbox 835 1632 936 1690; x_wconf 89' lang='grc' dir='ltr'>ναίων·</span> 
     </span>
     <span class='ocr_line' id='line_1_14' title="bbox 205 1730 1030 1813; baseline 0.002 -20"><span class='ocrx_word' id='word_1_100' title='bbox 205 1730 241 1808; x_wconf 77' lang='grc' dir='ltr'>δή</span> <span class='ocrx_word' id='word_1_101' title='bbox 256 1731 324 1794; x_wconf 91' lang='grc' dir='ltr'>τότε</span> <span class='ocrx_word' id='word_1_102' title='bbox 339 1731 367 1813; x_wconf 87' lang='grc' dir='ltr'>γ’</span> <span class='ocrx_word' id='word_1_103' title='bbox 383 1732 488 1794; x_wconf 84' lang='grc' dir='ltr'>ἄλλων</span> <span class='ocrx_word' id='word_1_104' title='bbox 503 1734 598 1810; x_wconf 76' lang='grc' dir='ltr'>δῆμον</span> <span class='ocrx_word' id='word_1_105' title='bbox 614 1732 749 1811; x_wconf 89' lang='grc' dir='ltr'>ἀφίκετο,</span> <span class='ocrx_word' id='word_1_106' title='bbox 766 1730 893 1810; x_wconf 88' lang='grc' dir='ltr'>πατρίδα</span> <span class='ocrx_word' id='word_1_107' title='bbox 909 1730 1030 1812; x_wconf 83' lang='grc' dir='ltr'>φεύγων</span> 
     </span>
     <span class='ocr_line' id='line_1_15' title="bbox 204 1833 921 1916; baseline 0.003 -22"><span class='ocrx_word' id='word_1_108' title='bbox 204 1833 311 1911; x_wconf 80' lang='grc' dir='ltr'>Νηλέα</span> <span class='ocrx_word' id='word_1_109' title='bbox 326 1860 359 1897; x_wconf 92' lang='grc' dir='ltr'>τε</span> <span class='ocrx_word' id='word_1_110' title='bbox 373 1834 555 1916; x_wconf 86' lang='grc' dir='ltr'>μεγάθυμον,</span> <span class='ocrx_word' id='word_1_111' title='bbox 571 1835 759 1915; x_wconf 81' lang='grc' dir='ltr'>ἀγαυότατον</span> <span class='ocrx_word' id='word_1_112' title='bbox 776 1833 921 1910; x_wconf 83' lang='grc' dir='ltr'>ζωόντων,</span> 
     </span>
    </p>
   </div>
   <div class='ocr_carea' id='block_1_3' title="bbox 205 1935 994 2126">
    <p class='ocr_par' dir='ltr' id='par_1_4' title="bbox 205 1935 994 2126">
     <span class='ocr_line' id='line_1_16' title="bbox 205 1935 970 2018; baseline 0.003 -20"><span class='ocrx_word' id='word_1_113' title='bbox 205 1937 238 2002; x_wconf 88' lang='grc' dir='ltr'>ός</span> <span class='ocrx_word' id='word_1_114' title='bbox 254 1939 283 1999; x_wconf 84' lang='grc' dir='ltr'>οἱ</span> <span class='ocrx_word' id='word_1_115' title='bbox 297 1935 436 2018; x_wconf 89' lang='grc' dir='ltr'>χρήματα</span> <span class='ocrx_word' id='word_1_116' title='bbox 451 1935 553 2000; x_wconf 85' lang='grc' dir='ltr'>πολλὰ</span> <span class='ocrx_word' id='word_1_117' title='bbox 568 1937 760 2018; x_wconf 89' lang='grc' dir='ltr'>τελεσφόρον</span> <span class='ocrx_word' id='word_1_118' title='bbox 774 1938 817 2002; x_wconf 87' lang='grc' dir='ltr'>είς</span> <span class='ocrx_word' id='word_1_119' title='bbox 834 1937 970 2000; x_wconf 88' lang='grc' dir='ltr'>ἔνιαυτδν</span> 
     </span>
     <span class='ocr_line' id='line_1_17' title="bbox 205 2038 994 2126; baseline -0.001 -24"><span class='ocrx_word' id='word_1_120' title='bbox 205 2040 271 2123; x_wconf 83' lang='grc' dir='ltr'>εἶχε</span> <span class='ocrx_word' id='word_1_121' title='bbox 284 2041 349 2126; x_wconf 83' lang='grc' dir='ltr'>βίῃ.</span> <span class='ocrx_word' id='word_1_122' title='bbox 383 2042 399 2102; x_wconf 89' lang='grc' dir='ltr'>ὁ</span> <span class='ocrx_word' id='word_1_123' title='bbox 417 2043 451 2104; x_wconf 79' lang='grc' dir='ltr'>δὲ</span> <span class='ocrx_word' id='word_1_124' title='bbox 465 2038 539 2107; x_wconf 88' lang='grc' dir='ltr'>τέως</span> <span class='ocrx_word' id='word_1_125' title='bbox 553 2041 608 2121; x_wconf 74' lang='grc' dir='ltr'>μὲν</span> <span class='ocrx_word' id='word_1_126' title='bbox 624 2040 668 2103; x_wconf 84' lang='grc' dir='ltr'>ένὶ</span> <span class='ocrx_word' id='word_1_127' title='bbox 683 2040 825 2122; x_wconf 86' lang='grc' dir='ltr'>μεγάροις</span> <span class='ocrx_word' id='word_1_128' title='bbox 840 2040 994 2103; x_wconf 86' lang='grc' dir='ltr'>Φυλάκοιο</span> 
     </span>
    </p>
   </div>
   <div class='ocr_carea' id='block_1_4' title="bbox 203 2141 1163 3779">
    <p class='ocr_par' dir='ltr' id='par_1_5' title="bbox 205 2141 1025 2328">
     <span class='ocr_line' id='line_1_18' title="bbox 205 2141 1025 2227; baseline 0 -21"><span class='ocrx_word' id='word_1_129' title='bbox 205 2143 307 2227; x_wconf 76' lang='grc' dir='ltr'>δεσμῷ</span> <span class='ocrx_word' id='word_1_130' title='bbox 322 2145 356 2208; x_wconf 86' lang='grc' dir='ltr'>ἔν</span> <span class='ocrx_word' id='word_1_131' title='bbox 373 2142 510 2227; x_wconf 80' lang='grc' dir='ltr'>ἀργαλέῳ</span> <span class='ocrx_word' id='word_1_132' title='bbox 527 2142 637 2222; x_wconf 86' lang='grc' dir='ltr'>δέδετο,</span> <span class='ocrx_word' id='word_1_133' title='bbox 654 2142 767 2223; x_wconf 80' lang='grc' dir='ltr'>κρατέρ’</span> <span class='ocrx_word' id='word_1_134' title='bbox 782 2141 879 2224; x_wconf 87' lang='grc' dir='ltr'>ἀλγεα</span> <span class='ocrx_word' id='word_1_135' title='bbox 895 2142 1025 2225; x_wconf 87' lang='grc' dir='ltr'>πάσχων</span> 
     </span>
     <span class='ocr_line' id='line_1_19' title="bbox 206 2246 862 2328; baseline 0 -18"><span class='ocrx_word' id='word_1_136' title='bbox 206 2250 307 2310; x_wconf 87' lang='grc' dir='ltr'>είνεκα</span> <span class='ocrx_word' id='word_1_137' title='bbox 321 2249 447 2325; x_wconf 79' lang='grc' dir='ltr'>Νηλῆος</span> <span class='ocrx_word' id='word_1_138' title='bbox 463 2246 571 2328; x_wconf 83' lang='grc' dir='ltr'>κούρης</span> <span class='ocrx_word' id='word_1_139' title='bbox 585 2246 659 2324; x_wconf 85' lang='grc' dir='ltr'>άτης</span> <span class='ocrx_word' id='word_1_140' title='bbox 676 2271 709 2309; x_wconf 87' lang='grc' dir='ltr'>τε</span> <span class='ocrx_word' id='word_1_141' title='bbox 723 2246 862 2327; x_wconf 87' lang='grc' dir='ltr'>βαρείης,</span> 
     </span>
    </p>

    <p class='ocr_par' dir='ltr' id='par_1_6' title="bbox 205 2347 1163 2744">
     <span class='ocr_line' id='line_1_20' title="bbox 205 2347 963 2430; baseline 0.004 -20"><span class='ocrx_word' id='word_1_142' title='bbox 205 2348 259 2427; x_wconf 92' lang='grc' dir='ltr'>τήν</span> <span class='ocrx_word' id='word_1_143' title='bbox 276 2350 305 2412; x_wconf 82' lang='grc' dir='ltr'>οἱ</span> <span class='ocrx_word' id='word_1_144' title='bbox 322 2351 370 2413; x_wconf 79' lang='grc' dir='ltr'>ἔτί</span> <span class='ocrx_word' id='word_1_145' title='bbox 386 2350 478 2430; x_wconf 86' lang='grc' dir='ltr'>φρεσὶ</span> <span class='ocrx_word' id='word_1_146' title='bbox 495 2352 566 2427; x_wconf 79' lang='grc' dir='ltr'>θῆκε</span> <span class='ocrx_word' id='word_1_147' title='bbox 583 2348 637 2412; x_wconf 83' lang='grc' dir='ltr'>θεὰ</span> <span class='ocrx_word' id='word_1_148' title='bbox 653 2350 819 2425; x_wconf 76' lang='grc' dir='ltr'>δασπλῆτις</span> <span class='ocrx_word' id='word_1_149' title='bbox 835 2347 963 2430; x_wconf 88' lang='grc' dir='ltr'>Ἐρινύς.</span> 
     </span>
     <span class='ocr_line' id='line_1_21' title="bbox 207 2450 1163 2535; baseline -0.003 -20"><span class='ocrx_word' id='word_1_150' title='bbox 207 2452 276 2515; x_wconf 90' lang='grc' dir='ltr'>ἀλλ’</span> <span class='ocrx_word' id='word_1_151' title='bbox 292 2455 308 2516; x_wconf 86' lang='grc' dir='ltr'>ὁ</span> <span class='ocrx_word' id='word_1_152' title='bbox 323 2454 379 2532; x_wconf 74' lang='grc' dir='ltr'>μὲν</span> <span class='ocrx_word' id='word_1_153' title='bbox 394 2453 507 2535; x_wconf 88' lang='grc' dir='ltr'>ἔκφυγε</span> <span class='ocrx_word' id='word_1_154' title='bbox 523 2457 598 2534; x_wconf 85' lang='grc' dir='ltr'>κῆρα</span> <span class='ocrx_word' id='word_1_155' title='bbox 615 2450 663 2515; x_wconf 82' lang='grc' dir='ltr'>καὶ</span> <span class='ocrx_word' id='word_1_156' title='bbox 678 2451 777 2531; x_wconf 86' lang='grc' dir='ltr'>ἤλασε</span> <span class='ocrx_word' id='word_1_157' title='bbox 791 2457 867 2533; x_wconf 83' lang='grc' dir='ltr'>βοῦς</span> <span class='ocrx_word' id='word_1_158' title='bbox 883 2453 1036 2533; x_wconf 87' lang='grc' dir='ltr'>έριμύκους</span> <span class='ocrx_word' id='word_1_159' title='bbox 1104 2475 1163 2526; x_wconf 79' lang='lat'>²35·</span> 
     </span>
     <span class='ocr_line' id='line_1_22' title="bbox 205 2556 990 2638; baseline 0.004 -20"><span class='ocrx_word' id='word_1_160' title='bbox 205 2558 237 2622; x_wconf 88' lang='grc' dir='ltr'>ἔς</span> <span class='ocrx_word' id='word_1_161' title='bbox 256 2557 361 2620; x_wconf 92' lang='grc' dir='ltr'>Πύλον</span> <span class='ocrx_word' id='word_1_162' title='bbox 377 2558 410 2620; x_wconf 90' lang='grc' dir='ltr'>ἔκ</span> <span class='ocrx_word' id='word_1_163' title='bbox 427 2556 569 2635; x_wconf 84' lang='grc' dir='ltr'>Φυλάκης</span> <span class='ocrx_word' id='word_1_164' title='bbox 586 2556 634 2619; x_wconf 83' lang='grc' dir='ltr'>καὶ</span> <span class='ocrx_word' id='word_1_165' title='bbox 649 2557 771 2620; x_wconf 87' lang='grc' dir='ltr'>έτίσατο</span> <span class='ocrx_word' id='word_1_166' title='bbox 787 2556 876 2638; x_wconf 90' lang='grc' dir='ltr'>ἔργον</span> <span class='ocrx_word' id='word_1_167' title='bbox 892 2557 990 2621; x_wconf 81' lang='grc' dir='ltr'>ἀεικὲς</span> 
     </span>
     <span class='ocr_line' id='line_1_23' title="bbox 207 2659 862 2744; baseline 0 -21"><span class='ocrx_word' id='word_1_168' title='bbox 207 2661 344 2724; x_wconf 84' lang='grc' dir='ltr'>ἀντίθεον</span> <span class='ocrx_word' id='word_1_169' title='bbox 359 2663 480 2739; x_wconf 82' lang='grc' dir='ltr'>Νηλῆα,</span> <span class='ocrx_word' id='word_1_170' title='bbox 497 2659 667 2744; x_wconf 81' lang='grc' dir='ltr'>κασιγνήτῳ</span> <span class='ocrx_word' id='word_1_171' title='bbox 687 2664 720 2724; x_wconf 82' lang='grc' dir='ltr'>δὲ</span> <span class='ocrx_word' id='word_1_172' title='bbox 736 2664 862 2742; x_wconf 83' lang='grc' dir='ltr'>γυναῖκα</span> 
     </span>
    </p>

    <p class='ocr_par' dir='ltr' id='par_1_7' title="bbox 203 2758 1027 3049">
     <span class='ocr_line' id='line_1_24' title="bbox 206 2758 988 2840; baseline -0.001 -18"><span class='ocrx_word' id='word_1_173' title='bbox 206 2758 337 2840; x_wconf 87' lang='grc' dir='ltr'>ἠγάγετο</span> <span class='ocrx_word' id='word_1_174' title='bbox 353 2766 425 2840; x_wconf 84' lang='grc' dir='ltr'>πρὸς</span> <span class='ocrx_word' id='word_1_175' title='bbox 442 2759 564 2838; x_wconf 82' lang='grc' dir='ltr'>δώμαθ’·</span> <span class='ocrx_word' id='word_1_176' title='bbox 597 2761 614 2822; x_wconf 86' lang='grc' dir='ltr'>ὁ</span> <span class='ocrx_word' id='word_1_177' title='bbox 629 2759 655 2822; x_wconf 89' lang='grc' dir='ltr'>δ’</span> <span class='ocrx_word' id='word_1_178' title='bbox 670 2759 776 2822; x_wconf 89' lang='grc' dir='ltr'>άλλων</span> <span class='ocrx_word' id='word_1_179' title='bbox 791 2761 871 2824; x_wconf 85' lang='grc' dir='ltr'>ίκετο</span> <span class='ocrx_word' id='word_1_180' title='bbox 887 2761 988 2837; x_wconf 79' lang='grc' dir='ltr'>δῆμον,</span> 
     </span>
     <span class='ocr_line' id='line_1_25' title="bbox 203 2861 1027 2947; baseline 0.002 -22"><span class='ocrx_word' id='word_1_181' title='bbox 203 2861 315 2945; x_wconf 74' lang='grc' dir='ltr'>Ἀργος</span> <span class='ocrx_word' id='word_1_182' title='bbox 330 2867 361 2931; x_wconf 89' lang='grc' dir='ltr'>ἔς</span> <span class='ocrx_word' id='word_1_183' title='bbox 378 2867 558 2944; x_wconf 80' lang='grc' dir='ltr'>ἱππόβοτον·</span> <span class='ocrx_word' id='word_1_184' title='bbox 582 2867 649 2929; x_wconf 90' lang='grc' dir='ltr'>τόθι</span> <span class='ocrx_word' id='word_1_185' title='bbox 663 2865 721 2947; x_wconf 92' lang='grc' dir='ltr'>γάρ</span> <span class='ocrx_word' id='word_1_186' title='bbox 738 2865 772 2928; x_wconf 91' lang='grc' dir='ltr'>νύ</span> <span class='ocrx_word' id='word_1_187' title='bbox 788 2866 817 2926; x_wconf 84' lang='grc' dir='ltr'>οἱ</span> <span class='ocrx_word' id='word_1_188' title='bbox 835 2867 958 2941; x_wconf 82' lang='grc' dir='ltr'>αἴσιμον</span> <span class='ocrx_word' id='word_1_189' title='bbox 974 2863 1027 2943; x_wconf 80' lang='grc' dir='ltr'>ήευ</span> 
     </span>
     <span class='ocr_line' id='line_1_26' title="bbox 207 2967 929 3049; baseline -0.001 -19"><span class='ocrx_word' id='word_1_190' title='bbox 207 2969 359 3046; x_wconf 89' lang='grc' dir='ltr'>ναιέμεναι</span> <span class='ocrx_word' id='word_1_191' title='bbox 374 2973 540 3032; x_wconf 87' lang='grc' dir='ltr'>πολλοῖσιν</span> <span class='ocrx_word' id='word_1_192' title='bbox 556 2968 720 3032; x_wconf 85' lang='grc' dir='ltr'>ἀνάσσοντ’</span> <span class='ocrx_word' id='word_1_193' title='bbox 735 2967 929 3049; x_wconf 89' lang='grc' dir='ltr'>Ἀργείοισιν.</span> 
     </span>
    </p>

    <p class='ocr_par' dir='ltr' id='par_1_8' title="bbox 206 3071 1012 3360">
     <span class='ocr_line' id='line_1_27' title="bbox 207 3071 993 3154; baseline 0 -20"><span class='ocrx_word' id='word_1_194' title='bbox 207 3072 279 3134; x_wconf 89' lang='grc' dir='ltr'>ἔνθα</span> <span class='ocrx_word' id='word_1_195' title='bbox 294 3073 319 3137; x_wconf 85' lang='grc' dir='ltr'>δ’</span> <span class='ocrx_word' id='word_1_196' title='bbox 335 3072 427 3154; x_wconf 90' lang='grc' dir='ltr'>ἔγημε</span> <span class='ocrx_word' id='word_1_197' title='bbox 442 3076 567 3154; x_wconf 83' lang='grc' dir='ltr'>γυναῖκα</span> <span class='ocrx_word' id='word_1_198' title='bbox 583 3073 632 3136; x_wconf 86' lang='grc' dir='ltr'>καὶ</span> <span class='ocrx_word' id='word_1_199' title='bbox 648 3073 801 3152; x_wconf 75' lang='grc' dir='ltr'>ὑψερεφὲς</span> <span class='ocrx_word' id='word_1_200' title='bbox 818 3071 887 3135; x_wconf 89' lang='grc' dir='ltr'>θέτο</span> <span class='ocrx_word' id='word_1_201' title='bbox 903 3076 993 3148; x_wconf 77' lang='grc' dir='ltr'>δῶμα,</span> 
     </span>
     <span class='ocr_line' id='line_1_28' title="bbox 206 3173 1012 3256; baseline 0.002 -19"><span class='ocrx_word' id='word_1_202' title='bbox 206 3175 326 3256; x_wconf 89' lang='grc' dir='ltr'>γείνατο</span> <span class='ocrx_word' id='word_1_203' title='bbox 342 3176 366 3239; x_wconf 87' lang='grc' dir='ltr'>δ’</span> <span class='ocrx_word' id='word_1_204' title='bbox 382 3174 568 3256; x_wconf 89' lang='grc' dir='ltr'>Ἀντιφάτην</span> <span class='ocrx_word' id='word_1_205' title='bbox 584 3173 632 3239; x_wconf 84' lang='grc' dir='ltr'>καὶ</span> <span class='ocrx_word' id='word_1_206' title='bbox 648 3174 795 3254; x_wconf 90' lang='grc' dir='ltr'>Μάντιον,</span> <span class='ocrx_word' id='word_1_207' title='bbox 810 3177 857 3238; x_wconf 84' lang='grc' dir='ltr'>υίε</span> <span class='ocrx_word' id='word_1_208' title='bbox 873 3175 1012 3256; x_wconf 80' lang='grc' dir='ltr'>κραταιώ.</span> 
     </span>
     <span class='ocr_line' id='line_1_29' title="bbox 207 3277 930 3360; baseline 0.001 -20"><span class='ocrx_word' id='word_1_209' title='bbox 207 3277 389 3360; x_wconf 88' lang='grc' dir='ltr'>Ἀντιφάτης</span> <span class='ocrx_word' id='word_1_210' title='bbox 403 3283 460 3360; x_wconf 80' lang='grc' dir='ltr'>μὲν</span> <span class='ocrx_word' id='word_1_211' title='bbox 475 3280 589 3343; x_wconf 89' lang='grc' dir='ltr'>ἔτικτεν</span> <span class='ocrx_word' id='word_1_212' title='bbox 604 3279 734 3357; x_wconf 83' lang='grc' dir='ltr'>Ὀϊκλῆα</span> <span class='ocrx_word' id='word_1_213' title='bbox 747 3277 930 3360; x_wconf 82' lang='grc' dir='ltr'>μεγάθυμον,</span> 
     </span>
    </p>

    <p class='ocr_par' dir='ltr' id='par_1_9' title="bbox 208 3380 854 3463">
     <span class='ocr_line' id='line_1_30' title="bbox 208 3380 854 3463; baseline 0 -17"><span class='ocrx_word' id='word_1_214' title='bbox 208 3380 298 3462; x_wconf 80' lang='grc' dir='ltr'>αὐτὰρ</span> <span class='ocrx_word' id='word_1_215' title='bbox 314 3383 466 3462; x_wconf 86' lang='grc' dir='ltr'>Ὀϊκλείης</span> <span class='ocrx_word' id='word_1_216' title='bbox 481 3384 638 3446; x_wconf 92' lang='grc' dir='ltr'>λαοσσόον</span> <span class='ocrx_word' id='word_1_217' title='bbox 653 3382 854 3463; x_wconf 89' lang='grc' dir='ltr'>Ἀμφιάραον,</span> 
     </span>
    </p>

    <p class='ocr_par' dir='ltr' id='par_1_10' title="bbox 207 3484 1040 3670">
     <span class='ocr_line' id='line_1_31' title="bbox 208 3484 1040 3568; baseline 0.002 -20"><span class='ocrx_word' id='word_1_218' title='bbox 208 3484 243 3548; x_wconf 88' lang='grc' dir='ltr'>δν</span> <span class='ocrx_word' id='word_1_219' title='bbox 258 3486 326 3566; x_wconf 88' lang='grc' dir='ltr'>περὶ</span> <span class='ocrx_word' id='word_1_220' title='bbox 343 3488 406 3565; x_wconf 85' lang='grc' dir='ltr'>κῆρι</span> <span class='ocrx_word' id='word_1_221' title='bbox 424 3488 511 3566; x_wconf 91' lang='grc' dir='ltr'>φίλει</span> <span class='ocrx_word' id='word_1_222' title='bbox 527 3486 602 3553; x_wconf 93' lang='grc' dir='ltr'>Ζεύς</span> <span class='ocrx_word' id='word_1_223' title='bbox 617 3485 643 3548; x_wconf 87' lang='grc' dir='ltr'>τ’</span> <span class='ocrx_word' id='word_1_224' title='bbox 659 3487 796 3568; x_wconf 77' lang='grc' dir='ltr'>αἰγίοχος</span> <span class='ocrx_word' id='word_1_225' title='bbox 812 3487 861 3548; x_wconf 84' lang='grc' dir='ltr'>καὶ</span> <span class='ocrx_word' id='word_1_226' title='bbox 876 3484 1040 3550; x_wconf 91' lang='grc' dir='ltr'>Ἀπόλλων</span> 
     </span>
     <span class='ocr_line' id='line_1_32' title="bbox 207 3587 942 3670; baseline 0 -16"><span class='ocrx_word' id='word_1_227' title='bbox 207 3589 352 3666; x_wconf 89' lang='grc' dir='ltr'>παντοίην</span> <span class='ocrx_word' id='word_1_228' title='bbox 371 3589 523 3669; x_wconf 85' lang='grc' dir='ltr'>φιλότητ’·</span> <span class='ocrx_word' id='word_1_229' title='bbox 547 3588 607 3652; x_wconf 81' lang='grc' dir='ltr'>οὐδ’</span> <span class='ocrx_word' id='word_1_230' title='bbox 623 3590 703 3652; x_wconf 81' lang='grc' dir='ltr'>ἵκετο</span> <span class='ocrx_word' id='word_1_231' title='bbox 719 3587 832 3670; x_wconf 89' lang='grc' dir='ltr'>γήραος</span> <span class='ocrx_word' id='word_1_232' title='bbox 846 3589 942 3667; x_wconf 86' lang='grc' dir='ltr'>ούδόν,</span> 
     </span>
    </p>

    <p class='ocr_par' dir='ltr' id='par_1_11' title="bbox 208 3691 958 3779">
     <span class='ocr_line' id='line_1_33' title="bbox 208 3691 958 3779; baseline 0 -23"><span class='ocrx_word' id='word_1_233' title='bbox 208 3692 278 3778; x_wconf 85' lang='grc' dir='ltr'>ἀλλ’</span> <span class='ocrx_word' id='word_1_234' title='bbox 294 3692 375 3756; x_wconf 87' lang='grc' dir='ltr'>ὄλετ’</span> <span class='ocrx_word' id='word_1_235' title='bbox 390 3694 425 3756; x_wconf 84' lang='grc' dir='ltr'>ἐν</span> <span class='ocrx_word' id='word_1_236' title='bbox 441 3691 569 3779; x_wconf 81' lang='grc' dir='ltr'>Θήβησι</span> <span class='ocrx_word' id='word_1_237' title='bbox 583 3691 717 3776; x_wconf 86' lang='grc' dir='ltr'>γυναίων</span> <span class='ocrx_word' id='word_1_238' title='bbox 732 3693 831 3756; x_wconf 86' lang='grc' dir='ltr'>εἵνεκα</span> <span class='ocrx_word' id='word_1_239' title='bbox 847 3693 958 3774; x_wconf 86' lang='grc' dir='ltr'>δάρων.</span> 
     </span>
    </p>
   </div>
   <div class='ocr_carea' id='block_1_5' title="bbox 0 0 1431 4234">
    <p class='ocr_par' dir='ltr' id='par_1_12' title="bbox 0 0 1431 4234">
     <span class='ocr_line' id='line_1_34' title="bbox 0 0 1431 4234; baseline 0 0"><span class='ocrx_word' id='word_1_240' title='bbox 0 0 1431 4234; x_wconf 95' lang='lat' dir='ltr'> </span> 
     </span>
    </p>
   </div>
  </div>
 </body>
</html>
