2746 4228
497 342 528 403 4·
553 327 723 388 ιΛιΑΔοΣ
748 330 785 388 α

175 493 255 574 ζῶμά
270 520 304 560 τε
319 496 368 560 καὶ
382 497 500 577 μίτρην,
516 495 571 575 τὴν
584 499 720 579 χαλκῆες
735 493 830 576 κάμον
845 495 959 578 ἄνδρες.

174 597 265 678 αὐτὰρ
282 599 347 662 ἐπεὶ
361 600 426 662 ῖδεν
441 597 539 671 ἔλκος,
555 595 603 662 ὅθ’
619 598 734 677 ἔμπεσε
748 598 854 680 πικρὸς
866 599 981 670 ὀϊστός,

174 701 235 782 αἷμ’
251 699 419 781 ἐκμυζήσας
435 699 484 765 ἐπ’
500 698 548 783 ἄρ’
562 700 638 779 ἤπια
653 699 797 782 φάρμακα
813 702 899 767 είδιδς

174 803 288 880 πάσσε,
303 802 340 866 τά
354 806 386 869 οἵ
400 829 475 868 ποτε
490 806 580 886 πατρὶ
596 805 676 886 φίλα
691 802 828 886 φρονέων
843 807 917 885 πόρε
931 805 1059 886 Χείρων.

213 907 320 989 Ὄφρσ
334 908 381 972 τοὶ
396 906 607 988 ἀμφεπένοντο
622 907 703 987 βοὴν
719 906 833 990 άγαθδν
849 906 1019 980 Μενέλαον,
1071 935 1117 968 ιιο

174 1013 273 1093 τόφρα
289 1007 315 1075 δ’
331 1012 382 1074 ἐπὶ
393 1011 509 1091 Τρόων
524 1010 630 1093 στίχες
645 1007 759 1088 ἤλυθον
774 1009 962 1075 ἀσπιστάων·

175 1117 203 1179 σῖ
218 1114 245 1178 δ’
263 1113 346 1180 αὖτις
361 1113 437 1178 κατὰ
451 1112 548 1196 τεύχε’
565 1114 642 1187 ἔδυν,
658 1111 813 1194 μνήσαντο
828 1115 861 1177 δέ
875 1111 999 1197 χάρμης.

214 1215 301 1280 Ἔνθ’
317 1216 368 1280 οὐκ
384 1215 421 1282 δν
435 1217 580 1297 βρίζοντα
601 1219 677 1282 ἴδοις
694 1213 902 1298 Ἀγαμέμνονα
917 1221 990 1290 δῖον,

175 1321 242 1384 σιἰδέ
258 1317 515 1393 καταπτώσσοντ’,
533 1316 594 1383 οὐδ’
610 1319 662 1383 οὐκ
678 1319 824 1384 ἐθέλοντα
837 1319 999 1404 μάχεσθαι,

175 1425 257 1488 άλλδ
270 1423 355 1504 μάλα
370 1423 539 1488 σπεύδοντα
553 1421 655 1506 μάχην
670 1425 702 1490 ἐς
716 1423 913 1504 κυδιάνειραν.
1072 1451 1116 1499 225

175 1531 284 1594 ἵππους
298 1528 354 1607 μὲν
368 1532 427 1609 γδρ
446 1526 520 1591 ἐσσε
535 1527 585 1591 καὶ
600 1526 718 1608 ἅρματα
732 1529 859 1591 ποικίλα
873 1529 989 1614 χαλκῷ·

176 1631 224 1695 καὶ
240 1631 309 1696 τοὺς
323 1631 379 1710 μέν
394 1614 533 1711 θεράπων
549 1627 692 1693 ἀπάνευθ’
708 1629 762 1713 ἔχε
776 1631 969 1712 φυσιόωντας

175 1731 360 1815 Εὐρυμέδων,
378 1732 441 1798 νῖδς
457 1733 649 1812 Πτολεμαίου
665 1731 840 1816 Πειραΐδαο·

174 1839 215 1921 τῷ
230 1834 313 1915 μάλα
328 1832 421 1898 πόλλ’
437 1834 584 1899 ἐπέτελλε
599 1834 797 1918 παρισχέμεν,
814 1837 929 1901 ὁππότε
947 1837 999 1901 κέν
1013 1863 1065 1918 μιν

174 1944 243 2023 γυῖα
257 1937 343 2025 λάβῃ
359 1938 497 2017 κάματος,
512 1936 627 2004 πολέας
642 1941 693 2001 διδ
708 1938 910 2020 κοιρανέοντα·
1070 1967 1082 2002 ι
1087 1967 1118 2015 30

175 2044 266 2124 αὐτὰρ
282 2044 299 2106 ὁ
313 2041 404 2121 πεζὸς
418 2042 477 2106 ἐὼν
492 2044 678 2106 ἐπεπωλεῖτο
695 2041 803 2123 στίχας
818 2043 942 2120 ἀνδρῶν·

176 2145 230 2216 καὶ,
237 2146 264 2228 ῥ’
280 2144 331 2211 οδς
345 2147 401 2225 μέν
416 2143 601 2210 σπεύδοντας
615 2145 675 2208 ἴδοι
692 2149 821 2208 Δαναῶν
835 2147 1031 2226 ταχνπόλων,

176 2233 243 2315 τόὺς
256 2247 340 2328 μάλα
356 2247 542 2328 θαρσύνεσκε
556 2245 779 2328 παριστάμενος
795 2246 950 2313 ἐπέεσσιν·

177 2352 347 2434 “Ἀργεῖοι,
361 2348 402 2430 μή
418 2350 465 2412 τό
481 2374 509 2412 τι
524 2349 643 2430 μεθίετε
659 2349 794 2431 θούριδος
809 2351 913 2428 άλκῆς·

176 2457 281 2539 οὐγὰρ
298 2455 348 2519 ἐπὶ
362 2452 515 2535 ψευδέσσι
531 2452 721 2533 πατὴρ·Ζῶς
737 2453 838 2518 ἔσσετ’
856 2455 981 2538 ἀρωγός,
1071 2481 1118 2531 ²35

176 2559 246 2628 ὀλλ’
262 2560 294 2622 οῖ
307 2583 363 2640 περ
379 2557 519 2638 πρότεροι
534 2557 608 2637 ὑπὲρ
624 2556 712 2637 ὅρκια
726 2554 911 2635 δηλήσαντο,

175 2670 236 2730 τῶν
251 2663 269 2742 ή
284 2687 331 2725 τοι
347 2660 444 2725 αὐτῶν
459 2658 565 2741 τέρενα
578 2660 658 2742 χρόα
672 2665 765 2742 γῦπες
781 2659 910 2733 ἔδονται,

174 2767 261 2847 ἡμεῖς
275 2762 338 2828 οὔτ’
355 2763 488 2845 ἀλόχους
502 2787 536 2826 τε
551 2763 646 2843 φίλας
662 2765 712 2827 καὶ
727 2761 820 2842 νήπια
835 2761 924 2827 τέκνα

175 2867 289 2948 άξομεν
304 2869 338 2932 ἐν
353 2865 491 2946 νήεσσιν,
507 2865 585 2945 ἐπὴν
600 2866 781 2948 πτολίεθρον
797 2863 944 2946 ἔλωμευ.”

219 2972 281 3038 Ούς
296 2993 379 3037 τινας
395 2969 431 3032 αδ
445 2967 602 3048 μεθιέντας
616 2971 676 3034 ίδοι
692 2974 838 3051 στυγεροῦ
855 2968 1012 3048 πολέμοιο,
1072 2995 1120 3044 240

176 3073 245 3140 τοὺς
259 3072 343 3154 μάλα
359 3071 523 3137 νεικείεσκε
537 3075 723 3155 χολωτοῖσιν
739 3069 893 3136 ἐπέεσσιν·

177 3178 338 3260 “Ἀργεῖοι
355 3176 489 3256 ἰόμωροι,
506 3173 658 3257 ἐλεγχέες,
674 3174 710 3237 οὔ
725 3199 760 3239 νυ
775 3173 933 3256 σέβεσθε,·

177 3279 259 3360 τίφθ’
277 3281 370 3346 ούτως
382 3279 491 3357 ἔστητε
507 3277 669 3358 τεθηπότες
683 3273 755 3356 ἠύτε
771 3279 888 3360 νεβροί,

177 3385 212 3447 αῖ
224 3382 249 3445 τ’
267 3384 334 3448 ἐπεὶ
350 3382 402 3447 οὖν
417 3382 530 3460 ἔκαμον
545 3381 657 3448 πολέος
672 3381 788 3444 πεδίοιο
804 3379 938 3461 θέουσαι,

177 3484 294 3562 ἔστᾶσ’,
310 3485 372 3550 οὐδ’
388 3485 447 3567 άρα
462 3487 507 3551 τίς
522 3492 581 3566 σφι
596 3486 671 3560 μετὰ
686 3484 780 3565 φρεσὶ
794 3485 928 3566 γίγνεται
944 3481 1031 3563 άλκή·
1072 3509 1119 3560 ²45

178 3591 218 3656 ὣς
231 3591 315 3669 ὑμεῖς
330 3591 441 3667 ἔστητε
455 3589 628 3667 τεθηπότες,
645 3587 713 3652 ούδέ
728 3585 875 3669 μάχεσθε.

178 3691 198 3772 ἦ
211 3691 319 3772 μένετε
334 3698 440 3773 Τρῶας
456 3691 570 3776 σχεδὸν
585 3688 722 3768 ἐλθέμεν,
739 3692 812 3755 ἔνθα
826 3717 859 3755 τε
875 3695 943 3770 νῆες
