2760 4232
277 373 341 437 990
676 353 824 417 TMNOI.

277 527 365 608 έρχεο
379 524 458 590 τόνδ’
476 526 534 590 άνδ
548 526 640 602 οἶκον,
656 526 784 609 ἐπέρχεο
799 532 893 606 θυμὸν
907 526 1022 609 ἔχουσα

276 629 332 694 σὺν
348 626 400 692 Διὶ
415 633 576 709 μητιόεντι·
599 630 688 714 χάριν
704 627 729 693 δ’
744 628 793 709 ἄρ’
809 631 950 694 ὄπασσον
967 631 1063 716 ἀοιδῇ.
1211 662 1226 710 5

682 993 814 1068 XXV.

454 1217 515 1298 Εἰς
541 1218 699 1297 Μούσας
725 1216 786 1292 καί
811 1213 1035 1292 Ἀπόλλωνα.

284 1413 285 1418 “
319 1386 472 1452 Μουσάων
486 1385 623 1470 ἄρχωμαι
637 1385 837 1452 Ἀπόλλωνός
852 1411 885 1450 τε
901 1387 975 1452 Διός
989 1407 1030 1450 τε·

273 1493 306 1555 ἐκ
323 1490 381 1572 γὰρ
397 1489 552 1576 Μουσάων
567 1487 616 1554 καὶ
632 1491 782 1567 ἑκηβόλου
796 1487 994 1555 ’Λπόλλωνος

274 1594 379 1674 ἄνδρες
395 1591 489 1657 ἀοιδοὶ
506 1593 592 1658 ἔασιν
607 1591 656 1657 ἐπὶ
671 1593 759 1675 χθονὶ
775 1595 824 1657 καὶ
840 1594 1018 1674 κιθαρισταί,

276 1699 307 1758 ἐκ
324 1697 357 1760 δὲ
374 1702 447 1763 Διὸς
461 1699 620 1778 βασιλῆες·
645 1699 661 1759 ό
677 1695 702 1760 δ’
719 1698 835 1779 ὄλβιος,
851 1699 969 1760 ὅντινα
984 1701 1107 1760 Μοῦσαι

275 1800 433 1880 φίλωνται·
457 1799 586 1882 γλυκερή
602 1802 631 1863 οἱ
647 1801 707 1864 άπδ
722 1799 872 1881 στόματος
886 1801 948 1885 ῥέει
963 1799 1047 1878 αύδή.
1206 1829 1220 1874 5

319 1906 454 1985 Χαίρετε,
469 1905 557 1976 τέκνα
574 1904 657 1979 Διός,
674 1905 722 1968 καὶ
738 1905 812 1983 ἐμὴν
827 1902 964 1984 τιμήσατ’
979 1902 1093 1982 ἄοιδήν·

274 2007 366 2088 αὐτὰρ
381 2008 458 2090 ἐρὼν
472 2009 570 2088 ὑμέων
585 2033 618 2072 τε
634 2007 682 2070 καὶ
698 2007 796 2088 ἄλλης
811 2007 941 2088 μνήσομ’
958 2009 1068 2086 ἀοιδῆς.

533 2448 535 2454 -
671 2403 826 2481 XXVI.

606 2599 668 2679 Εἷς
692 2598 885 2672 Διόνυσον.

317 2783 515 2865 Κισσοκόμην
531 2786 682 2847 Διόνυσον
697 2782 858 2863 ἐρίβρομον
873 2780 979 2867 ἄρχομ’
996 2785 1113 2864 ἀείδειν,

274 2885 370 2963 Ζηνὸς
386 2887 434 2950 καὶ
451 2886 586 2965 Σεμέλης
602 2885 750 2968 ἐρικυδέος
766 2886 882 2967 ἀγλαὸν
896 2887 972 2962 υἱόν,

273 2987 308 3052 δν
322 2990 435 3072 τρέφον
450 2989 573 3070 ἠύκομοι
588 2988 703 3070 νύμφαι
717 2992 799 3071 παρὰ
814 2996 924 3072 πατρὸς
939 2991 1066 3056 ἄνακτος

272 3092 432 3173 δεξάμεναι
447 3095 590 3157 κόλποισι
606 3093 655 3156 καὶ
671 3093 813 3159 ἐνδυκέως
828 3095 993 3159 ἀτίταλλον

273 3197 378 3277 Νύσης
393 3199 426 3263 ἐν
440 3193 572 3276 γυάλοις·
597 3198 613 3259 ἄ
632 3196 656 3258 δ’
674 3193 779 3274 ἀέξετο
795 3197 906 3280 πατρὸς
921 3198 1003 3277 έκητι
1202 3226 1216 3274 5

271 3299 367 3386 ἄντρῳ
385 3302 416 3366 ἐν
432 3298 532 3363 εύόδει
547 3300 738 3379 μεταρίθμιος
753 3301 961 3390 ἀθανάτοισιν,

272 3404 364 3486 αὐτὰρ
379 3403 443 3466 ἐπεὶ
458 3402 493 3482 δή
513 3404 599 3468 τόνδε
614 3400 679 3466 θεαὶ
694 3387 867 3484 πολύυμνον
883 3405 1025 3486 ἔθρεψαν,

272 3506 308 3586 δή
323 3508 391 3570 τότε
406 3507 578 3587 φοιτίζεσκε
593 3503 658 3570 καθ’
672 3506 818 3586 ὑλήεντας
834 3509 985 3584 ἐναύλους,

302 3679 397 3729 XXIV.
416 3697 432 3742 4
449 3679 593 3738 εὐμενέουσα
612 3681 783 3732 Schneidewin
803 3698 849 3746 pro
865 3680 939 3743 θυμόν
955 3681 1063 3748 έχουοα;
1081 3699 1113 3732 an
1125 3685 1216 3736 excidit

269 3759 370 3805 versus?
468 3755 551 3805 XXV.
573 3773 582 3807 1
600 3757 703 3820 ἄρχομαι
715 3760 804 3819 codd.;
823 3776 885 3810 corr.
898 3760 985 3825 Steph.
