2738 4226
249 356 308 423 182
579 375 608 441 9.
632 360 803 421 ΙΛΙΑΔΟΣ
826 362 850 420 Ι.

243 527 346 607 νηλής·
370 528 418 591 καὶ
432 525 489 607 μέν
504 527 550 594 τίς
564 551 597 596 τε
617 524 812 610 κασιγνήτοιο
829 529 943 608 φονῆος

243 629 383 713 ποινῆνή
400 633 435 696 οὗ
450 631 557 698 παιδδς
572 629 695 716 ἐδέξατο
711 635 887 710 τεθνηῶτος·
958 683 963 690 ,

243 735 294 800 καί
305 736 337 819 ῤ’
352 738 369 799 δ
383 737 438 816 μὲν
453 738 487 799 έν
501 733 583 820 δήμῳ
597 718 685 814 μένει
697 735 788 799 αὐτοῦ
802 731 895 798 πόλλ’
911 734 1067 811 ἀποτίσας,

242 843 294 902 τοΰ
309 835 342 903 δέ
356 838 381 901 τ’
397 839 550 920 ἔρηττίεται
567 838 669 919 κραδίη
687 839 736 904 καί
752 837 843 917 θυμὸς
860 835 977 920 ἀγήνωρ
1134 851 1184 915 ⁶35

242 943 350 1022 ποινὴν
364 939 526 1028 δεξαμένῳ·
551 942 601 1005 σαὶ
616 942 642 1008 δ’
657 941 814 1021 άλληκτόν
827 968 861 1007 τε
877 943 968 1008 κακόν
983 967 1017 1007 τε

242 1045 333 1126 θυμὸν
348 1045 394 1109 ἑνὶ
410 1043 560 1124 στήθεσσι
575 1044 640 1108 θεοὶ
655 1041 750 1117 θέσαν
766 1047 865 1112 εἵνεκα
880 1044 986 1126 κούρης

242 1152 315 1228 οἴης·
338 1154 390 1214 νῦν
405 1145 438 1211 δέ
454 1173 501 1211 τοι
517 1149 593 1212 έπτδ
608 1148 800 1231 παρίσχομεν
815 1147 899 1238 ἔξοχ’
914 1150 1048 1230 ἀρίστας,

241 1256 323 1317 ἀλλα
337 1277 371 1318 τε
385 1250 478 1317 πόλλ’
493 1252 544 1316 ἐπὶ
559 1253 640 1337 τῇσι·
665 1250 704 1314 σδ
718 1251 744 1316 δ’
760 1252 849 1317 ἵλαον
864 1253 950 1320 ἔνθεο
964 1253 1066 1332 θυμόν,

240 1361 381 1422 αἴδεσσαι
397 1357 429 1419 δὲ
443 1353 603 1435 μέλαθρον·
628 1355 797 1436 ὑπωρόφιοι
811 1354 845 1420 δέ
860 1356 909 1419 τοί
923 1358 1005 1435 είμεν
1135 1368 1186 1428 διο

240 1458 373 1537 πληθύος
388 1459 422 1521 ἔκ
438 1462 576 1530 Δαναῶν,
591 1456 726 1538 μέμαμεν
740 1456 774 1521 δέ
789 1483 837 1522 τοι
853 1457 962 1541 ἔξοχον
977 1459 1080 1523 ἀλλων

240 1559 378 1640 κήδιστοί
390 1558 418 1623 τ’
436 1560 539 1639 ἔμεναι
554 1560 603 1624 καὶ
619 1562 770 1642 φίλτατοι,
786 1562 879 1625 ὅσσοι
892 1559 1044 1644 Ἀχαιοί.”

281 1663 343 1728 Τδν
359 1663 385 1727 δ’
401 1663 643 1743 ἀπαμειβόμενος
658 1663 799 1746 προσέφη
815 1665 909 1731 πόδας
925 1664 1000 1731 ῶκδς
1010 1663 1182 1748 Ἀχιλλεύς·

240 1774 258 1803 “
269 1766 346 1833 Αἶαν
360 1767 493 1848 διογενές
507 1766 692 1845 Τελαμῶνιε,
713 1767 832 1849 κοίρανε
846 1773 940 1840 λαῶν,

238 1869 337 1934 πάντα
352 1869 382 1933 τί
395 1893 446 1947 μοι
462 1871 538 1932 κατά
553 1868 646 1949 θυμδν
660 1869 764 1934 έείσαα
778 1869 983 1950 μυθήσασθαι·
1136 1886 1185 1946 ⁰45

238 1971 321 2038 ἀλλά
333 1998 385 2051 μοι
400 1969 549 2036 οἰδάνεται
565 1973 668 2054 κραδίη
682 1973 778 2056 χόλῳ,
795 1974 909 2038 ὁππότε
926 1974 1032 2038 κείνων

236 2073 399 2154 μνήσομαι,
415 2075 455 2141 ῶς
468 2074 500 2154 μ’
515 2074 677 2156 ἀσύφηλον
694 2075 728 2140 έν
742 2074 931 2156 Ἀργείοισιν
947 2073 1048 2156 ἔρεξεν

239 2176 401 2259 Ἀτρείδης,
417 2177 455 2244 ῶς
472 2179 501 2242 εί
513 2176 569 2243 τιν’
585 2177 729 2257 ἀτίμητον
746 2176 946 2257 μετανάστην.

238 2278 307 2344 ἀλλ’
323 2282 406 2359 ὑμεῖς
422 2281 551 2364 ἔρχεσθε
566 2281 615 2344 καὶ
631 2278 778 2362 ἀγγελίην
794 2279 969 2361 ἀπόφασθε·
984 2349 988 2356 f

238 2379 272 2443 οὗ
286 2383 344 2463 γδρ
358 2383 428 2463 πρὶν
443 2381 591 2462 πολέμοιο
605 2381 775 2462 μεδήσομαι
791 2383 995 2461 αἱματόεντος,
1133 2398 1184 2460 650

237 2482 308 2562 πρίν
322 2481 352 2565 γ’
367 2484 432 2549 υἱὸν
450 2483 600 2567 Πριάμοιο
615 2484 786 2567 δαΐφρονος,
799 2484 933 2567 Ἕκτορα
948 2489 1022 2559 δῖον,

238 2587 437 2666 Μυρμιδόνων
452 2588 504 2652 ἔπί
517 2614 551 2654 τε
566 2589 686 2655 κλισίας
702 2587 751 2653 καὶ
766 2591 839 2667 νῆας
855 2586 975 2651 ἱκέσθαι

238 2688 379 2756 κτείνοντ’
393 2689 557 2774 Ἀργείους,
575 2689 650 2756 κατά
664 2716 697 2756 τε
713 2689 823 2771 σμῦξαι
838 2691 907 2770 πυρὶ
923 2693 1005 2768 νῆας.

237 2793 316 2874 ἀμφὶ
331 2791 365 2857 δέ
379 2817 427 2857 τοι
441 2796 476 2880 τῇ
492 2795 547 2881 ἐμῇ
565 2795 669 2881 κλισίῃ
684 2797 733 2859 καὶ
749 2794 799 2873 νηί
812 2793 939 2878 μελαίνῃ

233 2895 365 2977 Ἕκτορα
380 2896 429 2960 καὶ
443 2901 586 2977 μεμαῶτα
599 2894 699 2980 μάχης
715 2893 889 2979 σχήσεσθαι
905 2893 986 2960 όίω.”
1014 2951 1018 2959 .
1133 2911 1182 2975 ⁶⁵⁵

273 2997 337 3065 Ὣς
354 2996 455 3080 ἔφαθ’,
471 3000 501 3062 οῑ
517 3000 550 3062 δέ
566 2999 694 3066 ἕκαστος
708 2999 788 3064 ἔλδν
805 2997 898 3065 δέπας
913 2996 1146 3080 ἀμφικύπελλον

237 3104 420 3168 σπείσαντες
435 3100 515 3183 παρὰ
531 3104 602 3179 νῆας
615 3102 688 3166 ίσαν
703 3099 806 3165 πάλιν·
829 3101 905 3184 ἦρχε
919 3099 946 3165 δ’
962 3098 1138 3168 Ὀδυσσεύς.

237 3202 414 3286 Πάτροκλος
429 3202 456 3268 δ’
473 3202 626 3286 ἑτάροισιν
642 3205 686 3267 ίδὲ
701 3206 819 3291 δμωῇσι
834 3202 962 3268 κέλευσε

237 3309 356 3373 Φοίνικι
371 3305 516 3389 στορέσαι
531 3306 654 3371 πυκινὸν
668 3304 762 3390 λέχος
777 3308 841 3371 ὄττι
855 3304 997 3388 τάχιστα.

237 3411 270 3474 αἱ
284 3407 310 3474 δ’
327 3410 552 3489 ἐπιπειθόμεναι
571 3409 721 3490 πάρεσαν
734 3405 828 3490 λέχος
844 3407 884 3474 ὥς
899 3405 1049 3487 ἐκέλευσε,
1134 3420 1182 3472 660

238 3510 316 3578 κόεά
330 3537 364 3577 τε
376 3513 469 3595 ῥῆγός
483 3537 516 3577 τε
530 3511 629 3575 λίνοιό
643 3536 677 3575 τε
691 3510 805 3576 λεπτδν
817 3508 925 3573 άωτον.

239 3615 301 3682 ἔνθ’
317 3619 333 3681 ὀ
347 3616 444 3700 γέρων
459 3612 620 3680 κατέλεκτο
636 3615 685 3680 καὶ
702 3613 766 3677 Ἠῶ
782 3618 850 3677 δῖαν
866 3613 997 3693 ἔμιμνεν.

239 3720 330 3803 αὐτὰρ
346 3718 508 3804 Ἀχιλλεὺς
523 3719 589 3784 εὗδε
602 3718 688 3803 μυχῶ
706 3719 827 3796 κλισίης
842 3716 998 3799 εθτήκτου·
