2874 4234
531 351 563 412 6.
586 355 819 416 οατνναικν
845 358 878 418 z.
1120 359 1183 436 605

234 520 308 601 ἀνὴρ
323 521 376 600 ήδέ
394 522 477 603 γυνή·
501 522 593 587 πόλλ’
608 523 706 605 άλγεα
721 525 928 604 δυσμενέεσσι,

232 623 372 706 χάρματα
387 624 412 690 δ’
424 626 609 714 εὐμενέτῃσι·
632 626 767 709 μάλιστα
782 628 814 692 δέ
828 627 853 690 τ’
865 629 973 693 ἔκλυον
988 629 1102 694 αύτοί.”
1137 648 1182 707 185

277 733 340 793 Τὸν
355 727 381 792 δ’
396 730 433 792 αι’)
450 730 611 795 Ναυσικάα
626 733 813 798 λευκώλενος
828 733 932 796 ἀντίον
946 733 1029 812 ηύδα·

234 837 251 864 “
263 829 346 910 ξεῖν’,
363 832 428 897 ἐπεὶ
444 834 512 898 ούτε
528 833 608 918 κακῳ
622 834 683 898 οὔτ’
698 834 809 916 άφρονι
824 837 904 916 φωτὶ
919 837 1029 914 ἔοικας,

236 936 310 1001 Ζεὺς
329 935 353 999 δ’
368 937 455 1004 αὐτὸς
471 937 554 1017 νέμει
570 940 667 1018 ὄλβον
683 937 850 1017 Ὀλύμπιος
866 939 1078 1019 ἀνθρώποισιν,

235 1043 358 1106 ἐσθλοῖς
375 1042 426 1116 ἡδὲ
443 1049 589 1119 κακοῖσιν,
606 1045 687 1108 ὅπως
703 1044 856 1129 ἐθέλῃσιν,
872 1042 999 1128 ἑκάστῳ·

235 1145 287 1205 καί
299 1170 358 1208 που
374 1146 424 1208 σοὶ
439 1143 502 1209 τάδ’
521 1148 622 1223 ἔδωκε,
639 1149 676 1210 σὲ
692 1149 724 1208 δὲ
739 1146 796 1226 χρὴ
813 1144 960 1225 τετλάμεν
975 1147 1080 1225 ἔμπης.
1132 1177 1181 1228 190

235 1251 287 1310 νῦν
302 1245 336 1326 δ’,
352 1250 417 1313 ἐπεὶ
433 1249 578 1330 ἡμετέρην
594 1275 627 1314 τε
642 1249 733 1312 πόλιν
749 1247 798 1312 καὶ
812 1253 903 1331 γαῖαν
918 1249 1040 1328 ἱκάνεις,

236 1348 296 1412 οὔτ’
312 1351 365 1415 οὖν
380 1356 509 1431 ἐσθῆτος
523 1352 663 1431 δευήσεαι
682 1353 748 1417 ούτε
765 1377 816 1415 τεν
831 1351 939 1431 άλλου,

236 1457 278 1518 ὧν
292 1454 405 1537 ἐπέοιχ’
421 1456 522 1533 ίκέτην
537 1457 732 1536 ταλαπείριον
747 1455 939 1521 ἀντιάσαντα.

235 1560 312 1622 άστυ
327 1562 360 1625 δέ
374 1585 420 1623 τοι
435 1560 533 1638 δείξω,
550 1561 622 1643 ἐρέω
638 1560 671 1624 δέ
684 1586 729 1624 τοι
744 1561 856 1640 ούνομα
869 1568 964 1625 λαῶν.

238 1665 369 1741 Φαίηκες
384 1666 440 1744 μὲν
455 1664 543 1742 τήνδε
559 1666 651 1729 πόλιν
666 1666 716 1728 καὶ
732 1669 821 1747 γαῖαν
836 1665 970 1747 ἔχουσιν,
1133 1695 1181 1749 195

239 1766 299 1843 είμὶ
314 1765 340 1830 δ’
355 1768 414 1848 ἐγὼ
432 1768 562 1850 θυγάτηρ
576 1767 783 1851 μεγαλήτορος
797 1766 980 1846 Ἀλκινόοιο,

236 1875 290 1932 τοῦ
307 1869 331 1932 δ’
347 1872 380 1934 ἐκ
396 1871 538 1950 Φαιήκων
554 1874 656 1955 ἔχεται
673 1873 778 1952 κάρτος
793 1897 826 1935 τε
842 1875 897 1951 βίη
913 1871 976 1935 τε.”

276 1971 319 2035 Ἦ
334 1976 382 2054 ῥα,
400 1973 449 2038 καὶ
464 1977 688 2055 ἀμφιπόλοισιν
703 1974 922 2052 ἐϋπλοκάμοισι
938 1977 1073 2040 κέλευσε·

235 2082 253 2110 “
265 2077 359 2155 στῆτέ
374 2103 434 2159 μοι,
451 2079 630 2156 ἀμφίπολοι·
651 2079 730 2141 πόσε
745 2079 874 2159 φεύγετε
890 2085 977 2159 φῶτα
993 2082 1110 2144 ἰδοῦσαι
1125 2108 1136 2154 ,·

238 2179 257 2257 ή
270 2178 311 2259 μή
328 2186 385 2243 πού
400 2207 466 2244 τινα
482 2181 652 2260 δυσμενέων
669 2181 764 2262 φάσθ’
780 2183 905 2261 ἔμμεναι
919 2183 1035 2263 ἀνδρῶν
1049 2210 1060 2258 ,·
1132 2215 1181 2250 200

236 2285 287 2346 οὐκ
304 2284 368 2346 ἔσθ’
385 2285 471 2350 οὗτος
486 2284 561 2366 ἀνήρ
576 2290 672 2365 διερὸς
686 2291 797 2365 βροτὸς
812 2285 878 2348 οὐδὲ
893 2285 1024 2367 γένηται,

237 2390 270 2453 ός
285 2414 336 2452 κεν
353 2387 496 2466 Φαιήκων
511 2389 625 2468 ἀνδρῶν
641 2393 672 2454 ἔς
687 2393 777 2470 γαῖαν
792 2392 890 2466 ἵκηται

236 2596 372 2674 οἰκέομεν
386 2593 412 2660 δ’
426 2595 575 2660 ἀπάνευθε
590 2599 791 2680 πολυκλύστῳ
807 2599 851 2660 ἐνὶ
867 2599 977 2682 πόντῳ,

235 2699 374 2781 ἔσχατοι,
390 2700 457 2764 οὐδέ
472 2726 517 2766 τις
532 2700 606 2778 ἄμμι
621 2707 739 2781 βροτῶν
755 2702 945 2782 ἐπιμίσγεται
960 2703 1065 2768 άλλος.
1133 2733 1180 2780 205

237 2801 307 2864 ἀλλ’
322 2806 374 2867 ὅδε
389 2829 434 2870 τις
448 2806 593 2882 δύστηνος
609 2805 762 2882 ἀλώμενος
779 2804 877 2870 ἐνθάδ’
894 2805 999 2882 ἱκάνει,

236 2907 288 2968 τὸν
304 2913 357 2970 νῦν
371 2909 430 2990 χρή
448 2908 574 2987 κομέειν·
597 2914 672 2986 πρὸς
690 2911 747 2987 γὰρ
764 2909 837 2974 Διός
853 2911 932 2973 εἰσιν
951 2909 1080 2977 άπαντες

237 3008 332 3088 ξεῖνοί
346 3036 378 3076 τε
397 3014 514 3094 πτωχοί
528 3036 571 3089 τε,
590 3013 676 3077 δόσις
692 3009 716 3075 δ’
731 3013 821 3092 ὀλίγη
837 3038 869 3076 τε
885 3014 961 3093 φίλη
977 3038 1018 3077 τε.

237 3115 320 3178 ἀλλά
335 3116 405 3190 δότ’,
421 3117 603 3197 ἀμφίπολοι,
621 3114 708 3200 ξείνῳ
724 3117 844 3196 βρῶσίν
859 3141 892 3179 τε
907 3117 999 3180 πόσιν
1014 3143 1056 3195 τε,

237 3218 368 3284 λούσατέ
382 3219 406 3281 τ’
423 3221 455 3284 ἐν
470 3222 600 3302 ποταμῷ,
616 3217 660 3282 ὅθ’
676 3216 724 3283 ἐπὶ
741 3219 855 3284 σκέπας
871 3219 933 3282 ἔστ’
949 3220 1102 3298 ἀνέμοιο.”
1132 3249 1181 3287 ιιο

274 3320 337 3388 Ὣς
352 3324 451 3404 ἔφαθ’,
468 3325 499 3387 αἱ
515 3322 540 3386 δ’
556 3324 649 3388 ἔσταν
663 3347 697 3387 τε
713 3323 761 3386 καὶ
778 3321 932 3409 ἀλλήλῃσι
950 3325 1106 3405 κέλευσαν,

238 3425 292 3490 κάδ
308 3424 333 3490 δ’
348 3426 394 3506 ἄρ’
408 3426 552 3504 Ὀδυσσῆ’
571 3428 659 3490 εἷσαν
675 3429 724 3490 ἐπὶ
740 3426 863 3508 σκέπας,
881 3427 920 3494 ὣς
937 3428 1079 3495 ἐκέλευσε

237 3529 405 3607 Ναυσικάα,
421 3532 550 3614 θυγάτηρ
568 3530 774 3613 μεγαλήτορος
788 3530 968 3596 Ἀλκινόοιο·

237 3635 297 3715 πὰρ
313 3633 338 3699 δ’
353 3635 410 3717 ἄρα
425 3639 454 3700 οἱ
469 3638 565 3718 φᾶρός
580 3661 612 3699 τε
628 3633 742 3718 χιτῶνά
756 3661 790 3700 τε
806 3634 900 3716 εἵματ’
915 3638 1035 3717 ἔθηκαν,

236 3746 334 3805 δῶκαν
349 3743 382 3804 δὲ
399 3741 512 3826 χρυσέῃ
528 3745 561 3806 ἐν
575 3741 695 3826 ληκύθῳ
707 3742 798 3823 ὑγρὸν
813 3741 926 3818 ἔλαιον,
1135 3771 1181 3821 ²¹⁵
