2834 4234
259 367 322 449 736
543 384 589 443 14.
614 369 849 430 ΟΔΎΣΣΕΙΑΣ
873 366 908 431 Ξ.

257 537 346 616 ήμέν
362 538 397 614 δή
414 535 525 619 θάρσος
540 562 591 616 μοι
604 539 698 620 Ἀρης
716 536 741 601 τ’
758 538 869 602 ἐδοσαν
885 537 933 601 καὶ
947 533 1061 614 Ἀθήνη

259 639 306 704 καὶ
320 639 507 723 ῥηξηνορίην·
530 642 621 706 ὁπότε
638 643 767 724 κρίνοιμι
783 643 913 725 λόχονδε

256 745 365 827 ἄνδρας
381 745 535 826 ἀριστῆας,
552 743 627 808 κακὰ
644 745 845 822 δυσμενέεσσι
861 744 1010 826 φυτεύων,

257 848 292 910 ού
306 850 380 912 ποτέ
394 871 444 925 μοι
461 847 590 912 θάνατον
605 850 809 929 προτιόσσετο
825 854 916 925 θυμὸς
932 845 1062 928 ἀγήνωρ,

258 952 339 1014 ἀλλὰ
353 950 434 1015 πολὺ
448 951 616 1033 πρότιστος
632 951 801 1030 ἐπάλμενος
817 952 902 1035 ἐγχει
918 952 1046 1016 ἕλεσκον
1159 973 1207 1007 220

258 1057 372 1137 ἀνδρῶν
387 1055 558 1133 δυσμενέων
574 1056 591 1116 ό
606 1055 638 1118 τέ
653 1079 705 1133 μοι
721 1055 812 1134 εἴξειε
827 1056 967 1120 πόδεσσι.

257 1164 336 1226 τοῖος
353 1159 388 1222 ἔα
404 1159 436 1221 ἐν
452 1158 584 1242 πολέμῳ·
608 1159 695 1242 ἐργον
712 1160 746 1224 δέ
758 1185 809 1237 μοι
828 1159 863 1222 ού
878 1158 973 1239 φίλον
987 1157 1077 1221 έσκεν

257 1261 317 1326 οὐδ’
333 1262 511 1341 οἰκωφελίη,
525 1262 545 1340 ἥ
560 1288 592 1326 τε
608 1261 711 1344 τρέφει
728 1262 829 1343 ἀγλαὰ
844 1261 944 1336 τέκνα,

257 1362 339 1425 ἀλλά
353 1389 404 1440 μοι
420 1366 480 1428 αἰεὶ
495 1369 564 1443 νῆες
581 1365 742 1449 ἐπήρετμοι
759 1366 850 1446 φίλοι
865 1364 946 1443 ἦσαν

258 1468 306 1529 καὶ
320 1468 450 1547 πόλεμοι
465 1465 514 1531 καὶ
530 1467 651 1536 άκοντες
667 1467 807 1548 ἐύξεστοι
822 1470 871 1531 καὶ
887 1467 996 1543 ὀϊστοί,
1160 1491 1206 1542 ²²5

256 1569 360 1652 λυγρά,
376 1569 451 1633 τότ’
468 1573 613 1635 ἄλλοισίν
628 1599 663 1654 γε
681 1575 866 1655 καταριγηλὰ
881 1570 1035 1634 πέλονται.

257 1673 349 1755 αύτάρ
364 1675 429 1751 ἐμοὶ
445 1677 482 1738 τδ
497 1674 565 1756 φίλ’
581 1677 654 1740 ἔσκε
669 1675 706 1738 τά
722 1701 781 1739 που
796 1675 865 1741 θεδς
880 1675 912 1738 ἐν
928 1674 1022 1756 φρεσὶ
1038 1676 1137 1750 θῆκεν·

256 1777 351 1843 άλλος
368 1777 425 1861 γάρ
441 1777 466 1840 τ’
481 1777 624 1843 ἀλλοισιν
640 1780 715 1862 ἀνὴρ
731 1778 921 1861 ἐπιτέρπεται
937 1777 1045 1859 ἐργοις.

257 1879 327 1964 πρὶν
340 1883 396 1962 μὲν
411 1884 468 1964 γὰρ
484 1884 593 1965 Τροίης
609 1881 792 1964 ἐπιβήμεναι
806 1884 872 1949 νίας
887 1879 1021 1964 Ἀχαιῶν

256 1984 368 2051 εἰνάκις
383 1986 527 2068 ἀνδράσιν
543 1985 618 2070 ῆρξα
634 1989 682 2050 καὶ
701 1987 883 2069 ὠκυπόροισι
901 1987 1024 2050 νέεσσιν
1156 2011 1205 2060 230

256 2090 364 2171 ἀνδρας
381 2093 412 2157 ἐς
429 2092 631 2170 ἀλλοδαπούς,
647 2092 697 2155 καί
710 2117 761 2172 μοι
775 2090 859 2171 μάλα
873 2091 1004 2173 τύγχανε
1020 2090 1132 2153 πολλά.

256 2200 315 2258 τῶν
331 2193 508 2277 ἐξαιρεύμην
522 2194 688 2275 μενοεικέα,
703 2198 806 2259 πολλὰ
822 2194 847 2257 δ’
867 2194 988 2257 ὀπίσσω

255 2298 421 2381 λάγχανον·
445 2300 524 2380 αἶψα
539 2301 572 2363 δὲ
588 2300 670 2366 οἶκος
686 2299 848 2380 ὀφέλλετο,
867 2299 918 2360 καί
929 2300 967 2380 ῥα
982 2298 1086 2362 ἔπειτα

256 2405 352 2470 δεινός
366 2401 391 2465 τ’
407 2405 519 2470 αἰδοῖός
534 2429 568 2468 τε
585 2407 660 2484 μετά
675 2402 830 2486 Κρήτεσσι
845 2403 1002 2482 τετύγμην.

257 2507 326 2569 ἀλλ’
343 2507 393 2572 ὅτε
409 2509 444 2587 δή
461 2505 515 2586 τήν
529 2533 565 2589 γε
579 2507 729 2590 στυγερήν
745 2509 816 2571 ὁδδν
831 2505 959 2588 εὐρύοπα
975 2504 1050 2571 Ζεὺς
1156 2531 1204 2580 235

257 2609 414 2692 ἐφράσαθ’,
428 2608 447 2688 ἣ
464 2617 590 2675 πολλῶν
604 2613 720 2692 ἀνδρῶν
735 2611 794 2675 ὑπδ
810 2608 926 2688 γούνατ’
942 2611 1046 2687 ἐλυσε,

256 2714 291 2793 δή
308 2712 368 2777 τότ’
385 2712 429 2795 ἔμ’
444 2713 561 2798 ἤνωγον
578 2716 625 2779 καὶ
641 2717 812 2797 ἀγακλυτὸν
825 2712 976 2795 Ἰδομενῆα

256 2815 361 2896 νήεσσ’
378 2817 554 2899 ἡγήσασθαι
570 2820 600 2884 ἐς
612 2817 718 2882 Ἴλιον·
742 2819 810 2883 ούδέ
825 2843 853 2879 τι
868 2820 965 2899 μῆχος

256 2920 309 2999 ῆεν
324 2920 501 3001 ἀνήνασθαι,
517 2923 639 3006 χαλεπὴ
656 2920 681 2987 δ’
697 2922 751 3006 έχε
769 2921 864 3002 δήμου
880 2925 985 3004 φῆμις.

257 3026 327 3089 ἐνθα
342 3029 398 3104 μὲν
414 3025 543 3092 εἰνάετες
560 3027 760 3107 πολεμίζομεν
776 3028 839 3093 υἷες
853 3025 997 3110 Ἀχαιῶν,
1152 3053 1203 3101 240

255 3128 296 3211 τῷ
308 3127 420 3212 δεκάτῳ
437 3132 468 3192 δὲ
484 3132 576 3194 πόλιν
592 3128 730 3210 Πριάμου
743 3128 909 3210 πέρσαντες
924 3129 1039 3207 ἔβημεν

256 3232 357 3295 οἴκαδε
373 3233 430 3296 σὺν
446 3231 565 3312 νήεσσι,
581 3236 648 3298 θεὸς
665 3230 691 3296 δ’
706 3233 873 3297 ἐκέδασσεν
886 3229 1037 3314 Ἀχαιούς.

256 3333 347 3415 αὐτὰρ
363 3333 428 3414 ἐμοὶ
447 3335 538 3421 δειλῷ
555 3335 630 3399 κοκδ
645 3334 757 3415 μήδετο
771 3337 895 3416 μητίετα
910 3335 996 3400 Ζεύς·

255 3441 334 3520 μῆνα
349 3441 406 3520 γάρ
423 3439 487 3503 οἶον
502 3440 607 3519 ἔμεινα
621 3439 838 3522 τεταρπόμενος
853 3437 994 3503 τεκέεσσι

257 3541 387 3628 κουριδίῃ
403 3539 428 3603 τ’
444 3543 549 3627 ἀλόχιρ
567 3539 615 3606 καὶ
632 3541 788 3621 κτήμασιν·
811 3542 902 3622 αὐτὰρ
918 3542 1022 3606 ἔπειτα
1156 3570 1203 3620 ²45

257 3645 442 3730 Αἴγυπτόνδε
456 3669 494 3721 με
511 3646 601 3723 θυμὸς
616 3647 727 3729 ἀνάγει
742 3647 965 3725 ναυτίλλεσθαι,

257 3753 330 3828 νῆας
345 3751 376 3814 ἐῢ
393 3749 564 3824 στείλαντα,
582 3749 638 3813 σὺν
654 3749 801 3816 ἀντιθέοις
817 3748 978 3830 ἑτάροισιν.
