2738 4226
253 331 313 396 230
574 329 623 374 11.
647 315 817 374 ΙΛΙΑΔΟΣ
841 315 876 374 Λ.

251 483 384 556 ἔσσεται,
402 484 470 546 ἀλλ’
488 485 521 546 ἐν
537 484 624 561 νηυσὶ
638 483 820 568 μελαίνῃσιν
835 479 1006 546 πεσέονται.

251 589 279 648 οἱ
293 588 420 669 μὲνγὰρ
436 587 471 666 δὴ
488 584 606 659 πάντες,
623 587 691 649 ὅσοι
707 585 801 665 πάρος
816 583 895 663 ἦσαν
911 583 1037 665 ἄριστοι,
1145 595 1193 657 8ι5

251 691 284 753 έν
298 692 405 768 νηυσὶν
421 688 523 753 κέαται
537 689 728 770 βεβλημένοι
746 687 904 767 οὐτάμενοί
916 712 949 752 τε

250 794 356 875 χερσὶν
371 793 428 856 ὕπο
443 792 565 874 Τρώων·
588 799 648 857 τῶν
663 796 695 856 δὲ
710 791 818 858 σθένος
834 794 952 874 ὄρνυται
968 790 1041 856 αίέν.

251 893 322 958 ἀλλ’
338 898 389 976 ἐμὲ
404 897 460 974 μὲν
475 896 514 959 σὺ
531 894 653 960 σάωσον
668 897 751 978 ἄγων
767 895 816 960 ἐπὶ
832 899 890 973 νῆα
903 893 1060 975 μέλαιναν,

250 1005 344 1079 μηροῦ
360 997 384 1061 δ’
402 998 501 1078 ἔκταμ’
518 999 631 1077 ὀϊστόν,
647 996 698 1062 ἀπ’
715 1000 805 1063 αὐτοῦ
820 998 845 1062 δ’
862 1001 935 1078 αἶμα
951 996 1091 1061 κελαινὸν

251 1101 311 1180 νίζ’
328 1103 412 1165 ὕδατι
428 1103 533 1186 λιαρῷ,
547 1103 597 1165 ἐπὶ
612 1099 638 1165 δ’
654 1101 729 1181 ἤπια
744 1101 887 1185 φάρμακα
902 1100 1012 1176 πάσσε,
1145 1113 1196 1174 830

251 1203 357 1280 ἐσθλά,
374 1202 411 1266 τά
426 1229 462 1268 σε
478 1205 567 1285 προτί
584 1212 682 1286 φασιν
697 1201 864 1288 Ἀχιλλῆος
879 1203 1063 1286 δεδιδάχθαι,

252 1307 286 1372 δν
300 1307 417 1388 Χείρων
433 1305 559 1384 ἐδίδαξε,
576 1308 763 1376 δικαιότατος
779 1308 964 1389 Κενταύρων.

252 1409 347 1490 ἰητροὶ
360 1409 488 1491 μὲνγὰρ
503 1410 703 1490 Ποδαλείριος
717 1410 770 1488 ἠδὲ
787 1409 935 1493 Μαχάων,

251 1513 373 1592 τὸνμὲν
389 1512 432 1574 ἐνὶ
449 1513 605 1599 κλισίῃσιν
621 1511 722 1592 ὀίομαι
738 1513 827 1579 ἕλκος
842 1514 960 1595 ἔχοντα,

251 1614 411 1699 χρηίζοντα
427 1617 476 1678 καὶ
492 1614 581 1678 αὐτὸν
598 1617 745 1696 ἀμύμονος
761 1619 889 1698 ἰητῆρος,
1147 1629 1197 1690 835

253 1723 380 1782 κεῖσθαι·
394 1719 420 1780 ’ὁ
436 1715 462 1780 δ’
477 1720 510 1782 έν
525 1719 617 1803 πεδίῳ
632 1719 744 1799 Τρώων
758 1718 841 1799 μένει
857 1717 928 1796 ὀξὺν
939 1718 1067 1800 Ἀρηα.”

294 1821 356 1884 Τδν
370 1821 395 1884 δ’
412 1822 481 1885 αὖτε
497 1821 661 1902 προσέειπε
677 1825 840 1888 Μενοιτίου
855 1821 981 1901 ἄλκιμος
997 1823 1069 1886 υἱός·

254 1931 343 1990 “πῶς
358 1921 384 1986 τ’
401 1920 447 2005 ἄρ’
464 1924 508 1987 ἔοι
523 1924 594 1988 τάδε
610 1925 704 2008 ἔργα,·
727 1926 758 1988 τί
769 1923 904 2008 ῥέξομεν,
922 1924 1071 2005 Εὐρύπυλ’
1086 1925 1165 2006 ἥρως
1173 1950 1186 2000 ,·

253 2029 387 2110 ἔρχομαι,
404 2025 471 2107 ὄφρ’
487 2025 610 2109 Ἀχιλῆϊ
625 2026 764 2110 δαΐφρονι
779 2032 873 2107 μῦθον
888 2027 1012 2103 ένίσπω,

253 2131 288 2195 δν
303 2129 430 2210 Νέστωρ
446 2128 592 2194 ἐπέτελλε
607 2129 756 2212 Γερήνιος,
773 2130 859 2210 σύρας
875 2128 1016 2213 Ἀχαιῶν·
1148 2144 1197 2204 840

253 2233 322 2297 ἀλλ’
339 2232 398 2295 οὐδ’
416 2233 526 2313 ὥςπερ
542 2237 609 2296 σεῖο
623 2229 745 2312 μεθήσω
760 2233 974 2314 τειρομένοιο.”

291 2335 345 2410 Ἧ,
363 2335 411 2398 καὶ
427 2334 484 2398 ὑπὸ
501 2335 637 2420 στέρνοιο
652 2336 760 2414 λαβὼν
775 2335 831 2417 άγε
846 2336 975 2416 ποιμένα
989 2341 1073 2400 λαῶν

254 2440 284 2504 ἐς
300 2437 431 2517 κλισίην·
455 2436 593 2519 θεράπων
609 2439 641 2500 δὲ
657 2439 727 2500 ίδδν
741 2436 870 2520 ὑπέχευε
885 2439 1000 2518 βοείας.

254 2541 326 2605 ἔνθα
339 2566 391 2620 μιν
406 2541 570 2606 ἐκτανύσας
585 2542 617 2602 έκ
632 2543 726 2619 μηροῦ
741 2537 834 2616 τάμνε
848 2542 982 2626 μαχαίρῃ

254 2643 306 2722 ὀξὺ
319 2643 416 2723 βέλος
430 2641 614 2725 περιπευκές,
633 2640 682 2706 ἀπ’
699 2640 789 2706 αὐτοῦ
804 2642 829 2706 δ’
848 2645 922 2726 αἷμα
937 2642 1077 2708 κελαινὸν
1146 2657 1195 2722 ⁸45

254 2746 311 2825 νίζ’
327 2749 411 2810 ὕδατι
426 2746 533 2829 λιαρῷ,
549 2745 599 2809 ἐπὶ
614 2744 647 2808 δὲ
659 2744 746 2827 ῥίζαν
760 2744 843 2824 βάλε
861 2746 971 2828 πικρὴν

252 2851 341 2935 χερσὶ
357 2851 526 2933 διατρίψας,
543 2844 741 2929 ὀδυνήφατον,
756 2849 777 2928 ἥ
792 2852 821 2913 οἱ
837 2849 958 2916 ἁπάσας

254 2954 320 3037 ἔσχ’
338 2954 451 3018 ὀδύνας·
474 2952 509 3018 τὸ
522 2953 577 3034 μὲν
593 2951 681 3016 έλκος
697 2951 844 3035 ἐτέρσετο,
861 2954 998 3018 παύσατο
1014 2953 1039 3017 δ’
1056 2956 1139 3033 αἶμα.
