2728 4230
484 358 770 435 &mma
1057 331 1163 435 φλ

158 526 206 590 καὶ
222 524 304 604 βάλε
318 521 467 588 Τυδεΐδαο
483 524 545 587 κατ’
562 525 687 588 ἇσπίδα·
710 525 761 601 τῆς
777 527 810 588 δὲ
826 524 933 605 διαπρδ

158 629 251 710 αἰχμὴ
267 630 395 711 χαλκείη
413 627 548 708 πταμένη
566 628 677 709 θόρηκι
692 625 843 706 πελάσθη·

156 733 198 816 τῷ
214 728 240 794 δ’
257 733 307 796 ἐπὶ
321 731 436 814 μακρὸν
450 731 527 796 ἄϋσε
542 730 696 797 Λυκάονος
712 730 826 813 ἄγλαδς
840 731 915 797 υἱός·

160 839 176 868 “
185 832 325 913 βέβληαι
339 839 470 899 κενεῶνα
486 832 654 915 διαμπερές,
671 832 741 896 οθδέ
756 831 785 894 τ’
801 831 856 895 ὀίω

158 936 249 1017 δηρὸν
263 936 305 1001 ἔτ’
322 936 546 1020 ἀνσχήσεσθαι·
571 937 637 1017 ἐμοὶ
651 939 686 1000 δὲ
703 934 769 1019 μέγ’
784 936 874 1019 εὖχος
888 936 1029 1002 ἔδωκας.”
1055 953 1100 1012 285

200 1040 262 1104 Τὸν
277 1038 304 1103 δ’
320 1039 355 1104 οὗ
370 1037 529 1122 ταρβήσας
545 1038 686 1121 προσέφη
703 1037 844 1121 κρατερὸς
860 1037 1021 1117 Διομήδης·

160 1152 179 1177 “
188 1140 339 1222 ἤμβροτες
354 1139 416 1206 οὐδ’
432 1143 547 1225 ἔτυχες·
569 1142 644 1224 ἄτὰρ
660 1142 694 1205 οὐ
707 1144 764 1221 μὲν
780 1139 864 1223 σφῶί
877 1141 906 1224 γ’
921 1140 976 1204 θίω

159 1246 229 1325 πρίν
243 1245 271 1326 γ’
289 1245 533 1318 ἀποπαύσεσθαι,
550 1246 622 1328 πρίν
635 1245 663 1329 γ’
678 1242 698 1324 ἢ
712 1245 817 1326 ἕτερόν
829 1271 868 1328 γε
879 1246 1013 1308 πεσόντα

159 1349 283 1427 αἵματος
298 1349 374 1412 ἆσαι
384 1346 493 1431 Ἄρηα,
509 1349 689 1431 ταλαύρινον
703 1345 925 1428 πολεμιστήν.”

194 1451 257 1518 Ὣς
273 1449 409 1533 φάμενος
421 1450 561 1534 προέηκε·
583 1450 679 1532 βέλος
695 1447 722 1515 δ’
737 1452 838 1516 ἰθυνεν
851 1448 964 1529 Ἀθήνη
1054 1478 1101 1528 290

156 1557 225 1637 ῥῖνα
240 1553 311 1636 παρ’
327 1555 498 1637 ὀφθαλμόν,
512 1553 639 1622 λευκοὺς
654 1552 681 1619 δ’
696 1555 845 1638 ἐπέρησεν
859 1555 993 1619 ὀδόντας.

158 1664 211 1721 τοῦ
226 1659 251 1722 δ’
268 1658 329 1723 ἀπὸ
342 1661 399 1738 μὲν
413 1664 563 1742 γλῶσσαν
578 1659 714 1740 πρυμνὴν
728 1658 805 1740 τάμε
818 1657 934 1743 χαλκὸς
949 1657 1075 1738 ἀτειρής,

157 1761 253 1844 αἰχμὴ
269 1761 294 1824 δ’
312 1760 438 1840 ἐξελθθη
454 1763 535 1844 παρὰ
550 1762 670 1827 νείατον
685 1763 863 1844 ἀνθερεῶνα·

157 1863 247 1945 ἤριπε
262 1864 288 1928 δ’
305 1862 342 1944 ἐξ
354 1862 462 1949 ὀχέων,
479 1865 619 1946 ἀράβησε
634 1865 667 1928 δὲ
681 1864 778 1949 τεύχε’
794 1863 841 1928 ἐπ’
859 1862 936 1948 αιἰτῷ

158 1969 250 2031 αἰόλα
264 1967 502 2050 παμφανόωιπο,
518 1965 729 2048 παρέτρεσσαν
743 1965 777 2031 δέ
793 1969 821 2030 οί
836 1968 924 2031 ίπποι
1054 1993 1101 2042 ²95

159 2071 320 2138 ὠκύποδες·
343 2076 396 2133 τοῦ
411 2066 438 2135 δ’
453 2070 521 2134 αὖθι
535 2071 612 2149 λθθη
627 2067 715 2153 ψυχή
731 2095 763 2134 τε
777 2068 868 2149 με’νος
883 2092 925 2133 τε.

203 2174 325 2242 Αἰνείας
340 2171 367 2239 δ’
382 2174 534 2256 ἄπόρουσε
550 2171 608 2238 σδν
622 2174 730 2237 ἀσπίδι
744 2174 828 2254 δουρί
841 2197 875 2237 τε
889 2173 1000 2256 μακρῷ,

159 2279 263 2344 δείσας
277 2275 318 2357 μή
335 2277 398 2344 πός
413 2279 442 2342 οἱ
458 2277 619 2359 ἐρυσαίατο
635 2276 739 2358 νεκρὸν
756 2267 886 2359 Ἀχαιοί.

158 2379 237 2459 ἀμφὶ
253 2376 280 2442 δ’
296 2375 342 2460 ἄρ’
359 2378 437 2463 ιιιίτιρ
453 2383 545 2458 βαῖνε
557 2376 640 2442 λέων
655 2379 695 2445 ὣς
710 2379 782 2443 ἄλκί
795 2377 958 2450 πεπονθός,

158 2481 275 2562 πρόσθε
290 2479 323 2544 δέ
339 2482 368 2544 οί
383 2480 494 2562 δόρατ’
508 2481 586 2564 ἐσχε
602 2481 650 2544 καὶ
666 2482 782 2546 ἀσπίδα
796 2478 923 2546 πάντοσ’
939 2478 1035 2560 ἐίσην,
1052 2507 1102 2556 300

156 2583 211 2648 τὸν
230 2581 372 2662 κτάμεναι
386 2583 507 2662 μεμαδς
523 2584 556 2650 ὅς
569 2607 616 2650 τις
630 2588 683 2648 τοῦ
697 2580 728 2667 γ’
744 2583 844 2650 ἄντίος
858 2583 955 2654 ἔλθοι,

158 2684 331 2766 σμερδαλέα
346 2683 452 2768 ἰάχων·
476 2687 493 2749 δ
507 2687 542 2749 δέ
555 2686 720 2768 χερμάδιον
734 2683 816 2765 λάβε
830 2686 910 2767 χειρὶ

155 2786 308 2866 Τυδείδης,
327 2787 406 2869 μέγα
422 2789 519 2872 ἔργον,
537 2787 554 2853 δ
567 2789 604 2852 οὐ
615 2788 667 2854 δόο
681 2785 712 2871 γ’
727 2788 816 2870 ἄνδρε
832 2787 964 2868 φέροιεν,

157 2892 216 2955 οἶοι
232 2897 286 2954 νῦν
300 2892 409 2972 βροτοί
423 2891 491 2956 εἰσ’·
515 2893 533 2955 ό
548 2890 581 2956 δέ
594 2917 647 2970 μιν
658 2890 715 2974 ῥέα
729 2889 831 2955 πάλλε
847 2891 895 2953 καὶ
908 2891 982 2956 οἶος.

156 2994 197 3078 τῷ
213 2992 314 3074 βάλεν
329 2995 452 3058 Αἰνείαο
467 2992 532 3058 κατ’
547 2995 660 3078 ἰσχίον,
677 2995 750 3058 ἔνθα
767 3019 800 3058 τε
815 2993 909 3074 μηρδς
1053 3017 1100 3068 ³05

157 3099 247 3182 ἰσχίιρ
264 3096 471 3180 ἐνστρέφεται,
489 3097 617 3176 κοτόλην
632 3095 666 3162 δέ
680 3095 715 3160 τέ
728 3121 781 3176 μιν
797 3095 949 3160 καλέουσι·

157 3198 278 3266 θλάσσε
293 3199 327 3264 δέ
343 3203 372 3264 οἰ
386 3202 527 3278 κοτόλην,
543 3199 617 3282 πρὸς
633 3196 660 3264 δ’
675 3199 766 3282 ἄμφω
781 3197 853 3283 ῥῆξε
867 3198 997 3264 τένοντε·

155 3302 218 3368 ὦσε
233 3303 258 3368 δ’
276 3304 336 3368 ἀπὸ
350 3304 435 3388 ῥινὸν
449 3304 559 3388 τρηχὺς
572 3306 669 3371 λίθος·
693 3304 786 3386 αὐτὰρ
803 3303 820 3366 ό
833 3299 863 3386 γ’
879 3303 957 3384 ἥρως

156 3410 230 3488 ἔστη
246 3406 325 3491 γνὺξ
337 3408 449 3490 ἐριπίνν
463 3409 513 3472 καί
528 3409 667 3489 ἐρείσατο
681 3408 761 3490 χειρὶ
777 3407 889 3493 παχείῃ

154 3511 252 3592 γαίης·
277 3511 355 3591 ἀμφὶ
370 3512 403 3574 δέ
418 3511 496 3574 όσσε
511 3509 635 3589 κελαινὴ
651 3506 707 3584 νὺξ
720 3507 868 3590 ἐκάλυψε.
1052 3533 1101 3582 310

197 3615 259 3676 Καί
273 3613 309 3678 νό
324 3639 376 3676 κεν
391 3609 454 3676 ἐνθ’
469 3613 617 3676 ἀπόλοιτο
632 3611 710 3692 ἄναξ
723 3613 838 3691 ἀνδρῶν
854 3609 984 3685 Αἰνείας,

154 3717 182 3780 εἰ
195 3715 237 3796 μὴ
253 3713 300 3797 ἄρ’
316 3713 371 3796 ὀξὺ
386 3715 479 3795 νόησε
497 3713 572 3781 Διὸς
586 3712 717 3795 θυγάτηρ
733 3710 907 3794 Ἀφροδίτη,
