2874 4234
277 318 345 382 606·
572 317 600 381 6.
623 319 854 381 ΟΔΎΣΣΕΙΑΣ
886 319 920 378 Ζ.

276 489 394 571 ἤνωγον
410 487 434 551 δ’
454 486 511 565 ἄρα
525 513 577 567 μιν
592 494 721 552 λοῦσθαι
736 493 883 568 ποταμοῖο
896 488 996 574 ῥοῇσι.

277 591 313 671 δή
324 594 366 675 ,ῥα
380 591 440 654 τότ’
457 592 662 672 ἀμφιπόλοισι
676 592 808 672 μετηύδα
822 597 883 658 δῖος
899 592 1076 656 Ὀδυσσεύς·

321 694 547 776 “Ἀμφι’πολοι,
563 694 647 771 στῆθ’
664 697 740 759 οῦτω
757 697 937 776 ἀπόπροθεν,
954 693 1024 776 ὄφρ’
1040 695 1099 777 ἐγὼ
1115 695 1201 760 αὐτὸς

276 799 376 881 ἄλμην
392 799 496 880 ὤμοιϊν
511 799 732 877 ἀπολούσομαι,
750 799 827 881 ἀμφὶ
843 797 867 863 δ’
883 800 975 883 ἐλαίῳ

276 904 428 987 χρίσομαι·
452 902 543 985 ἧγάρ
560 907 648 983 δηρὸν
664 903 723 966 ἀπὸ
739 903 828 987 χροός
845 905 929 966 ἐστιν
944 899 1069 982 ἀλοιφή.
1175 929 1222 964 220

276 1007 367 1085 ἄντην
383 1005 408 1071 δ’
424 1007 475 1069 οὐκ
492 1005 529 1070 ἀν
544 1007 602 1090 ἐγά
618 1033 653 1089 γε
669 1006 848 1086 λοέσσομαι·
872 1008 1008 1082 αἰδέομαι
1024 1004 1082 1089 γάρ

274 1115 461 1194 γυμνοῦσθαι
477 1111 616 1196 κούρῃσιν
632 1110 853 1190 ἐϋπλοκάμοισι
869 1107 1054 1191 μετελθόν.”

313 1213 378 1280 Ὣς
395 1214 492 1294 ἔφαθ’,
509 1216 539 1277 αἱ
556 1211 581 1277 δ’
598 1214 765 1278 ἀπάνευθεν
781 1215 861 1291 ίσαν,
877 1215 963 1279 εἶπον
979 1212 1004 1278 δ’
1020 1214 1076 1293 ἄρα
1094 1211 1192 1296 κούρῃ.
1287 1237 1289 1244 ·

275 1319 367 1398 αὐτὰρ
383 1320 399 1380 ὁ
415 1320 447 1380 ἐκ
464 1323 597 1397 ποταμοῦ
612 1318 689 1399 χρόα
704 1319 800 1395 νίζετο
815 1323 877 1384 δῖος
892 1315 1061 1382 Ὀδυσσεὺς
1169 1331 1172 1338 ’

275 1422 383 1501 ἄλμην,
398 1421 418 1499 ἥ
434 1423 462 1484 οἱ
479 1427 557 1483 νῶτα
573 1420 621 1484 καὶ
636 1420 739 1502 εὐρέας
755 1422 891 1505 ἄμπεχεν
908 1423 1013 1501 ὤμους·
1173 1448 1219 1497 2²5

274 1528 306 1589 ἐκ
323 1525 457 1606 κεφαλῆς
473 1521 498 1587 δ’
514 1525 646 1605 ἔσμηχεν
661 1527 734 1589 ἁλὸς
749 1526 841 1608 χνόον
857 1525 1037 1608 ἀτρυγέτοιο.

275 1628 367 1708 αὐτὰρ
383 1626 448 1691 ἐπεὶ
464 1626 498 1705 δὴ
514 1627 612 1691 πάντα
626 1627 778 1691 λοέσσατο
796 1630 843 1692 καὶ
859 1626 922 1692 λίπ’
937 1627 1077 1708 ἄλειψεν,

274 1730 353 1813 ἀμφὶ
367 1733 399 1795 δέ
419 1733 526 1807 εἵματα
540 1728 677 1794 ἔσσαθᾶ
693 1733 721 1794 οἱ
737 1731 811 1810 πόρε
826 1731 973 1812 παρθένος
988 1730 1096 1810 ἀδμής,

273 1837 327 1900 τὸν
341 1837 398 1915 μὲν
411 1832 554 1912 Ἀθηναίη
570 1837 670 1912 θῆκεν,
684 1834 759 1902 Διὸς
774 1837 942 1916 ἐκγεγαυῖα,

273 1938 394 2017 μείζονά
410 1935 435 2000 τ’
451 1938 592 2002 εἰσιδέειν
608 1938 656 2000 καὶ
671 1937 822 2012 πάσσονα,
838 1942 892 2002 κάδ
908 1942 941 2001 δὲ
957 1937 1081 2020 κάρητος
1171 1965 1220 2013 ²30

274 2044 364 2110 ούλας
380 2042 433 2121 ἧκε
453 2043 556 2120 κόμας,
572 2043 730 2125 ὑακινθίνῳ
750 2042 834 2106 ἄνθει
850 2043 964 2120 ὁμοίας.

274 2148 313 2214 ὣς
329 2151 352 2212 δ’
369 2147 419 2209 ὅτε
434 2171 478 2210 τις
493 2145 609 2228 χρυσὸν
622 2145 811 2227 περιχεύεται
828 2147 944 2230 ἀργύρῳ
960 2147 1033 2226 ἀνὴρ

272 2254 354 2330 ἴδρις,
370 2248 405 2314 δν
416 2248 594 2328 Ἥφαιστος
610 2249 714 2312 δέδαεν
730 2244 777 2312 καὶ
795 2253 923 2314 Παλλὰς
939 2249 1051 2328 Ἀθήνη

273 2356 380 2439 τέχνην
395 2353 549 2429 παντοίην,
566 2353 710 2435 χαρίεντα
725 2353 758 2415 δὲ
773 2352 846 2434 ἔργα
861 2357 982 2431 τελείει,

273 2461 312 2526 ὣς
328 2457 385 2540 ἄρα
400 2458 440 2541 τῷ
459 2456 598 2537 κατέχευε
614 2454 701 2537 χάριν·
717 2456 837 2542 κεφαλῇ
851 2483 884 2522 τε
900 2455 948 2520 καὶ
965 2458 1066 2539 ὤμοις.
1170 2483 1217 2534 ²35

273 2561 346 2640 ἕζετ’
362 2559 453 2625 ἔπειτ’
469 2560 616 2625 ἀπάνευθε
633 2561 706 2622 κιὼν
720 2557 770 2624 ἐπί
787 2564 855 2624 θῖνα
870 2560 1039 2641 θαλάσσης,

273 2665 382 2730 κάλλεϊ
396 2661 445 2730 καὶ
459 2664 565 2747 χάρισι
581 2666 730 2744 στίλβων·
754 2668 854 2744 θηεῖτο
870 2669 902 2728 δὲ
918 2667 1018 2747 κούρη.

273 2769 308 2849 δή
322 2772 360 2851 ῥα
376 2766 436 2830 τότ’
452 2768 673 2848 ἀμφιπόλοισιν
690 2766 909 2845 ἐϋπλοκάμοισι
924 2770 1064 2848 μετηύδα·

316 2881 335 2911 “
346 2874 445 2938 Κλῦτέ
459 2897 523 2951 μευ,
538 2872 706 2952 ἀμφίπολοι
722 2873 915 2951 λευκώλενοι,
931 2876 1011 2955 ὄφρα
1025 2897 1053 2936 τι
1071 2875 1155 2936 είπω.

271 2978 307 3041 ού
321 2976 440 3041 πάντων
455 2977 556 3054 ἀέκητι
573 2980 658 3053 θεῶν,
674 2975 704 3040 οῖ
717 2976 877 3056 Ὄλυμπον
893 2978 1009 3059 ἔχουσι,
1167 3003 1216 3054 ²40

271 3080 439 3160 Φαιήκεσσ’
455 3079 498 3146 ὅδ’
513 3079 586 3159 ἀνὴρ
604 3081 795 3161 ἐπιμίσγεται
812 3081 983 3146 ἀντιθέοισι·

270 3187 404 3267 πρόσθεν
419 3187 473 3266 μὲν
489 3188 546 3267 γὰρ
562 3182 597 3261 δή
613 3209 664 3264 μοι
681 3185 828 3249 ἀεικέλιος
840 3182 919 3248 δέατ’
934 3184 1019 3262 εἶναι,

271 3295 324 3355 νῦν
339 3292 371 3353 δέ
386 3294 501 3354 θεοῖσιν
518 3289 606 3361 ἔοικε,
622 3288 667 3350 τοὶ
683 3288 809 3368 οὐρανὸν
824 3288 909 3369 εὐρὺν
925 3289 1059 3370 ἔχουσιν.

270 3394 300 3458 αῖ
316 3396 373 3475 γὰρ
388 3395 453 3472 ἐμοὶ
469 3395 590 3456 τοιόσδε
605 3393 694 3457 πόσις
711 3392 892 3469 κεκλημένος
908 3394 954 3470 είη

270 3498 375 3562 ἐνθάδε
391 3497 544 3575 ναιετάων,
561 3498 611 3559 καί
625 3497 654 3558 οἱ
671 3495 738 3560 ἄδοι
753 3495 856 3558 αύτόθι
870 3498 998 3575 μίμνειν.
1167 3525 1214 3574 ²45

271 3603 352 3665 ἀλλὰ
367 3598 437 3673 δότ’,
454 3601 634 3678 ἀμφίπολοι,
652 3599 738 3683 ξείνῳ
754 3600 871 3680 βρῶσίν
887 3625 918 3664 τε
937 3601 1031 3667 πόσιν
1046 3601 1117 3672 τε.”,

306 3703 370 3771 Ὦς
386 3701 482 3784 ἔφαθ’,
498 3705 530 3765 αἱ
545 3702 569 3768 δ’
584 3704 641 3786 ἄρα
655 3707 707 3783 τῆς
720 3701 805 3782 μάλα
819 3706 875 3782 μὲν
894 3705 987 3772 κλύον
1004 3704 1050 3785 ἠδ’
1066 3707 1214 3778 ἐπίθοντο,
