2746 4228
484 364 515 430 3·
541 347 708 408 ιΛιΑΔοΣ
730 349 764 409 r.
977 435 979 438 ι
1060 343 1101 427 63

163 521 261 582 κεῖνον
276 516 301 582 δ’
318 516 399 581 αὖτις
416 515 484 598 ἐγώ·
508 514 587 595 παρὰ
602 517 660 597 γὰρ
676 515 742 580 θεοί
755 517 816 579 είσι
832 515 880 580 καὶ
895 515 975 596 ἡμῖν.
1053 545 1102 592 44ο

163 620 232 684 ἀλλ’
249 620 304 703 άγε
319 619 354 698 δή
371 619 513 699 φιλότητι
527 620 706 700 τραπείομεν
720 616 885 706 εὐνηθέντε·

162 725 197 787 οὗ
211 723 268 808 γάρ
284 724 329 787 τά
345 720 418 786 ποτέ
433 721 462 801 μ’
479 720 536 786 ὧδέ
551 721 579 804 γ’
596 723 669 803 ἔρως
684 720 796 804 φρένας
812 721 1040 812 ἀμφεκάλυψεν,

163 825 223 891 οὐδ’
240 827 291 891 ὅτε
306 852 343 890 σε
358 830 477 907 πρῶτον
491 825 715 905 Λακεδαίμονος
729 823 766 904 ἐξ
780 827 931 908 ἐρατεινῆς

163 930 274 993 ἔπλεον
289 926 423 1010 ἁρπάξας
439 929 472 991 ἐν
487 930 704 1009 ποντοπόροισι
719 927 834 1005 νέεσσι,

162 1030 246 1118 νήσῳ
261 1031 286 1097 δ’
303 1033 336 1096 ἐν
352 1028 473 1117 Κρανάη
489 1031 596 1114 ἐμίγην
610 1033 753 1113 φιλότητι
770 1033 818 1097 καὶ
834 1033 914 1119 εὐνῇ,
1054 1059 1102 1108 445

162 1137 202 1203 ὥς
218 1161 273 1201 σεο
288 1139 341 1200 νῦν
354 1135 462 1217 ἔραμαι
478 1134 530 1197 καί
542 1159 579 1215 με
594 1134 705 1216 γλυκὺς
721 1137 822 1217 ἵμερος
837 1131 943 1216 αἱρεῖ.”

200 1237 246 1302 Ἦ
260 1241 307 1324 ῥα,
323 1240 372 1303 καὶ
388 1239 464 1322 άρχε
477 1234 611 1320 λέχοσδε
627 1236 707 1302 κιῶν·
731 1236 792 1316 άμα
807 1236 832 1302 δ’
849 1237 941 1302 εἵπετ’
958 1237 1080 1302 ἄκοιτις.

203 1345 254 1407 Τδ
269 1345 325 1423 μὲν
340 1342 385 1424 ἄρ’
402 1344 435 1408 ἐν
449 1346 585 1425 τρητοῖσι
601 1340 802 1405 κατεύνασθεν
816 1338 991 1424 λεχέεσσιν,

163 1443 317 1528 Ἀτρεΐδης
332 1443 358 1511 δ’
375 1444 419 1509 ἀν’
437 1446 546 1525 ὅμιλον
562 1443 672 1526 ἐφοίτα
687 1444 754 1525 θηρὶ
768 1443 883 1522 εὀικιθς,

162 1551 190 1613 εί
203 1574 263 1613 πον
279 1547 477 1628 ἐσαθρήσειεν
494 1544 696 1627 Ἀλέξανδρον
712 1544 856 1610 θεοειδέα.
1054 1575 1103 1622 450

161 1652 232 1714 ἀλλ’
248 1650 282 1714 οὔ
296 1677 342 1717 τις
356 1651 462 1715 δύνατο
477 1650 589 1731 Τρώων
605 1653 732 1712 κλειτῶν
746 1649 771 1710 τ’
788 1648 953 1730 ἐπικούρων

160 1753 258 1833 δεῖξαι
272 1751 476 1835 Ἀλέξανδρον
490 1751 550 1816 τότ’
567 1753 717 1837 ἀρηϊφίλῳ
734 1751 892 1837 Μενελάῳ·

161 1860 195 1923 οὔ
209 1859 267 1939 μέν
281 1858 339 1941 γὰρ
355 1857 499 1939 φιλότητί
512 1855 539 1939 γ’
557 1857 726 1931 ἐκεύθανον,
743 1857 772 1920 εί
785 1881 831 1923 τις
845 1858 949 1920 ἴδοιτο·

159 1963 230 2025 ἴσον
245 1959 303 2044 γάρ
319 1967 396 2042 σφιν
411 1964 506 2024 πᾶσιν
522 1957 675 2042 ἀπήχθετο
692 1959 758 2041 κηρὶ
772 1959 910 2045 μελαίνῃ.

160 2070 241 2128 τοῖσι
257 2066 291 2128 δὲ
307 2065 356 2128 καὶ
370 2061 526 2144 μετέειπεν
542 2059 620 2140 άναξ
632 2063 747 2144 ἀνδρῶν
760 2060 967 2144 Ἀγαμέμνων·
1054 2090 1102 2138 455

161 2167 177 2195 ‘⁴
188 2161 316 2226 κέκλυτέ
329 2187 393 2241 μευ,
405 2166 506 2244 Τρῶες
522 2161 570 2224 καὶ
584 2158 735 2241 Δάρδανοι
750 2159 794 2238 ἠδ’
812 2160 973 2239 ἐπίκουροι·

162 2268 226 2346 νίκη
241 2267 300 2346 μὲν
315 2265 350 2344 δή
366 2265 482 2346 φαίνετ’
500 2264 663 2346 ἀρηϊφίλου
679 2260 847 2337 Μενελάου,

160 2373 242 2450 ὑμεῖς
262 2368 288 2434 δ’
300 2365 442 2449 Ἀργείην
458 2365 588 2446 Ἑλένην
605 2367 653 2431 καὶ
669 2364 792 2445 κτήμαθ’
809 2364 857 2445 ἅμ’
875 2365 948 2451 αὐτῇ

161 2475 275 2547 ἔκδοτε,
293 2473 342 2535 καὶ
357 2469 445 2550 τιμήν
461 2469 641 2548 ἀποτινέμεν
655 2469 693 2548 ἥν
707 2468 762 2532 τιν’
779 2468 885 2540 ἔοικεν,

158 2578 179 2658 ἥ
192 2603 227 2641 τε
244 2576 295 2640 καὶ
311 2571 507 2654 ἐσσομένοισι
521 2571 584 2652 μετ’
601 2573 787 2654 ἀνθρώποισι
802 2570 962 2651 πέληται.”
1054 2585 1104 2648 4⁶0

194 2679 263 2746 *Ως
279 2673 366 2758 ἔφατ’
382 2673 546 2757 Ἀτρείδης,
563 2675 612 2738 ἐπὶ
628 2673 652 2739 δ’
669 2675 758 2763 ᾔνεον
774 2675 866 2738 ἄλλοι
880 2676 1012 2757 Ἀχαιοί.
