2848 4296
271 385 334 441 422
583 379 633 428 αι.
658 365 828 426 ΙΛΙΑΔΟΣ
851 367 888 427 Φ.

268 540 285 566 “
295 529 373 595 κεῖσ’
387 533 489 598 οὕτως·
520 533 658 616 χαλεπόν
673 558 719 596 τοι
736 533 907 614 ἐρισθενέος
923 535 1091 618 Κρονίωνος

267 634 373 696 παισὶν
390 635 554 717 ἐριζέμεναι
569 637 718 715 ποταμοῖό
732 661 788 716 περ
804 638 977 720 ἐκγεγαῶτι.
1168 650 1213 712 185

266 741 373 817 φῆσθα
390 738 429 800 σὺ
444 739 499 818 μὲν
514 745 649 818 ποταμοῦ
664 738 752 822 γένος
769 739 893 820 ἔμμεναι
909 741 976 822 εὐρὺ
989 740 1119 824 ῥέοντος,

266 841 359 921 αὐτὰρ
375 841 434 922 ἐγὼ
451 842 559 924 γενεὴν
574 840 710 923 μεγάλου
727 843 801 908 Διὸς
818 844 943 926 εὔχομαι
960 845 1044 908 εἶναι.

266 944 348 1008 τίκτε
363 943 396 1024 μ’
413 945 488 1026 ἀνὴρ
503 950 669 1010 πολλοῖσιν
685 943 830 1010 ἀνάσσων
846 950 1084 1028 Μυρμιδόνεσσι,

267 1049 388 1125 Πηλεὺς
406 1050 558 1128 Αἰακίδης·
589 1049 647 1112 ὁδ’
665 1049 709 1131 ἀρ’
727 1051 838 1116 Αἰακὸς
853 1052 886 1113 ἐκ
903 1050 979 1116 Διὸς
993 1050 1054 1130 ἦεν.

267 1152 308 1235 τῷ
326 1154 476 1234 κρείσσων
489 1155 546 1231 μὲν
561 1152 636 1218 Ζεὺς
653 1160 797 1234 ποταμῶν
811 1151 1044 1234 ἁλιμυρηέντων,
1170 1179 1215 1228 190

268 1257 417 1335 κρείσσων
432 1255 501 1320 αῖιτε
517 1255 592 1322 Διὸς
606 1257 696 1339 γενεὴ
712 1263 859 1337 ποταμοῖο
874 1257 1019 1321 τέτυκται.

268 1355 389 1440 καὶγὰρ
405 1360 455 1422 σοὶ
471 1361 606 1440 ποταμός
619 1387 656 1442 γε
672 1358 754 1441 πάρα
768 1360 871 1442 μέγας,
888 1363 915 1424 εί
931 1361 1056 1425 δύναταί
1069 1387 1097 1424 τι

266 1457 437 1545 χραισμεῖν·
469 1461 539 1526 ἀλλ’
556 1463 608 1526 οὐκ
624 1465 691 1528 ἐστι
709 1465 761 1527 Διὶ
778 1465 929 1546 Κρονίωνι
938 1463 1102 1548 μάχεσθαι,

267 1568 308 1650 τῷ
325 1567 392 1629 οὐδὲ
409 1568 514 1648 κρείων
532 1563 700 1650 Ἀχελώϊος
715 1568 894 1648 ἰσοφαρίζει,

268 1671 336 1733 οὐδὲ
351 1671 552 1751 βαθυρρείταο
567 1669 645 1752 μέγα
661 1669 769 1736 σθένος
786 1668 954 1746 Ὠκεανοῖο,
1169 1696 1215 1745 ¹95

268 1772 304 1851 ἐξ
317 1774 351 1836 οὗ
367 1798 424 1855 περ
438 1773 548 1840 πάντες
563 1775 693 1854 ποταμοὶ
710 1775 760 1838 καὶ
774 1779 860 1837 πᾶσα
875 1773 1020 1838 θάλασσα

270 1875 318 1939 καὶ
333 1881 430 1940 πᾶσαι
446 1881 552 1959 κρῆναι
568 1879 619 1942 καὶ
635 1879 763 1960 φρείατα
777 1880 876 1958 μακρδ
891 1877 1026 1942 νάουσιν·

268 1981 351 2043 ἀλλὰ
366 1982 415 2044 καὶ
431 1980 464 2046 ὃς
479 1981 700 2047 δείδοικεΔιὸς
715 1981 862 2064 μεγάλοιο
877 1982 1019 2062 κεραυνὸν

268 2082 370 2162 δεινήν
383 2109 416 2148 τε
430 2083 572 2166 βροντήν,
588 2085 633 2147 ὅτ’
650 2085 700 2148 ἀπ’
718 2087 880 2166 οὐρανόθεν
891 2081 1105 2170 σμαραγήσῃ.”

306 2186 352 2250 Ἦ
367 2190 413 2271 ῥα,
429 2190 477 2252 καὶ
494 2191 527 2252 ἐκ
544 2194 685 2270 κρημνοῖο
701 2190 851 2270 ἐρύσσατο
865 2186 1000 2270 χάλκεον
1014 2188 1115 2270 ἔγχος,
1167 2212 1216 2248 200

268 2298 321 2355 τδυ
337 2293 369 2355 δὲ
386 2289 449 2354 κατ’
467 2292 570 2355 αιἰτόθι
585 2298 701 2369 λεῖπεν,
717 2293 784 2356 ἐπεὶ
802 2293 897 2372 φίλον
912 2290 984 2370 ἦτορ
1001 2289 1127 2369 ἀπηύρα,

269 2395 405 2474 κείμενον
421 2397 454 2459 ἐν
467 2394 650 2476 ψαμάθοισι,
666 2397 763 2459 δίαινε
778 2393 812 2458 δέ
826 2419 877 2474 μιν
890 2398 989 2473 μέλαν
1004 2395 1090 2473 ὕδωρ.

269 2499 320 2562 τὸν
335 2501 391 2578 μὲν
406 2497 454 2579 ἀρ’
471 2496 616 2580 ἐγχέλυές
631 2523 664 2562 τε
680 2499 728 2562 καὶ
745 2497 846 2580 ῖχθιίες
861 2495 1084 2577 ἀμφεπένοντο,

269 2601 364 2681 δημδυ
380 2604 573 2682 ἐρεπτόμενοι
590 2603 797 2683 ἐπινεφρίδιον
812 2601 970 2682 κείροντες·

269 2705 360 2779 αὐτὰρ
376 2707 392 2768 ό
406 2708 448 2784 βῆ
463 2701 490 2787 ῥ’
507 2705 583 2770 ἰέναι
598 2708 673 2786 μετὰ
688 2707 823 2769 Παίονας
839 2699 1074 2785 ἱπποκορυστάς,
1165 2727 1215 2779 ²05

223 2827 225 2831 ·
269 2811 300 2872 οἵ
312 2808 338 2892 ῤ’
355 2808 399 2873 ἔτι
415 2807 475 2889 πδρ
490 2807 627 2887 ποταμὸν
641 2805 823 2889 πεφοβήατο
839 2805 986 2886 δινήεντα,

268 2913 308 2978 ὥς
323 2912 404 2976 εἶδον
418 2911 471 2977 τὸν
485 2911 611 2992 ἀριστου
626 2909 671 2975 ἐνὶ
686 2911 810 2997 κρατερῇ
826 2911 938 2996 ὑσμίνη

267 3012 354 3097 χέρσ’
369 3016 428 3078 ὕπο
444 3013 599 3093 Πηλεΐδαο
616 3015 665 3077 καὶ
681 3015 747 3095 ἄορι
762 3014 813 3095 ἶφι
829 3013 970 3093 δαμέντα.

268 3115 330 3182 ἐνθ’
346 3117 399 3182 έλε
415 3118 613 3200 Θερσίλοχόν
628 3141 661 3181 τε
677 3115 809 3180 Μύδωνά
824 3142 856 3181 τε
873 3115 1066 3180 Ἀστύπυλόν
1080 3139 1113 3180 τε

268 3222 399 3299 Μνῆσόν
414 3246 447 3285 τε
463 3221 602 3302 Θρασίον
615 3245 649 3284 τε
665 3221 712 3284 καὶ
728 3223 834 3284 Αἴνιον
848 3219 893 3299 ἠδ’
911 3217 1117 3300 Ὀφελέστην·
1165 3246 1216 3282 τιο

268 3325 320 3388 καί
332 3324 367 3387 νιῖ
382 3322 407 3387 κ’
424 3325 467 3388 ἔτι
483 3323 615 3389 πλέονας
631 3320 719 3388 κτάνε
736 3327 872 3389 Παίονας
888 3321 962 3388 ὧκῖις
976 3321 1153 3406 Ἀχιλλεύς,

268 3430 294 3492 εἰ
309 3427 350 3507 μὴ
365 3424 544 3510 χωσάμενος
559 3425 701 3507 προσέφη
717 3427 851 3506 ποταμὸς
866 3427 1040 3506 βαθυδίνης,

268 3530 351 3613 ἀνέρι
367 3529 534 3609 εἰσόμενος,
550 3528 666 3609 βαθέης
682 3528 707 3593 δ’
726 3532 758 3592 ἐκ
775 3527 930 3612 φθέγξατο
945 3532 1039 3608 δίνης·

269 3629 317 3694 “ιῖι
334 3629 468 3713 Ἀχιλεῦ,
485 3630 553 3711 περὶ
567 3631 622 3709 μὲν
638 3634 780 3712 κρατέεις,
795 3631 863 3712 περὶ
879 3626 904 3693 δ’
922 3633 1034 3693 αῖσυλα
1048 3629 1151 3712 ῥέζεις»

268 3737 393 3818 ἀνδρῶν·
424 3735 483 3798 αἰεὶ
497 3730 557 3816 γάρ
572 3757 620 3798 τοι
635 3733 800 3813 ἀμύνουσιν
815 3733 880 3798 θεοὶ
897 3732 990 3798 σιἰτοί.
1167 3761 1215 3811 215
