2908 4232
567 356 618 417 24.
642 342 812 402 1A1AA02
835 343 875 404 ο.
1126 352 1190 423 505

238 509 321 588 ἥβην
336 506 467 587 ἵξεσθαι·
490 507 561 589 πρὶν
577 511 635 592 γδρ
651 510 741 574 πόλις
755 508 810 587 ἥδε
826 506 891 572 κατ’
907 509 998 590 ἀκρης

238 611 394 692 πέρσεται·
415 610 507 694 ήγδρ
524 614 645 679 ὄλωλας
660 613 834 690 ἐπίσκοπος,
851 613 884 678 ὅς
899 611 933 675 τέ
945 637 998 691 μιν
1013 612 1106 692 αὐτὴν

237 714 359 798 ῥόσκευ,
374 715 444 798 ἔχες
459 713 485 780 δ’
502 716 634 797 ἀλόχους
650 717 755 779 κεδνδς
770 716 819 778 καὶ
835 713 928 793 νήπια
943 714 1042 794 τέκνα,
1142 739 1190 793 730

238 818 269 881 αδ
285 817 321 898 δή
336 843 384 882 τοι
398 817 479 902 τάχα
494 819 602 899 νηυσὶν
616 816 784 902 ὀχήσονται
799 818 985 904 γλαφυρῇσι,

239 920 287 985 καὶ
301 924 357 1002 μὲν
373 923 432 1005 ἐγὼ
447 925 525 1002 μετδ
539 923 622 1007 τῇσι·
667 921 706 983 σδ
722 920 746 984 δ’
764 920 810 998 αδ,
825 920 920 996 τέκος,
935 917 954 999 ἢ
970 921 1037 1000 ἐμοὶ
1053 922 1126 1008 αὐτῇ

240 1024 340 1106 ἕψεαι,
358 1024 432 1089 ἔνθα
448 1049 499 1089 κεν
515 1024 589 1108 ἔργα
604 1023 707 1089 ἀεικέα
723 1023 870 1106 ἐργάζοιο,

238 1128 374 1193 ἀθλεύων
390 1128 448 1210 πρὸ
464 1129 592 1194 άνακτος
608 1127 776 1210 ἀμειλίχου.
820 1126 841 1206 ἤ
855 1153 900 1194 τις
916 1126 1051 1211 Ἀχαιῶν

237 1232 324 1314 ῥίψει
339 1231 442 1314 χειρὸς
458 1232 538 1295 έλδυ
552 1232 612 1296 ἀπδ
627 1231 752 1313 πόργου,
766 1237 880 1314 λυγρὸν
895 1234 1030 1312 ὄλεθρον,
1141 1253 1188 1307 735

238 1335 402 1416 χωόμενος,
418 1333 441 1420 φ
457 1333 493 1414 δή
510 1360 569 1399 που
583 1335 737 1416 ἀδελφεὸν
753 1335 876 1400 ἔκτανεν
886 1333 1005 1416 Ἕκτωρ

238 1434 257 1517 ἢ
273 1438 384 1521 πατέρ’,
399 1439 434 1519 ἠὲ
449 1439 499 1502 καὶ
515 1441 591 1512 υἱόν,
609 1436 676 1503 ἐπεὶ
689 1437 774 1519 μάλα
788 1440 905 1509 πολλοὶ
919 1437 1054 1522 Ἀχαιῶν

235 1539 379 1624 Ἕκτορος
395 1544 429 1606 έν
443 1540 622 1629 παλάμῃσιν
637 1541 714 1621 ἀδάξ
728 1543 800 1606 ἕλον
815 1542 951 1607 ἄσπετον
970 1541 1068 1608 οὖδας.

239 1645 274 1708 οίι
287 1648 346 1728 γδρ
360 1647 500 1728 μείλιχος
514 1647 588 1712 ἔσκε
602 1647 701 1731 πατὴρ
716 1647 784 1714 τεδς
800 1650 833 1712 ἐν
849 1647 899 1710 δαῒ
912 1647 1018 1732 λυγρῇ·

238 1751 279 1833 τῷ
296 1750 348 1813 καί
360 1775 412 1830 μιν
426 1748 497 1814 λαοὶ
511 1751 568 1830 μὲν
583 1750 738 1830 ὀδύρονται
755 1749 830 1814 κατὰ
848 1750 934 1822 ἀατυ,
1141 1769 1189 1825 ⁷40

238 1851 348 1934 ἀρητὸν
363 1855 396 1916 δὲ
411 1859 533 1920 τοκεῦσι
547 1856 623 1936 γόον
639 1852 688 1917 καὶ
703 1852 813 1920 πένθος
828 1853 946 1931 ἔθηκας,

235 1954 356 2036 Ἕκτορ·
381 1956 446 2035 ἐμοὶ
462 1958 495 2019 δέ
509 1954 646 2032 μάλιστα
661 1956 843 2037 λελείψεται
859 1956 957 2038 ἄλγεα
970 1953 1076 2037 λυγρά.

239 2058 274 2121 οὗ
288 2056 346 2141 γάρ
360 2083 412 2137 μοι
427 2057 567 2136 θνήσκων
582 2057 700 2143 λεχέων
716 2060 749 2123 ἑκ
764 2063 869 2142 χεῖρας
884 2056 1000 2141 ὄρεξας,

239 2160 308 2226 οὐδέ
322 2161 353 2224 τί
368 2187 420 2242 μοι
436 2162 519 2227 εἶπες
533 2161 657 2225 πυκινδν
672 2162 754 2239 ἔπος,
771 2161 807 2224 οδ
820 2160 854 2224 τέ
869 2187 921 2226 κεν
934 2159 995 2226 αἰεὶ

237 2262 393 2351 μεμνῄμην
408 2264 514 2330 νύκτας
529 2289 563 2329 τε
578 2266 627 2330 καὶ
642 2263 742 2344 ἤματα
757 2262 850 2346 δάκρυ
862 2263 1007 2347 χέαυσα.”
1139 2287 1186 2342 745

275 2366 339 2435 *Ως
354 2367 451 2447 έφατο
467 2365 614 2446 κλαίουσ’,
631 2369 682 2433 ἐπὶ
697 2370 730 2431 δὲ
746 2365 932 2451 στενάχοντο
947 2372 1096 2450 γυναῖκες.

239 2471 329 2557 τῇσιν
343 2471 369 2533 δ’
381 2468 451 2533 αὕθ’
465 2468 584 2550 Ἑκάβη
600 2473 704 2534 ἀδιυοῦ
719 2470 829 2554 ἐξῆρχε
843 2473 938 2554 γόοιο·

239 2573 388 2656 “Ἔκτορ,
403 2575 463 2659 ἀμφ
480 2576 562 2659 θυμῷ
577 2572 698 2640 πάντων
714 2575 793 2645 πολὺ
808 2575 938 2657 φίλτατε
953 2575 1077 2651 παίδων,

239 2676 258 2757 ἦ
272 2675 329 2758 μέν
343 2703 394 2756 μοι
410 2677 484 2755 ζωός
499 2701 555 2758 περ
571 2679 629 2744 ἔδυ
644 2679 736 2761 φίλος
752 2677 834 2757 ἦσθα
849 2681 975 2742 θεοῖσιν·

239 2783 269 2845 οἱ
284 2779 312 2844 δ’
328 2781 385 2862 ἀρα
400 2785 455 2844 σεῦ
471 2778 597 2859 κήδοντο
613 2783 662 2846 καὶ
679 2784 712 2845 έν
728 2780 872 2847 θανάτοιό
886 2807 942 2862 περ
958 2782 1037 2868 αἴσῃ.
1139 2804 1186 2858 750
1258 2849 1265 2860 N

240 2884 353 2950 ἄλλους
366 2884 424 2963 μὲν
436 2886 494 2965 γδρ
509 2889 618 2951 παῖδας
633 2883 721 2966 έμοδς
737 2885 831 2951 πόδας
845 2883 921 2950 ὠκὺς
937 2881 1101 2967 Ἀχιλλεὺς

240 2984 396 3069 πέρνασχ’,
413 2983 520 3050 ὅντιν’
537 2986 655 3064 έλεσκε,
671 2987 767 3070 πέρην
782 2988 856 3054 ἀλδς
872 2985 1055 3069 ἀτρυγέτοιο,

240 3091 272 3157 ές
286 3089 388 3170 Σάμον
403 3090 435 3156 ἔς
450 3088 477 3153 τ’
488 3089 617 3172 Ἴμβρον
633 3093 682 3155 καὶ
699 3094 820 3171 Λῆμνον
834 3089 1098 3172 ἀμιχθαλόεσσαν·

241 3199 295 3258 σεΰ
309 3191 335 3256 δ’
351 3191 417 3258 ἐπεὶ
432 3192 555 3272 ἐξέλετο
569 3194 676 3277 φυχήν
689 3193 831 3272 ταναήκεϊ·
844 3194 959 3277 χαλκῷ,

239 3296 342 3361 πολλὰ
355 3295 559 3380 ῥυστάζεσκεν
574 3301 627 3362 έοΰ
640 3298 708 3376 περὶ
724 3294 794 3376 σῆμ’
811 3295 939 3378 ἑτάροιο,
1137 3320 1150 3374 7
1154 3325 1166 3373 ,κ
1170 3327 1184 3376 5

239 3401 430 3480 Πατρόκλου,
446 3406 499 3466 τδυ
515 3402 654 3482 ἔπεφνες·
684 3398 853 3480 ἀνέστησεν
868 3397 902 3463 δέ
915 3425 968 3480 μιν
984 3398 1044 3464 οὐδ’
1060 3403 1110 3470 ὥς.

240 3509 292 3570 νῦν
307 3503 341 3567 δέ
354 3529 406 3583 μοι
422 3503 541 3587 ἑρσήεις
556 3505 605 3570 καὶ
618 3505 797 3587 πρόσφατος
813 3506 845 3568 έν
859 3501 1019 3586 μεγάροισι

240 3611 349 3680 κεῖσαι,
366 3609 407 3692 τῷ
423 3611 525 3674 ἴκελος
539 3609 575 3672 ὅν
589 3607 614 3671 τ’
631 3605 829 3691 ἀργυρότοξος
842 3607 1008 3672 Ἀπόλλων

240 3712 285 3778 οἶς
298 3712 439 3794 ἀγανοῖσι
453 3709 607 3792 βέλεσσιν
620 3712 819 3795 ἐποιχόμενος
837 3709 1053 3795 κατέπεφνεν.”
