2788 4230
480 313 529 360 20.
553 299 788 360 ΟΔΎΣΣΕΙΑΣ
817 300 853 358 Ὺ.
1075 296 1137 380 839

191 468 292 534 πάσας
308 465 539 548 ἀμφιμάσασθε,
556 465 751 550 καθήρατεδέ
767 469 913 548 κρητῆρας

191 573 239 635 καὶ
254 571 331 636 δέπα
346 571 563 652 ἀμφικύπελλα
577 571 751 651 τετυγμένα·
776 572 824 634 ταὶ
839 573 872 635 δὲ
886 571 953 650 μεθ’
968 572 1046 654 θδιορ

191 678 320 759 ἔρχεσθε
335 673 488 758 κρήνηνδε,
505 676 554 740 καί
570 677 670 738 οἰσετε
687 677 807 738 θάσσον
823 676 933 738 ἰοῦσαι.

190 779 225 841 οδ
239 781 297 862 γδρ
310 779 366 858 δήν
380 783 547 860 μνηστῆρες
563 778 750 844 ἀπέσσονται
763 777 917 861 μεγάροιο,
1089 806 1135 856 1⁵5

191 881 273 945 ἀλλὰ
286 882 358 962 μάλ’
374 881 423 963 ήρι
438 882 567 960 νέονται,
584 884 651 948 ἐπεὶ
667 885 716 946 καὶ
732 886 827 947 πιῖσιν
843 881 957 964 έορτή.”

226 985 290 1052 Ὣς
305 986 402 1067 ἔφαθ’,
415 988 447 1050 οἰ
462 985 486 1051 δ’
504 986 562 1067 ἀρα
577 989 630 1064 τῆς
644 985 729 1066 μάλα
742 988 798 1064 μέν
813 987 906 1052 κλύον
921 985 967 1066 ἠδ’
984 989 1135 1054 έπίθοντο.

190 1090 222 1152 αἱ
236 1090 292 1169 μὲν
306 1091 420 1154 ἐείκοσι
433 1091 538 1170 βῆσαν
554 1091 605 1152 ἐπὶ
621 1087 731 1169 κρήνην
746 1088 942 1172 μελάνυδρον,

189 1195 221 1256 αἱ
236 1194 261 1256 δ’
277 1193 367 1256 αὐτοῦ
379 1193 453 1257 κατὰ
469 1193 579 1272 δώματ’
594 1191 799 1271 ἐπισταμένως
816 1194 968 1258 πονέοντο.

232 1295 285 1363 Ἐς
300 1297 326 1360 δ’
341 1296 437 1376 ήλθον
453 1300 617 1378 δρηστῆρες
633 1295 789 1378 ἀγήνορες·
812 1299 842 1361 οἱ
857 1299 912 1377 μέν
927 1298 1031 1362 έπειτα
1089 1311 1137 1362 τοο

190 1401 223 1465 εδ
241 1397 289 1464 καί
305 1400 512 1482 ἐπισταμένως
526 1399 638 1464 κέασαν
653 1399 740 1479 ξύλα,
756 1397 803 1464 ταί
819 1403 852 1464 δὲ
865 1406 1004 1484 γυναῖκες

189 1503 285 1583 ήλθον
303 1505 363 1567 ἀπὸ
378 1501 495 1586 κρήνης·
527 1505 577 1568 έπῖ
592 1502 625 1568 δέ
641 1511 752 1584 σφισιν
767 1503 844 1584 ήλθε
859 1505 999 1584 συβώτης

190 1613 267 1688 τρεῖς
282 1607 409 1674 σιάλους
425 1608 571 1690 κατάγων,
587 1607 615 1672 υἰ
631 1607 707 1672 ἔσαν
720 1611 795 1686 μετὰ
811 1612 905 1674 πᾶσιν
920 1609 1047 1690 ἄριστοι.

190 1710 238 1776 καί
253 1711 321 1777 τοδς
336 1710 392 1791 μέν
405 1710 437 1794 ῤ’
454 1713 539 1776 εἰοσε
556 1711 620 1776 καθ’
637 1712 726 1794 έρκεα
741 1711 820 1776 καλδ
836 1711 989 1790 νέμεσθαι,

189 1814 277 1881 αι’ττάς
293 1814 317 1878 δ’
334 1813 396 1878 αὖτ’
411 1811 546 1892 Ὀδυσῆα
561 1815 715 1894 προσηύδα
729 1817 922 1897 μειλιχίοισι·
1089 1827 1135 1890 165

190 1923 210 1955 “
220 1916 303 1996 ξεῖν’,
318 1917 338 1997 ή
353 1918 390 1999 ἀρ
405 1917 435 1981 τί
448 1942 486 1981 σε
500 1921 623 1996 μᾶλλον
637 1914 758 2000 Ἀχαιοὶ
774 1918 963 1996 εἰσορόωσιν,

188 2021 224 2101 ήέ
240 2019 270 2083 σ’
286 2019 460 2101 ἀτιμάζουσι
477 2023 551 2084 κατὰ
565 2018 679 2103 μέγαρ’,
696 2020 734 2086 ὡς
749 2026 784 2084 τὸ
800 2019 893 2102 πάρος
909 2018 1010 2100 περ,·”

230 2124 294 2188 Τδν
308 2122 334 2188 δ’
348 2125 592 2203 ἀπαμειβόμενος
607 2123 743 2205 προσέφη
759 2123 925 2203 πολύμητις
941 2123 1116 2192 Ὀδυσσεύς·

189 2234 210 2265 “
220 2228 251 2294 αῖ
266 2233 324 2311 γὰρ
339 2227 385 2307 δή,
401 2227 524 2309 Εὔμαιε,
539 2228 603 2292 θεοὶ
617 2228 755 2292 τισαίατο
771 2229 887 2308 λώβην,

188 2331 226 2411 ῆν
241 2329 296 2398 οἵδ’
312 2333 482 2414 ὑβρίζοντες
498 2331 657 2396 ἀτάσθαλα
671 2333 883 2414 μηχανόωνται
1088 2355 1136 2407 170

188 2438 259 2521 οἴκῳ
275 2438 308 2500 έν
324 2436 482 2519 ἀλλοτρίῳ,
498 2431 560 2499 οὐδ’
574 2437 675 2502 αἰδοῦς
689 2440 798 2517 μοῖραν
813 2433 970 2519 έχουσιν.”

224 2539 288 2606 Ὠς
303 2542 333 2604 οδ
347 2541 402 2620 μέν
416 2544 538 2604 τοιαῦτα
554 2545 627 2620 πρὸς
643 2537 798 2618 ἀλλήλους
813 2540 966 2620 ἀγόρευον,

188 2645 360 2726 ἀγχίμολον
375 2645 408 2706 δέ
422 2641 478 2724 σφ’
494 2642 569 2722 ήλθε
586 2641 769 2717 Μελάνθιος,
783 2645 912 2710 αἰπόλος
927 2643 1029 2725 αἰγῶν,

188 2747 275 2829 αῖγας
290 2748 373 2830 ἆγον
388 2747 419 2812 αἰ
434 2751 512 2812 πῖισι
525 2745 713 2827 μετέπρεπον
728 2747 908 2824 αἰπολίοισι,

188 2855 309 2915 δεῖπνον
323 2849 542 2932 μνηστήρεσσι·
565 2850 624 2914 δθιο
640 2846 666 2914 δ’
681 2846 731 2928 ἀμ’
744 2849 853 2914 έποντο
868 2853 982 2928 νομῆες.
1087 2876 1134 2926 ¹75

188 2955 237 3017 καὶ
252 2957 306 3021 τδς
319 2956 375 3032 μὲν
391 2953 554 3032 κατέδησεν
568 2949 619 3018 ὑπ’
633 2953 760 3038 αἰθοώση
776 2953 931 3040 έριδοώπφ,

187 3058 275 3125 αιἰτδς
291 3055 316 3122 δ’
331 3057 394 3122 αὖτ’
409 3055 543 3136 Ὀδυσῆα
559 3058 716 3138 προσηύδα
730 3057 921 3137 κερτομίοισι·

186 3165 203 3194 “
214 3159 293 3239 ξεῖν’,
310 3162 355 3226 έτι
371 3159 419 3226 καὶ
434 3165 488 3226 νῦν
501 3158 600 3225 ένθάδ’
614 3159 750 3238 ἀνιήσεις
766 3163 842 3225 κατὰ
857 3165 939 3240 δεῖμα

187 3265 292 3346 ἀνέρας
307 3266 439 3344 αἰτίζων,
454 3265 529 3346 ἀτδρ
544 3266 595 3328 οὐκ
612 3262 736 3341 ἔξεισθα
751 3264 874 3345 θώραζει

187 3369 306 3434 πάντως
321 3369 417 3434 οάκέτι
431 3374 487 3434 νθῖ
502 3367 722 3448 διακρινέεσθαι
737 3366 791 3430 ἀίω
1088 3384 1135 3432 ι8ο

187 3473 259 3554 πρίν
272 3479 381 3554 χειρῶν
396 3473 573 3555 γεύσασθαι,
589 3473 655 3535 ἐπεὶ
671 3472 711 3534 σιί
727 3496 783 3551 περ
799 3471 834 3536 οὗ
849 3470 924 3537 κατὰ
939 3473 1054 3554 κόσμον

185 3576 317 3654 αἰτίζεις·
349 3579 427 3642 εἰσὶν
442 3578 474 3640 δὲ
490 3578 540 3642 καὶ
554 3575 649 3639 ἀλλαι
663 3580 763 3641 δαῖτες
777 3572 939 3658 Ἀχοιιῖν.”

223 3677 287 3747 Ὦς
301 3677 391 3762 φάτο,
407 3687 459 3744 τὸν
474 3681 499 3745 δ’
515 3679 550 3744 οὗ
565 3705 593 3743 τι
609 3679 749 3761 προσέφη
765 3680 930 3760 πολύμητις
942 3678 1120 3756 Ὀδυσσεύς,
