2848 4296
250 434 313 520 380
555 440 603 504 18.
630 442 800 504 ΙΛΙΑΔΟΣ
824 445 857 504 Σ.

252 611 356 690 Τρωσὶ
370 611 594 696 μαχησόμενον·
619 609 713 676 τόνδ’
730 613 786 694 οὐχ
801 607 985 691 ὑποδέξομαι
1000 612 1082 678 αὖτις
1147 609 1196 690 446

252 715 353 779 οἴκαδε
371 714 562 795 νοστήσοντο
577 714 670 796 δόμον
685 714 825 794 Πηλήϊον
842 718 923 779 εἴσω.
1123 709 1127 714 ’

250 817 332 898 ὄφρα
348 817 381 882 δέ
395 844 446 899 μοι
463 821 530 898 ζόει
545 821 594 883 καὶ
611 822 666 904 δρᾷ
680 816 761 900 φάος
775 818 911 897 ἠελίοιο,
946 861 948 870 ·

251 919 386 1002 ἄχνυται,
404 922 472 985 οὐδέ
486 924 517 986 τί
535 925 563 986 οἱ
578 923 704 1003 δύναμαι
718 925 908 1004 χραισμῆσαι
925 923 1022 986 ίοῢσο.

252 1023 360 1105 κούρην
374 1023 411 1103 ἠν
426 1025 483 1107 ἄρα
492 1029 528 1090 ιοἱ
543 1025 632 1108 γέρας
647 1025 753 1105 ἔξελον
764 1027 826 1091 νῖες
838 1026 984 1109 Ἀχαιῶν,

251 1128 306 1206 τὴν
321 1126 370 1209 ἂψ
385 1129 417 1191 έκ
433 1135 544 1211 χειρῶν
560 1129 648 1194 έλετα
665 1131 770 1211 κρείων
784 1128 992 1210 Ἀγαμέμνων,
1148 1155 1198 1204 445

246 1229 271 1318 ἠ
286 1255 333 1293 τοι
349 1233 365 1294 ὁ
380 1235 434 1310 τῆς
449 1231 550 1315 ἀχέων
564 1232 677 1314 φρένας
693 1233 809 1314 ἔφθιεν·
832 1231 924 1314 αὗτᾶρ
938 1232 1083 1316 Ἀχαιοὺς

250 1339 351 1416 Τρῶες
366 1335 415 1399 έτὶ
430 1335 599 1422 πρύμνῃσιν
615 1339 742 1414 ἐείλεον,
759 1337 826 1400 οὐδὲ
842 1336 948 1417 θύραζε
1060 1383 1062 1390 1

254 1440 324 1502 είωυ
335 1436 460 1520 ἐξιέναι·
484 1438 584 1516 τδνδὲ
599 1439 749 1504 λίσσοντο
763 1440 903 1522 γέροντες

253 1539 407 1622 Ἀργείων,
424 1543 474 1606 καὶ
489 1545 593 1606 πολλὰ
608 1545 772 1623 περικλυτὰ
791 1543 858 1624 δῶρ’
875 1543 1031 1622 ὀνόμαζον.

162 1653 165 1660 ’
252 1645 314 1710 ἔνθ’
329 1645 417 1713 αὐτὸς
431 1650 487 1727 μέν
502 1647 595 1713 ἔπειτ’
612 1648 749 1727 ἠναίνετο
762 1649 872 1730 λοιγὸν
887 1649 1004 1730 άμῦνοι,
1050 1695 1052 1700 -
1145 1674 1195 1724 450

253 1750 345 1831 αὐτὰρ
358 1752 374 1812 δ
390 1750 571 1832 Πάτροκλον
585 1751 654 1832 περὶ
668 1754 724 1830 μὲν
739 1755 776 1814 τὰ
792 1752 811 1814 δ
826 1751 934 1836 τεύχεα
949 1752 1035 1830 έσσε,
1152 1805 1155 1810 .

252 1852 351 1934 πέμπε
367 1852 401 1916 δέ
414 1879 466 1932 μιν
480 1855 661 1933 πόλεμόνδε,
677 1855 776 1918 πολὺν
790 1854 815 1918 δ’
835 1854 897 1934 θμο
911 1855 990 1921 λαόν
1006 1857 1133 1920 ὄπασσε.

252 1961 313 2022 πᾶν
328 1957 352 2020 δ’
369 1956 447 2037 ἠμορ
460 1955 611 2040 μάρναντο
626 1959 695 2039 περὶ
710 1960 839 2043 Σκαιῇσι
854 1958 979 2045 πύλῃσι·

252 2062 303 2126 καί
317 2061 352 2125 νύ
368 2087 418 2126 κεν
432 2060 566 2142 αὐτῆμαρ
582 2062 674 2125 πόλιν
691 2061 831 2142 ἔπραθον,
849 2064 875 2125 εί
888 2062 930 2142 μή
948 2059 1111 2127 Ἀπόλλων
1147 2107 1149 2114 1

251 2167 354 2228 πολλὰ
370 2167 446 2227 κακὰ
460 2164 588 2247 ῥέξαντα
604 2165 768 2230 Μενοιτίου
784 2165 914 2243 ἄλκιμον
927 2165 994 2230 υἱὸν
1140 2193 1198 2243 ⁴455

252 2267 349 2332 ἔκταν’
363 2269 408 2332 ένὶ
425 2267 611 2351 προμάχοισι
627 2270 677 2333 καὶ
689 2268 813 2349 Ἕκτορι
828 2274 915 2334 κῦδος
930 2269 1031 2333 ἔδωκε.

251 2371 376 2436 τοῦνεκα
391 2377 444 2436 νῦν
459 2374 496 2436 τδ
511 2375 553 2436 οδ
568 2372 689 2455 γούναθ’
708 2372 856 2451 ἱκάνομαι,
873 2375 906 2436 οί
920 2369 947 2434 κ’
963 2372 1116 2459 ἐθέλῃσθα

250 2477 311 2544 υἱεῖ
325 2476 384 2558 έμῷ
401 2475 542 2562 ὠκυμόρῳ
559 2480 650 2556 δόμεν
665 2477 780 2540 ἆσπίδο
796 2477 845 2540 καὶ
856 2474 1047 2558 τρυφάλειαν

251 2580 301 2643 καὶ
317 2579 412 2646 καλὰς
428 2583 571 2659 κνημῖδας
586 2581 778 2662 ἐπισφυρίοις
793 2580 942 2661 θρορυίος,

252 2684 301 2747 καὶ
318 2682 439 2771 θώρηχ’·
463 2682 480 2746 δ
495 2683 552 2767 γὰρ
568 2683 605 2764 ἠν
620 2687 650 2748 οἱ
665 2684 807 2749 θπόλεσε
823 2689 930 2749 πιστὸς
946 2686 1061 2764 ἑταῖρος
1148 2695 1199 2757 4⁶0

250 2787 353 2868 Τρωσὶ
368 2787 480 2867 δαμείς·
496 2789 561 2852 όδὲ
576 2793 671 2852 κεῖται
687 2788 737 2851 ἐπὶ
750 2787 839 2871 χθονί
855 2786 948 2867 θυμόν
964 2785 1110 2871 άχεθων.”

293 2891 359 2970 Τὴν
373 2888 399 2954 δ’
415 2889 550 2972 ἠμείβετ’
567 2892 671 2956 ἔπειτα
687 2888 864 2972 περικλυτὸς
877 2889 1066 2972 ἇμφιγυήεις·

253 3001 270 3029 “
280 2994 395 3076 θάρσει·
418 2995 459 3075 μή
475 3021 523 3060 τοι
538 3002 629 3059 τοῦτο
643 2998 719 3075 μετὰ
736 2995 829 3075 φρεσὶ
846 2995 920 3079 σῇσι
935 2994 1109 3074 μελόντων.γ
1129 2993 1132 3002 ’

252 3097 283 3163 οἳ
297 3098 356 3182 γάρ
369 3125 422 3180 μιν
437 3100 579 3165 θανάτοιο
595 3097 745 3184 δυσηχέος
762 3100 820 3162 ὧδε
836 3097 981 3177 δυναίμην

252 3206 366 3284 νόσφιν
377 3203 559 3286 ἆποκρθφοι,
575 3205 626 3267 ὅτε
640 3229 693 3283 μιν
708 3204 801 3285 μόρος
817 3200 900 3266 αἰνὸς
916 3198 1021 3275 ἱκάνοι,
1147 3210 1197 3273 4⁶⁵

252 3307 292 3371 ὥς
307 3308 336 3369 οἱ
351 3306 459 3390 τεύχεα
476 3310 555 3371 καλὰ
570 3306 768 3388 παρέσσεται,
785 3305 835 3370 οίά
850 3331 895 3371 τις
911 3302 981 3367 αὖτε

252 3410 416 3490 ἀνθρώπων
431 3409 552 3475 πολέων
567 3409 784 3491 θαυμάσσεται,
801 3411 834 3474 ός
850 3433 901 3472 κεν
915 3399 1044 3483 ίδηται.”

288 3511 352 3580 Ὠς
367 3515 460 3578 είτδν
474 3514 529 3593 τὴν
543 3515 600 3594 μὶν
614 3517 705 3579 λίπεν
721 3513 819 3584 αὐτοῦ,
837 3514 881 3590 βῆ
896 3507 921 3574 δ’
938 3506 989 3572 ἐπὶ
1005 3508 1116 3589 φόσας·

251 3620 305 3682 τὰς
320 3617 345 3680 δ’
362 3618 393 3683 ές
408 3623 466 3699 πῦρ
481 3618 592 3699 ἔτρεψε
609 3615 735 3681 κέλευσέ
750 3641 783 3681 τε
798 3612 986 3696 ἐργάζεσθαι.
1065 3617 1067 3626 ’

251 3725 349 3801 φῦσαι
364 3720 389 3785 δ’
406 3723 440 3786 έν
450 3719 613 3803 χοάνοισιν
627 3721 742 3786 ἐείκοσι
757 3722 854 3782 πᾶσαι
870 3715 1002 3797 έφόσων,
1148 3737 1198 3792 470

253 3827 399 3904 παντοίην
417 3825 587 3907 εὔπρηστον
602 3823 717 3902 ἀϋτμὴν
733 3820 909 3900 ἐξανιεῖσαι,
