2874 4234
265 333 330 410 640
561 330 589 392 8.
621 333 856 396 οκτςςπιιν
884 333 923 394 ο.

267 501 300 562 έκ
316 501 436 577 πομπῆς
452 498 597 561 ἀνιοῦσαν
612 499 645 560 έν
659 495 802 578 ἠεροειδέϊ
816 497 915 581 πόντῳ

265 603 437 684 ῥοίσεσθαι,
453 600 531 684 μέγα
547 601 572 664 δ’
587 601 659 682 ἧμιν
674 603 743 682 ὅρος
758 604 847 665 πόλει
860 598 1100 681 ἀμφικαλύψειν,

267 706 307 771 ὣς
323 704 438 788 ἀγόρευ’
454 705 471 766 ὁ
485 703 590 786 γέρων·
613 706 650 767 τὰ
665 703 699 767 δέ
714 728 765 768 κεν
780 709 847 769 θεὸς
862 700 880 782 ἢ
896 702 1061 781 τελέσειεν,

265 807 286 887 ἥ
302 810 328 872 κ’
345 807 482 872 ἀτέλεστ’
501 809 556 887 εἴη,
574 809 614 873 ὥς
630 809 659 870 οί
675 809 770 888 φίλον
786 807 896 872 ἔπλετο
913 804 1004 890 θυμῷ.

266 910 337 974 ἀλλ’
353 910 408 992 ἄγε
422 935 473 990 μοι
489 911 558 973 τόδε
573 910 640 972 είπέ
656 910 706 972 καὶ
722 907 867 990 ἀτρεκέως
882 907 1059 987 κατάλεξον,

267 1013 350 1102 ὅππῃ
365 1012 586 1096 ἀπεπλάγχθης
601 1037 635 1075 τε
651 1013 699 1074 καὶ
715 1011 751 1078 ἀς
766 1036 850 1077 τινας
865 1013 928 1075 ἵκεο
945 1012 1046 1093 χώρας

268 1117 441 1198 ἀνθρώπων,
457 1116 562 1182 αὐτούς
577 1141 611 1178 τε
627 1115 737 1181 πόλιάς
751 1116 776 1176 τ’
793 1116 825 1179 εὖ
841 1115 1047 1204 νοιεταοόσας,

267 1219 342 1300 ἠμὲν
356 1218 425 1284 ὅσοι
440 1220 576 1301 χαλεποί
588 1245 622 1282 τε
637 1216 686 1282 καὶ
701 1219 801 1301 ἄγριοι
817 1219 885 1283 οάδέ
901 1220 1033 1296 δίκαιοι,Ι

268 1327 299 1388 οί
313 1349 345 1388 τε
361 1322 534 1404 φιλόξεινοι
550 1324 602 1386 καί
615 1330 693 1404 σφιν
707 1323 776 1389 νόος
792 1325 858 1386 έστὶ
875 1322 1005 1402 θεουδής.

269 1429 334 1492 εἰπὲ
350 1427 374 1491 δ’
390 1424 407 1489 ὅ
421 1453 451 1490 τι
468 1426 583 1492 κλαίεις
600 1426 649 1490 καὶ
664 1425 782 1508 ὀδύρεαι
798 1426 898 1491 ἔνδοθι
913 1431 993 1511 θυμῳ

267 1529 414 1610 Ἀργείων
431 1534 560 1593 Δαναῶν
575 1529 620 1607 ἠδ’
635 1529 729 1592 Ἰλίου
745 1529 825 1594 οἶτον
841 1529 965 1592 ἀκούων.

268 1639 319 1696 τδν
335 1635 367 1696 δὲ
382 1629 444 1696 θεοὶ
460 1634 514 1712 μὲν
529 1631 646 1715 τεῦξαν,
663 1633 877 1696 ἐπεκλώσαντο
892 1633 917 1696 δ’
933 1635 1061 1714 ὄλεθρον

268 1736 446 1816 ἀνθρώποις,
461 1737 511 1799 ίνα
524 1732 580 1821 ᾖσι
596 1733 644 1798 καὶ
660 1734 874 1815 ἐσσομένοισιν
890 1735 984 1814 ἀοιδή.
1058 1720 1059 1724 ¹

269 1839 288 1918 ἦ
306 1840 351 1906 τίς
367 1864 412 1902 τοι
428 1836 568 1916 καὶπηάς
584 1838 735 1920 ἀπέφθιτο
749 1839 858 1904 Ἰλιόθι
872 1840 931 1921 πρὸ

270 1947 380 2010 έσθλδς
397 1944 464 2022 έιίν,
479 1943 616 2024 γαμβρὸς
631 1940 649 2022 ἢ
666 1943 820 2023 πενθερός,
837 1945 869 2007 οί
881 1970 915 2008 τε
928 1942 1064 2025 μάλιστα

270 2045 406 2124 κήδιστοι
422 2046 580 2112 τελέθουσι
595 2047 660 2126 μεθ’
676 2046 751 2127 αἶμά
764 2072 797 2110 τε
813 2048 862 2110 καὶ
877 2045 965 2129 γένος
984 2047 1104 2122 αάτῶν;

269 2149 288 2229 ἥ
303 2151 348 2215 τίς
363 2176 421 2214 που
438 2147 617 2232 καὶέταῖρος
636 2150 710 2230 ἀνὴρ
726 2150 931 2232 κεχαρισμένα
946 2151 1039 2230 είδῶς,

270 2253 405 2328 έσθλός,·
428 2253 494 2316 ἐπεὶ
510 2252 544 2315 οὗ
559 2253 614 2329 μέν
629 2279 659 2316 τι
675 2251 871 2333 κασιγνήτοιο
886 2254 1014 2336 χερείων

269 2356 407 2438 γίγνεται
422 2355 455 2422 ὅς
471 2381 522 2420 κεν
538 2360 654 2438 ἑταῖρος
670 2357 728 2420 έδν
740 2357 914 2438 πεπνυμένα
929 2355 1020 2442 εἰδῇ.”
