2788 4230
455 345 506 411 18.
530 348 763 410 ΟΔΥΣΣΕΙΑΣ
794 351 828 410 Σ.
1063 351 1125 428 809

179 518 285 599 κούρης
301 523 388 582 δαῖτα
403 518 534 598 φίλοισι,
551 517 600 580 καὶ
617 518 716 599 ἀγλαὰ
734 522 812 597 δῶρα
827 523 971 582 διδοῦσιν·

118 615 128 625 ”
179 621 249 684 ἀλλ’
265 622 316 684 οὐκ
333 621 496 702 ἀλλότριον
510 618 776 699 βίοτοννήποινον
790 621 939 685 έδουσιν.”
1075 637 1124 686 ι8ο
1172 629 1174 633 ’

215 723 278 791 Ὣς
294 725 384 806 φάτο,
401 724 536 806 γήθησεν
552 728 584 788 δὲ
598 724 754 790 πολύτλας
769 729 831 792 δῖος
847 726 1023 804 Ὀδυσσεύς,

179 829 283 892 οὕνεκα
299 833 358 892 τῶν
373 833 429 909 μὲν
444 833 521 908 δῶρα
536 827 710 908 παρέλκετο,
727 827 818 910 θέλγε
832 829 864 892 δὲ
880 828 974 908 θυμὸν

179 933 342 1016 μειλιχίοις
358 930 492 1009 έπέεσσι,
508 931 576 998 νόος
593 930 626 995 δέ
640 933 671 994 οἱ
686 931 769 994 ἄλλα
783 933 916 1012 μενοίνα.

223 1036 287 1115 Τὴν
302 1034 326 1100 δ’
341 1035 403 1098 οὐτ’
420 1035 574 1102 Ἀντίνοος
589 1034 738 1117 προσέφη,
758 1035 923 1102 Εὐπείθεος
938 1037 1012 1102 υἱός·

180 1146 197 1174 “
209 1140 295 1220 κούρη
310 1140 460 1222 Ἰκαρίοιο,
477 1142 624 1220 περίφρον
641 1139 844 1216 Πηνελόπεια,

180 1247 258 1324 δῶρα
272 1245 330 1323 μὲν
345 1241 378 1309 ός
394 1243 419 1306 κ’
435 1243 581 1328 ἐθέλῃσιν
596 1241 730 1324 Ἀχαιῶν
747 1243 845 1306 ἐνθάδ’
862 1245 981 1319 ἐνεῖκαι,

180 1343 309 1424 δέξασθ’·
333 1345 440 1426 οὐγὰρ
456 1351 549 1409 καλὸν
568 1343 736 1423 ἀνήνασθαι
752 1346 837 1409 δόσιν
853 1347 946 1408 έστίν·

180 1448 266 1528 ἡμεῖς
281 1442 307 1514 δ’
321 1449 380 1513 οὐτ’
397 1447 447 1512 ἐπὶ
467 1450 542 1531 έργα
556 1447 651 1528 πόρος
666 1449 695 1532 γ’
710 1443 776 1528 ίμεν
793 1449 860 1514 οὔτε
876 1441 917 1535 πη
933 1449 1023 1533 ἀλλῃ,

184 1554 253 1633 πρίν
267 1553 305 1636 γέ
319 1580 356 1617 σε
370 1553 412 1638 τῷ
428 1551 582 1634 γήμασθαι
596 1551 730 1635 Ἀχαιῶν
746 1553 778 1617 ὅς
793 1578 839 1619 τις
853 1551 1003 1634 όριστος.”

217 1655 281 1724 Ὣς
297 1650 384 1738 ἔφατ’
398 1657 562 1734 Ἀντίνοος,
576 1662 680 1720 τοῖσιν
695 1655 721 1719 δ’
737 1654 903 1734 ἐπιήνδανε
912 1661 1013 1735 μῦθος,

181 1766 258 1842 δῶρα
274 1760 300 1824 δ’
315 1759 362 1842 ἀρ’
378 1759 532 1839 οἰσέμεναι
546 1761 683 1841 πρόεσαν
701 1758 811 1840 κήρυκα
828 1759 964 1826 ἕκαστος.

180 1863 324 1948 Ἀντινόῳ
339 1867 395 1944 μὲν
410 1865 506 1928 ένεικε
519 1862 615 1944 μέγαν
630 1861 818 1943 περικαλλέα
832 1862 959 1940 πέπλον,

181 1969 330 2032 ποικίλον·
353 1969 387 2031 έν
404 1966 429 2029 δ’
445 1961 490 2046 ἀρ’
505 1967 582 2030 ἔσαν
598 1969 722 2046 περόναι
738 1967 912 2029 δυοκαίδεκα
928 1970 1024 2030 πᾶσαι

179 2071 329 2152 χρύσειαι,
346 2063 468 2148 κληῗσιν
483 2067 682 2150 έύγνάμπτοις
697 2069 839 2148 ἀραρυῖαι.

180 2175 273 2256 ὅρμον
289 2173 313 2237 δ’
330 2173 494 2258 Εὐρυμάχῳ
510 2172 733 2237 πολυδαίδαλον
747 2171 840 2235 αὐτίκ’
857 2171 960 2249 ἔνεικε,

181 2278 320 2360 χρύσεον,
337 2275 530 2358 ἠλέκτροισιν
546 2275 696 2357 ἐερμένον,
712 2275 817 2354 ἠέλιον
832 2277 883 2342 ὥς.

180 2381 290 2462 ἕρματα
305 2381 331 2444 δ’
347 2379 553 2461 Εὐρυδάμαντι
568 2380 626 2443 δύω
643 2377 823 2461 θεράποντες
839 2379 956 2444 ἔνεικαν

181 2487 328 2566 τρίγληνα
338 2486 492 2565 μορόεντα
515 2483 602 2566 χάρις
618 2483 641 2546 δ’
659 2483 853 2563 ἀπελάμπετο
868 2482 980 2562 πολλή.

181 2591 214 2651 ἐκ
230 2587 254 2652 δ’
270 2589 325 2668 ἄρα
340 2581 540 2668 Πεισάνδροιο
555 2587 782 2668 Πολυκτορίδαο
798 2587 923 2653 ἄνακτος

180 2693 302 2772 ἴσθμιον
316 2689 434 2770 ἤνεικεν
449 2690 595 2772 θεράπων,
609 2692 791 2772 περικαλλὲς
807 2691 938 2773 ἀγαλμα.

182 2795 261 2860 ἀλλο
277 2795 301 2858 δ’
317 2794 362 2877 ἄρ’
381 2795 477 2862 ἀλλος
493 2799 587 2875 δῶρον
601 2789 734 2876 Ἀχαιῶν
750 2795 845 2858 καλὸν
859 2794 981 2860 ἔνεικεν.

181 2900 199 2977 ἡ
215 2903 270 2978 μὲν
286 2899 377 2964 ἔπειτ’
393 2897 529 2978 ἀνέβαιν’
544 2899 675 2977 ὐπερόϊα
689 2903 739 2962 δῖα
753 2902 910 2980 γυναικῶν,

182 3004 259 3087 τῇδ’
274 3001 320 3085 ἄρ’
336 3003 384 3082 ἀμ’
402 3004 574 3085 ἀμφίπολοι
589 3003 699 3083 ἔφερον
714 3001 899 3083 περικαλλέα
915 3009 1001 3084 δῶρα.

225 3111 266 3172 Οἱ
281 3109 306 3171 δ’
322 3111 365 3174 εἰς
380 3106 532 3192 ὀρχηστύν
546 3131 579 3170 τε
594 3104 642 3170 καί
660 3107 842 3187 ἱμερόεσσαν
858 3106 961 3185 ἀοιδὴν

182 3210 365 3293 τρεψάμενοι
381 3213 534 3293 τέρποντο,
550 3209 642 3290 μένον
656 3211 681 3273 δ’
697 3211 746 3274 ἐπὶ
762 3209 891 3292 ἕσπερον
908 3213 1017 3275 ἐλθεῖν.
1075 3271 1082 3287 ,

181 3321 261 3380 τοῖσι
276 3318 308 3378 δὲ
327 3315 539 3396 τερπομένοισι
553 3313 648 3390 μέλας
663 3315 713 3377 έπὶ
732 3314 859 3396 ἕσπερος
874 3314 975 3392 ἦλθεν.
1038 3321 1040 3326 ’

182 3421 288 3483 αὐτίκα
301 3423 478 3501 λαμπτῆρας
492 3424 571 3500 τρεῖς
587 3420 719 3483 ἵστασαν
734 3420 766 3482 έν
779 3418 969 3501 μεγάροισιν,

182 3526 263 3606 ὄφρα
278 3525 441 3604 φαείνοιεν·
463 3523 530 3605 περὶ
546 3524 578 3586 δὲ
594 3520 671 3600 ξύλα
686 3523 820 3605 κάγκανα
835 3527 938 3602 θῆκαν,

182 3626 239 3690 αὐα
253 3626 349 3691 πύλαι
365 3627 519 3708 περίκηλα,
539 3626 607 3691 νέον
626 3626 812 3706 κεκεασμένα
827 3632 941 3714 χαλκῷ,

183 3732 231 3794 καὶ
246 3728 349 3796 δαίδας
365 3728 554 3814 μετέμισγον·
579 3728 739 3812 ἀμοιβηδὶς
754 3731 780 3794 δ’
795 3730 960 3813 ἀνέφαινον
1075 3757 1125 3806 3¹0

593 3853 618 3902 ι)
634 3839 656 3902 d
673 3855 692 3922 3
