2746 4228
501 341 539 388 ι.
564 326 734 387 ΙΛΙΑΔΟΣ
756 332 795 387 Α.

168 493 304 573 ἡδυεπὴς
319 491 476 576 ἀνόρουσε,
492 492 579 577 λιγὺς
593 495 718 560 Πυλίων
733 494 890 577 ἀγορητής,

170 604 226 660 τοῢ
242 599 291 661 καὶ
306 597 366 662 ἀπὸ
381 598 527 680 γλώσσης
541 597 663 677 μέλιτος
676 600 809 680 γλυκίων
822 598 891 682 ῥέεν
905 596 1023 679 αὐδή-

170 703 215 786 τῷ
231 700 257 765 δ’
272 699 327 779 ἤδη
344 700 396 763 δόο
411 703 467 779 μέυ
481 702 582 784 γενεαὶ
596 701 736 784 μερόπων
751 703 915 784 ἀνθρώπων
1071 728 1118 778 250

170 803 292 886 ἐφθίαθ’
294 850 304 878 ,
320 805 351 867 οἵ
364 806 394 868 σί
409 805 543 886 πρόσθεν
557 802 618 883 ἅμα
632 803 747 887 τράφεν
761 805 805 883 ἠδ’
821 805 961 889 ἐγένοντο

170 910 207 973 ἐν
221 906 314 992 Πόλιρ
329 907 453 994 ἠγαθέῃ,
468 909 544 986 μετὰ
558 909 591 970 δέ
606 906 790 990 τριτάτοισιν
804 908 984 974 άνασσεν-

170 1011 190 1072 ὅ
205 1017 282 1091 σφιν
297 1009 467 1092 ἐϋφρονέων
482 1008 654 1092 ἀγορήσατο
669 1011 718 1074 καὶ
732 1010 898 1090 μετέειπεν.

171 1111 226 1176 “ὦ
241 1113 343 1186 πόποι,
359 1113 379 1193 ἦ
391 1111 471 1196 μέγα
485 1112 594 1180 πένθος
607 1113 750 1197 Ἀχαιίδα
764 1119 854 1196 γαῖαν
870 1113 974 1182 ἱκάνει·

170 1215 193 1294 ἦ
207 1242 258 1281 κεν
271 1215 404 1298 γηθήσαι
420 1218 556 1298 Πρίαμος
570 1215 722 1298 Πριάμοιό
735 1241 769 1282 τε
784 1221 888 1283 παῖδες
1070 1245 1082 1278 2
1086 1245 1099 1294 5
1104 1246 1116 1293 5

171 1318 264 1383 ἄλλοι
279 1345 313 1384 τε
326 1324 428 1402 Τρῶες
441 1318 521 1402 μέγα
536 1345 587 1384 κεν
602 1320 780 1402 κεχαροίατο
795 1321 895 1404 θυμῷ,

171 1424 200 1485 εί
215 1429 315 1504 σφῶϊν
329 1422 400 1487 τάδε
415 1421 513 1488 πάντα
527 1425 671 1487 πυθοίατο
684 1423 906 1506 μαρναμένοιϊν,

170 1524 200 1588 οἳ
214 1527 283 1608 περὶ
297 1527 353 1604 μὲν
366 1523 486 1607 βουλὴν
502 1532 640 1599 Δαναῶν,
656 1528 724 1608 περὶ
739 1526 765 1590 δ’
781 1528 852 1590 ἐστὲ
866 1524 1030 1610 μάχεσθαι.

170 1629 253 1691 ἄλλα
268 1627 398 1692 πίθεσθ’·
422 1629 513 1710 άμφω
529 1632 561 1693 δέ
576 1628 709 1712 νεωτέρω
724 1629 816 1695 ἐστὸν
830 1631 923 1708 ἐμεῖο·

168 1727 225 1808 ἤδη
240 1729 298 1813 γάρ
313 1731 378 1795 ποτ’
394 1732 453 1815 ἐγὼ
470 1733 519 1796 καὶ
535 1733 670 1815 ἀρείοσιν
684 1731 720 1812 ἠέ
734 1757 790 1814 περ
804 1733 874 1811 ὑμῖν
1069 1745 1116 1796 260

169 1831 315 1914 ἀνδράσιν
330 1833 479 1913 ὡμίλησα,
496 1836 545 1899 καὶ
561 1835 596 1898 σά
611 1834 685 1898 ποτέ
698 1834 728 1914 μ’
745 1837 776 1900 σί
788 1834 816 1917 γ’
833 1833 979 1918 ἀθέριζον.

169 1936 203 1998 οὐ
217 1935 276 2018 γάρ
291 1961 338 2000 πω
352 1937 532 2003 τὀίσυςίδου
547 1937 653 2021 ἀνέρας
668 1938 736 2002 οὐδὲ
750 1940 867 2016 ἴδωμαι,

167 2040 235 2104 σίου
249 2041 412 2122 Πειρίθοόν
425 2065 459 2104 τε
475 2039 615 2123 Δρόαυτά
629 2065 671 2114 τε,
687 2039 815 2120 ποιμένα
828 2046 922 2114 λαῶν,

168 2140 282 2206 Καινέα
296 2141 321 2205 τ’
336 2140 478 2221 Ἐξάδιόν
492 2168 526 2208 τε
541 2144 590 2207 καὶ
606 2144 743 2208 ἀντίθεον
757 2142 948 2224 Πολύφημον

167 2241 294 2332 [Θησέα
308 2244 334 2309 τ’
349 2244 502 2329 Αἰγείδην,
518 2245 688 2311 ἐπιείκελον
703 2239 924 2332 άθσνάτοισιν]·
962 2291 964 2294 -
987 2291 989 2296 -
1067 2265 1113 2327 265

167 2347 321 2431 κάρτιστοι
337 2349 373 2429 δὴ
389 2354 482 2415 κεῖνσι
498 2350 681 2434 ἐπιχθονίων
694 2347 809 2430 τράφεν
823 2349 948 2431 ἀνδρῶν·

166 2451 321 2534 κάρτιστοι
335 2455 391 2532 μὲν
406 2453 483 2518 ἐσαν
496 2453 546 2516 καὶ
562 2454 733 2534 καρτίστοις
748 2449 906 2534 ἐμάχοντο,

165 2556 286 2636 Φηρσὶν
300 2554 489 2642 ὀρεσκῴοισι,
506 2557 555 2620 καὶ
570 2553 729 2638 ἐκπάγλως
744 2555 932 2620 ἀπόλεσσαν.

165 2659 215 2722 καὶ
229 2660 286 2737 μὲν
298 2663 398 2724 τοῖσιν
412 2659 472 2742 ἐγὼ
486 2658 669 2738 μεθομίλεον
683 2659 717 2722 ἐκ
731 2657 836 2721 Πάλσυ
851 2659 958 2734 ἐλθόν,

164 2760 295 2838 τηλόθεν
309 2761 346 2841 ἐξ
358 2763 448 2841 ἀπίης
461 2762 560 2845 γαίης·
583 2760 753 2826 καλέσαντα
766 2763 825 2843 γὰρ
839 2761 933 2825 αὐτοί·
1064 2788 1112 2841 270

165 2863 225 2926 καὶΙ
229 2864 371 2947 μαχόμην
385 2864 449 2929 κατ’
465 2865 510 2944 ἔμ’
527 2864 617 2929 αὐτὸν
631 2865 701 2947 ἐγό·
725 2863 852 2928 κείνοισι
866 2864 893 2928 Ἰδ’
909 2864 947 2930 ἂν
962 2865 1056 2934 οὔτις

163 2970 226 3030 τῶν
240 2965 269 3029 οἳ
283 2972 336 3032 νῦν
349 2968 458 3050 βροτοί
472 2971 552 3033 εἰσιν
566 2967 735 3051 ἐπιχθόνιοι
748 2965 904 3049 μαχέοιτο·
935 2986 940 3032 J
988 3009 989 3012 =

54 3153 58 3158 Ι
165 3069 215 3131 καὶ
228 3066 285 3147 μέν
298 3094 354 3147 μευ
367 3069 508 3151 βουλέων
522 3069 621 3150 ξίυιεν
635 3069 778 3135 πείθοντό
790 3094 825 3132 τε
838 3069 931 3155 μύθῳ·

165 3172 249 3233 άλλᾶ
263 3171 390 3237 πίθεσθε
406 3174 455 3237 καὶ
469 3173 572 3253 ὔμμες,
589 3174 655 3236 ἐπεὶ
670 3173 830 3236 πείθεσθαι
845 3173 978 3252 ἄμεινον·

162 3271 240 3351 μήτε
255 3271 294 3335 σὺ
307 3273 386 3338 τόνδ’
404 3277 516 3358 ἀγαθός
530 3302 587 3358 περ
603 3276 660 3341 ἐὸν
675 3275 819 3356 ἀποαίρεο
835 3277 952 3359 κούρην,
972 3311 975 3320 v
1062 3304 1110 3358 275

164 3374 234 3438 ἀλλ’
251 3376 296 3448 ἔα,
312 3377 352 3442 ὥς
366 3379 396 3440 σί
410 3384 512 3459 πρῶτα
527 3378 623 3443 δόσαν
635 3376 726 3461 γέρας
739 3378 802 3444 υίες
815 3377 959 3463 Ἀχαιῶν·

162 3476 239 3557 μήτε
254 3477 302 3551 σά,
317 3478 464 3558 Πηλείδη,
481 3480 561 3545 ἔθελ’
577 3479 741 3562 ἐριζέμεναι
756 3487 889 3562 βασιλῆϊ

164 3581 314 3661 ἀντιβίην,
330 3583 397 3646 ἐπεὶ
413 3582 447 3645 σθ
461 3583 528 3647 ποθ
545 3584 649 3663 ὁμοίης
664 3585 774 3666 ἔμμορε
788 3589 875 3665 τιμῆς

164 3689 355 3768 σκηπτοῦχος
369 3685 528 3764 βασιλεύς,
544 3683 568 3772 φ’
582 3711 617 3750 τε
632 3686 707 3752 Ζεὺς
723 3693 809 3754 κῦδος
824 3690 944 3755 ἔδωκεν.

606 3789 663 3854 133
