2834 4234
498 387 547 445 14.
571 372 805 432 οΔκΣΣΕιΑΣ
837 373 873 432 Ξ.
1092 381 1153 454 735

205 539 224 618 ή
243 566 276 605 κε
292 540 372 624 Φύγῃ
390 541 440 603 καί
453 542 504 604 κέν
519 542 547 604 οἱ
560 541 698 626 ὑπέρσχῃ
715 545 803 624 χεῖρα
819 543 961 622 Κρονίων.

205 644 274 707 ἀλλ’
291 643 346 727 ἀγε
360 669 412 724 μοι
431 644 478 721 σύ,
493 643 605 727 γεραιέ,
620 647 658 706 τά
672 643 703 706 σ’
719 644 808 709 αὐτοῦ
824 643 903 722 κήδε’
918 647 1048 720 ἐνίσπες,
1111 659 1154 720 ¹85

205 749 256 811 καί
269 773 320 826 μοι
335 746 413 811 τοῦτ’
429 748 595 829 ἀγόρευσον
611 746 764 826 ἐτήτυμον,
780 748 850 829 ὄφρ’
867 747 899 812 ἔῢ
915 751 994 812 εἰδῶ·

205 854 249 917 τίς
265 854 358 915 πόθεν
374 854 417 917 εἰς
433 853 548 933 ἀνδρῶν
561 876 572 925 ,·
595 851 665 914 πόθι
681 877 727 916 τοι
743 854 833 917 πόλις
848 851 901 930 ἠδὲ
916 856 1021 931 τοκῆες
1034 878 1044 926 ,·

206 956 334 1032 ὁπποίης
351 955 377 1018 τ’
393 957 443 1020 ἐπὶ
459 955 529 1034 νηὸς
545 958 664 1036 ἀφίκεο·
688 964 753 1021 πῶς
768 956 801 1020 δέ
816 983 854 1020 σε
869 960 973 1020 ναῦται

204 1058 319 1141 ἤγαγον
335 1062 378 1126 εἰς
392 1057 513 1137 Ἰθάκην
526 1085 537 1133 ,·
561 1061 640 1125 τίνες
656 1060 780 1139 ἔμμεναι
796 1061 1003 1144 εάχετόωντο,·

205 1162 240 1226 οὔ
252 1165 308 1241 μὲν
323 1163 379 1244 γάρ
395 1163 423 1226 τί
439 1189 476 1227 σε
492 1163 584 1240 πεζὸν
600 1161 698 1241 ὀίομαι
714 1161 813 1226 ἐνθάδ’
831 1161 977 1226 ἱκέσθαι.”
1105 1190 1155 1241 190

248 1267 312 1329 Τὸν
327 1267 352 1329 δ’
368 1267 614 1347 ἀπαμειβόμενος
629 1267 769 1347 προσέφη
786 1267 953 1346 πολύμητις
968 1265 1143 1332 Ὀδυσσεό,Ι

207 1377 224 1403 “
234 1373 340 1452 τοιγάρ
356 1371 415 1452 ἐγώ
431 1396 479 1433 τοι
495 1375 588 1434 ταῦτα
602 1368 674 1448 μάλ’
691 1371 836 1451 ἀτρεκέως
852 1370 1017 1451 ἀγορεύσω.
1076 1383 1077 1386 ’

206 1477 252 1550 εἴη
267 1477 324 1551 μὲν
340 1479 392 1538 νῦν
408 1480 479 1537 νῶϊν
496 1471 545 1537 ἐπὶ
561 1475 672 1555 χρόνον
688 1475 763 1552 ἡμὲν
779 1474 873 1551 ἐδωδὴ

205 1575 258 1654 ἠδὲ
272 1576 348 1656 μέθυ
366 1584 512 1659 γλυκερὸν
527 1578 648 1655 κλισίης
664 1577 811 1660 ἔντοσθεν
826 1580 920 1656 ἐοῦσι,

206 1681 365 1746 δαίνυσθαι
381 1678 504 1757 ἀκέοντ’,
520 1680 612 1743 ἄλλοι
628 1679 653 1744 δ’
669 1678 718 1745 έπί
735 1681 823 1762 ἔργον
839 1682 950 1746 ἕποιεν·

204 1786 325 1866 ῥηϊδίως
340 1811 391 1848 κεν
407 1785 511 1848 ἔπειτα
528 1783 576 1847 καὶ
592 1787 635 1850 εἰς
652 1785 789 1849 ε’νιαυτάν
806 1785 924 1850 ἅπαντα

206 1888 285 1951 οὔτι
301 1886 494 1969 διαπρήξαιμι
509 1887 611 1970 λέγων
626 1888 684 1968 ἐμὰ
700 1887 791 1966 κήδεα
806 1893 909 1967 θυμοῦ,

206 1993 288 2054 ὅσσα
303 2017 338 2073 γε
355 1992 390 2069 δή
407 1990 563 2068 ξύμπαντα
579 1995 656 2055 θεῶν
672 1993 766 2069 ἰότητι
781 1991 912 2074 μόγησα.

205 2098 238 2157 ἐκ
254 2097 310 2174 μὲν
327 2093 470 2174 Κρητάων
484 2093 573 2174 γένος
589 2094 715 2179 εὔχομαι
731 2093 881 2175 εὐρειάων,

205 2198 311 2279 ἀνέρος
326 2199 464 2278 ἀφνειοῖο
480 2197 559 2264 πάϊς·
582 2199 696 2261 πολλοὶ
711 2201 744 2262 δὲ
760 2196 808 2261 καί
824 2196 916 2262 ἄλλοι
1104 2227 1153 2260 200

205 2302 284 2368 υἱέες
300 2305 334 2366 έν
347 2301 467 2385 μεγάρῳ
483 2301 557 2382 ἠμὲν
573 2300 688 2382 τράφεν
703 2298 748 2380 ἠδ’
766 2301 907 2383 ἐγένοντο

206 2405 327 2487 γνήσιοι
344 2405 380 2484 ἐξ
394 2407 519 2488 ἀλόχου·
541 2407 594 2484 ε’μέ
609 2403 634 2470 δ’
649 2405 746 2484 ὠνητὴ
761 2405 828 2470 τέκε
842 2405 938 2490 μήτηρ

206 2511 369 2586 παλλακίς,
385 2510 469 2574 ἀλλά
483 2536 521 2589 με
530 2510 605 2572 ἰσον
624 2507 845 2590 ἰθαιγενέεσσιν
860 2512 948 2591 ἐτίμα

208 2614 338 2696 Κάστωρ
351 2611 524 2691 Ὑλακίδης,
540 2617 593 2675 τοῦ
609 2613 667 2694 ἐγὼ
683 2611 770 2694 γένος
786 2613 911 2696 εὔχομαι
928 2615 1014 2679 εἶναι·

206 2719 238 2785 ἀς
255 2719 314 2782 τότ’
331 2720 377 2782 ε’νὶ
393 2716 548 2800 Κρήτεσσι
564 2721 632 2782 θεὸς
648 2717 687 2782 ἀς
703 2719 782 2780 τίετο
799 2716 880 2801 δήμῳ

207 2826 293 2908 ὄλβῳ
309 2848 342 2887 τε
357 2822 478 2904 πλούτῳ
494 2846 527 2885 τε
544 2822 593 2884 καὶ
607 2819 692 2885 υίάσι
709 2821 928 2899 κυδαλίμοισιν.

207 2924 277 2989 ἀλλ’
294 2926 313 3006 ἦ
328 2952 375 2988 τοι
391 2932 443 2989 τὸν
460 2927 545 3008 κῆρες
562 2926 641 3004 ἔβαν
657 2924 798 2988 θανάτοιο
814 2924 960 3006 φέρουσαι

208 3033 252 3096 εἰς
266 3028 370 3092 Ἀίδαο
386 3030 503 3109 δόμους·
527 3027 573 3091 τοὶ
589 3030 621 3092 δὲ
639 3028 715 3108 ζωήν
731 3027 878 3092 ἐδάσαντο

207 3137 312 3199 παῖδες
325 3132 489 3215 ὑπέρθυμοι
505 3130 554 3195 καί
569 3132 619 3195 ἐπὶ
635 3129 764 3214 κλήρους
779 3131 938 3212 ἐβάλοντο,

207 3239 296 3318 αὐτὰρ
313 3239 379 3318 ἐμοὶ
393 3236 477 3318 μάλα
492 3242 590 3318 παῦρα
605 3237 701 3300 δόσαν
718 3239 766 3300 καὶ
782 3235 854 3300 οἰκί’
870 3239 1001 3318 ἔνειμαν.
1106 3269 1155 3304 210

206 3342 364 3423 ἠγαγόμην
378 3345 411 3405 δὲ
426 3346 553 3421 γυναῖκα
571 3340 771 3423 πολυκλήρων
786 3343 951 3424 ἀνθρώπων

210 3443 297 3508 εἵνεκ’
316 3447 389 3523 ἐμῆς
405 3446 520 3528 ἀρετῆς,
536 3443 602 3509 ε’πεί
618 3445 669 3507 οὐκ
687 3443 862 3524 ἀποφώλιος
878 3444 917 3525 ήα

208 3549 274 3613 οὐδὲ
290 3551 532 3629 φυγοπτόλεμος·
556 3554 607 3614 νῦν
622 3547 647 3613 δ’
663 3547 719 3627 ἤδη
737 3548 833 3613 πάντα
849 3548 1003 3614 λέλοιπεν·

209 3650 280 3716 ἀλλ’
296 3651 391 3730 ἔμπης
407 3653 545 3731 καλάμην
559 3654 595 3736 γέ
611 3650 641 3714 σ’
656 3651 758 3732 ὀίομαι
774 3654 957 3734 εἰσορόωντα

208 3757 399 3839 γιγνώσκειν·
423 3755 442 3836 ή
456 3759 514 3840 γάρ
529 3783 566 3837 με
582 3757 635 3837 δίη
652 3757 717 3841 ἔχει
732 3755 825 3837 ἤλιθα
839 3759 951 3838 πολλή.
