2728 4230
490 363 519 432 5.
546 353 715 412 ιΛιΑΔοΣ
738 353 774 412 α.
1027 320 1030 327 ’
1063 364 1104 432 95
1165 362 1168 368 ·

162 517 277 583 ἐλθόντ’
293 519 327 581 ἐκ
343 516 489 598 πολέμοιο
505 523 554 582 καὶ
562 519 655 596 γ,αἰνῆς
670 521 835 596 δηϊοτῆτος.

161 623 201 707 τῷ
216 627 269 688 νῦν
282 621 436 702 Τυδείδης,
453 625 481 687 εἰ
496 623 545 687 καὶ
559 621 643 702 μάλα
658 622 798 704 καρτερός
813 624 888 700 ἐστι,
1055 653 1104 702 410

161 723 321 806 φραζέσθω
335 724 378 804 μή
392 726 438 791 τίς
452 727 482 790 οἰ
497 725 627 804 ἀμείνων
642 729 708 788 σεῖο
723 721 865 806 μάχηται,

78 835 81 840 '
159 827 199 906 μὴ
215 827 271 906 δῆν
286 826 456 910 Αἰγιάλεια,
472 829 628 910 περίφρων
644 823 838 908 Ἀδρηστίνη,

161 929 197 1008 ἐξ
208 931 303 994 ὕπνου
317 930 441 1012 γοόωσα
456 930 568 1011 φίλους
583 932 686 1008 οἰκῆας
704 930 816 1015 ἐγείρῃ,

161 1034 309 1115 κουρίδιον
323 1031 478 1096 ποθέουσα
492 1033 596 1108 πόσιν,
611 1031 663 1096 τδν
681 1032 807 1113 ἀριστον
823 1031 967 1116 Ἀχαιῶν,

160 1136 268 1217 ἰφθίμη
285 1136 401 1220 ἀλοχος
417 1134 584 1216 Διομήδεος
601 1134 812 1217 ἰππσδάμοιο.”
1054 1167 1101 1214 415

198 1237 242 1302 Ἥ
256 1241 303 1323 ῥα,
321 1241 371 1302 καὶ
387 1238 592 1325 ἀμφοτέρῃσιν
607 1237 656 1302 ἀπ’
674 1241 729 1322 ἰχῶ
745 1239 847 1324 χειρὸς
861 1241 992 1322 ὀμόργνυ

160 1342 270 1406 ἄλθετο
286 1341 364 1424 χείρ,
380 1341 482 1405 ὀδύναι
497 1343 531 1405 δὲ
545 1341 751 1420 κατηπιόωντο
765 1346 898 1422 βαρεῖαι

160 1445 190 1506 αἰ
205 1443 230 1508 δ’
247 1444 309 1507 οὔτ’
327 1445 511 1527 εἰσορόωσαι
525 1441 670 1523 Ἀθηναίη
683 1469 717 1509 τε
732 1445 781 1508 καὶ
792 1442 874 1527 Ἥρη

159 1549 325 1627 κερτομίοις
341 1546 468 1612 ἐπέεσσι
483 1548 545 1610 Δία
561 1549 709 1628 Κρονίδην
725 1547 866 1629 ἐρέθιζον.

158 1655 240 1714 τοῖσι
255 1653 288 1714 δὲ
302 1651 403 1731 μόθων
418 1649 493 1735 ήρχε
508 1653 563 1716 θεδ
577 1655 751 1733 γλαυκῶπις
768 1647 890 1730 Ἀθήνη·
1054 1681 1103 1730 4²0

159 1759 177 1787 “
191 1757 251 1816 Ζεῢ
262 1751 370 1835 πάτερ,
383 1753 402 1833 ή
416 1753 454 1836 ῥά
468 1755 498 1826 τί
512 1780 564 1834 μοι
581 1753 779 1837 κεχολάσεαι,
795 1754 859 1818 ὅττι
875 1780 926 1818 κεν
942 1758 1037 1830 εἴπω,·

158 1853 178 1932 ἦ
191 1853 275 1932 μάλα
290 1853 325 1934 δή
343 1880 411 1920 τινα
424 1856 537 1937 Κύπρις
554 1854 739 1940 Ἀχαιϊάδων
752 1857 874 1922 ἀνιεῖσα

157 1958 280 2038 Τρωσὶν
296 1957 357 2038 ἅμα
372 1957 518 2032 σπέσθαι,
531 1959 601 2026 τοὺς
616 1964 669 2023 νῦν
685 1957 811 2042 ἔκπαγλ’
827 1961 967 2040 ἐφίλησε,

158 2065 218 2124 τῶν
233 2063 301 2125 τινδι
317 2060 501 2143 καρρέζουσα
514 2061 700 2146 Ἀχαιϊάδων
715 2062 875 2128 έῦπέπλων

159 2163 233 2244 πράς
246 2162 362 2250 χρυσέη
377 2165 489 2251 περόνη
505 2163 693 2243 καταμόξατο
710 2171 800 2248 χεῖρα
815 2165 950 2248 ἀραιήν.”
1051 2195 1100 2245 425

196 2265 258 2334 Ὣς
273 2266 363 2348 φάτο,
378 2269 522 2346 μείδησεν
537 2270 570 2332 δὲ
586 2268 683 2348 πατὴρ
700 2271 817 2351 ἀνδρῶν
830 2295 863 2334 τε
879 2275 956 2333 θεῶν
971 2295 1013 2341 τε,

160 2372 211 2434 καί
218 2372 257 2452 ῥα
272 2370 502 2448 καλεσσάμενος
517 2371 660 2452 προσέφη
673 2371 807 2455 χρυσέην
823 2369 1014 2453 Ἀφροδίτην·

159 2479 176 2506 “
188 2473 221 2534 οὔ
236 2498 293 2546 τοι,
310 2471 415 2538 τέκνον
433 2474 516 2554 ἐμόν,
531 2473 650 2540 δέδοται
665 2474 818 2555 πολεμήϊα
833 2476 916 2558 ἔργα,

159 2576 242 2638 ἀλλά
258 2576 297 2638 σά
307 2563 339 2658 Ιγ’
356 2578 511 2656 ἱμερόεντα
526 2576 672 2661 μετέρχεο
687 2579 760 2661 ἔργα
775 2578 893 2661 γάμοιο,

159 2685 251 2743 ταῦτα
266 2678 293 2744 δ’
304 2678 394 2760 Ἀρηϊ
410 2683 471 2765 θοῷ
487 2682 535 2744 καὶ
551 2679 663 2768 Ἀθήνη
679 2681 780 2746 πάντα
791 2680 951 2760 μελήσει.”
1053 2709 1103 2758 430

195 2780 258 2848 Ὣς
274 2783 303 2846 οϊ
317 2783 373 2863 μὲν
387 2789 509 2848 τοιαῦτα
523 2785 597 2865 πρὸς
613 2783 768 2862 ἀλλήλους
783 2784 937 2868 ἀγόρευον,

159 2886 263 2970 Αἰνείᾳ
279 2884 305 2949 δ’
321 2886 469 2967 ἐπόρουσε
483 2887 564 2968 βοὴν
579 2888 691 2969 ἀγαθὸς
707 2887 873 2966 Διομήδης,

158 2989 336 3072 γιγυάσκων
352 2989 369 3052 ό
385 2991 414 3054 αἰ
429 2989 517 3056 αὐτὸς
531 2992 672 3073 ὑπείρεχε
687 2996 792 3074 χεῖρας
807 2989 979 3056 Ἀπόλλων·

160 3088 229 3155 ἀλλ’
246 3089 306 3174 ὅγ’
324 3091 369 3175 ἄρ’
386 3093 453 3156 οὐδὲ
469 3092 539 3158 θεὸν
553 3092 649 3176 μέγαν
664 3093 760 3172 ἀζετο,
777 3096 840 3158 ’ίετο
854 3095 879 3158 δ’
895 3097 954 3159 αἰεὶ

160 3197 282 3262 Αἰνείαν
297 3201 410 3260 κτεῖναι
426 3196 474 3259 καὶ
490 3195 550 3260 ἀπὸ
566 3199 659 3270 κλυτδ
674 3197 785 3280 τεόχεα
799 3202 898 3262 δῦσαι,
1054 3225 1101 3274 435

159 3301 222 3380 τρὶς
235 3303 291 3378 μὲν
308 3295 400 3362 ἔπειτ’
417 3299 564 3379 ἐπόρουσε
579 3297 798 3380 κατακτάμεναι
809 3302 982 3378 μενεαίνων,

160 3403 220 3483 τρὶς
234 3401 267 3466 δέ
284 3404 312 3466 οἰ
329 3399 512 3481 ἐστυφέλιξε
527 3403 658 3483 φαεινήν
672 3401 778 3466 ἀσπίδ’
794 3403 966 3468 Ἀπόλλων·

159 3507 227 3570 ἀλλ’
244 3509 294 3571 ὅτε
310 3506 346 3585 δή
363 3505 399 3568 τὸ
413 3503 555 3586 τέταρτον
571 3505 722 3570 ἐπέσσυτο
738 3507 858 3586 δαίμονι
872 3508 953 3584 ἶσος,

159 3613 240 3674 δεινά
255 3610 280 3675 δ’
297 3606 473 3688 ὁμοκλήσας
489 3607 629 3690 προσέφη
645 3608 786 3690 ἑκάεργος
800 3609 972 3676 Ἀπόλλων·

159 3721 179 3750 “
188 3712 310 3794 φράζεο,
326 3708 464 3790 Τυδείδη,
481 3711 530 3774 καὶ
545 3708 646 3793 χάζεο,
661 3713 736 3790 μηδὲ
752 3716 870 3778 θεοῖσιν
1049 3737 1099 3786 440
