<?xml version="1.0" encoding="UTF-8"?>
<!DOCTYPE html PUBLIC "-//W3C//DTD XHTML 1.0 Transitional//EN"
    "http://www.w3.org/TR/xhtml1/DTD/xhtml1-transitional.dtd">
<html xmlns="http://www.w3.org/1999/xhtml" xml:lang="en" lang="en">
 <head>
  <title>
</title>
<meta http-equiv="Content-Type" content="text/html;charset=utf-8" />
  <meta name='ocr-system' content='tesseract 3.04.00' />
  <meta name='ocr-capabilities' content='ocr_page ocr_carea ocr_par ocr_line ocrx_word'/>
</head>
<body>
  <div class='ocr_page' id='page_1' title='image "./homerioperaetre00homegoog_0171.png"; bbox 0 0 2728 4230; ppageno 0'>
   <div class='ocr_carea' id='block_1_1' title="bbox 475 345 1095 428">
    <p class='ocr_par' dir='ltr' id='par_1_1' title="bbox 475 345 1095 428">
     <span class='ocr_line' id='line_1_1' title="bbox 475 345 1095 428; baseline 0.003 -22"><span class='ocrx_word' id='word_1_1' title='bbox 475 345 503 412; x_wconf 88' lang='lat'>8.</span> <span class='ocrx_word' id='word_1_2' title='bbox 527 349 696 409; x_wconf 78' lang='grc' dir='ltr'>ΙΛΙΑΔΟΣ</span> <span class='ocrx_word' id='word_1_3' title='bbox 719 349 759 408; x_wconf 90' lang='grc' dir='ltr'>Θ.</span> <span class='ocrx_word' id='word_1_4' title='bbox 1035 361 1095 428; x_wconf 87' lang='lat'>155</span> 
     </span>
    </p>
   </div>
   <div class='ocr_carea' id='block_1_2' title="bbox 149 514 1103 3794">
    <p class='ocr_par' dir='ltr' id='par_1_2' title="bbox 149 514 1103 3794">
     <span class='ocr_line' id='line_1_2' title="bbox 154 514 940 599; baseline 0 -21"><span class='ocrx_word' id='word_1_5' title='bbox 154 514 323 598; x_wconf 84' lang='grc' dir='ltr'>φεύγοντες,</span> <span class='ocrx_word' id='word_1_6' title='bbox 341 516 454 579; x_wconf 84' lang='grc' dir='ltr'>πολλοὶ</span> <span class='ocrx_word' id='word_1_7' title='bbox 470 519 502 580; x_wconf 80' lang='grc' dir='ltr'>δέ</span> <span class='ocrx_word' id='word_1_8' title='bbox 518 514 611 595; x_wconf 86' lang='grc' dir='ltr'>δάμεν</span> <span class='ocrx_word' id='word_1_9' title='bbox 625 515 737 598; x_wconf 93' lang='grc' dir='ltr'>Τρώων</span> <span class='ocrx_word' id='word_1_10' title='bbox 751 514 809 579; x_wconf 79' lang='grc' dir='ltr'>ὑπὸ</span> <span class='ocrx_word' id='word_1_11' title='bbox 824 515 940 599; x_wconf 83' lang='grc' dir='ltr'>χερσίν,</span> 
     </span>
     <span class='ocr_line' id='line_1_3' title="bbox 153 619 1096 702; baseline 0.003 -20"><span class='ocrx_word' id='word_1_12' title='bbox 153 623 250 699; x_wconf 75' lang='grc' dir='ltr'>οἱμὲν</span> <span class='ocrx_word' id='word_1_13' title='bbox 266 619 301 699; x_wconf 73' lang='grc' dir='ltr'>δή</span> <span class='ocrx_word' id='word_1_14' title='bbox 318 621 399 702; x_wconf 80' lang='grc' dir='ltr'>παρὰ</span> <span class='ocrx_word' id='word_1_15' title='bbox 414 621 521 699; x_wconf 85' lang='grc' dir='ltr'>νηυσὶν</span> <span class='ocrx_word' id='word_1_16' title='bbox 536 619 694 701; x_wconf 88' lang='grc' dir='ltr'>ἐρητύοντο</span> <span class='ocrx_word' id='word_1_17' title='bbox 709 619 857 700; x_wconf 91' lang='grc' dir='ltr'>μένοντες,</span> <span class='ocrx_word' id='word_1_18' title='bbox 1049 647 1096 696; x_wconf 78' lang='lat'>345</span> 
     </span>
     <span class='ocr_line' id='line_1_4' title="bbox 153 722 834 802; baseline 0 -16"><span class='ocrx_word' id='word_1_19' title='bbox 153 722 321 802; x_wconf 89' lang='grc' dir='ltr'>ἀλλήλοισί</span> <span class='ocrx_word' id='word_1_20' title='bbox 334 748 367 788; x_wconf 89' lang='grc' dir='ltr'>τε</span> <span class='ocrx_word' id='word_1_21' title='bbox 384 725 560 802; x_wconf 80' lang='grc' dir='ltr'>κεκλόμενοι</span> <span class='ocrx_word' id='word_1_22' title='bbox 577 725 625 787; x_wconf 80' lang='grc' dir='ltr'>καὶ</span> <span class='ocrx_word' id='word_1_23' title='bbox 641 728 719 787; x_wconf 82' lang='grc' dir='ltr'>πᾶσι</span> <span class='ocrx_word' id='word_1_24' title='bbox 735 727 834 787; x_wconf 77' lang='grc' dir='ltr'>θεοῖσι</span> 
     </span>
     <span class='ocr_line' id='line_1_5' title="bbox 152 827 926 920; baseline 0.003 -29"><span class='ocrx_word' id='word_1_25' title='bbox 152 832 254 910; x_wconf 88' lang='grc' dir='ltr'>χεῖρας</span> <span class='ocrx_word' id='word_1_26' title='bbox 270 827 448 909; x_wconf 77' lang='grc' dir='ltr'>ἀνίσχοντες</span> <span class='ocrx_word' id='word_1_27' title='bbox 462 827 569 909; x_wconf 81' lang='grc' dir='ltr'>μεγάλ’</span> <span class='ocrx_word' id='word_1_28' title='bbox 588 827 772 909; x_wconf 79' lang='grc' dir='ltr'>εὐχετόωντο</span> <span class='ocrx_word' id='word_1_29' title='bbox 790 827 926 920; x_wconf 77' lang='grc' dir='ltr'>ἕκαστος·</span> 
     </span>
     <span class='ocr_line' id='line_1_6' title="bbox 149 928 952 1014; baseline 0.005 -22"><span class='ocrx_word' id='word_1_30' title='bbox 149 929 265 1011; x_wconf 84' lang='grc' dir='ltr'>Ἕκτωρ</span> <span class='ocrx_word' id='word_1_31' title='bbox 281 928 308 993; x_wconf 77' lang='grc' dir='ltr'>δ’</span> <span class='ocrx_word' id='word_1_32' title='bbox 324 931 603 1012; x_wconf 77' lang='grc' dir='ltr'>ἀμφιπεριστρώφα</span> <span class='ocrx_word' id='word_1_33' title='bbox 619 931 817 1014; x_wconf 90' lang='grc' dir='ltr'>καλλίτριχας</span> <span class='ocrx_word' id='word_1_34' title='bbox 834 933 952 1006; x_wconf 79' lang='grc' dir='ltr'>ἵππους,</span> 
     </span>
     <span class='ocr_line' id='line_1_7' title="bbox 154 1030 899 1116; baseline 0.003 -22"><span class='ocrx_word' id='word_1_35' title='bbox 154 1039 282 1115; x_wconf 84' lang='grc' dir='ltr'>Γοργοῦς</span> <span class='ocrx_word' id='word_1_36' title='bbox 297 1030 404 1113; x_wconf 84' lang='grc' dir='ltr'>ὄμματ’</span> <span class='ocrx_word' id='word_1_37' title='bbox 421 1033 500 1115; x_wconf 82' lang='grc' dir='ltr'>έχων</span> <span class='ocrx_word' id='word_1_38' title='bbox 514 1033 549 1111; x_wconf 79' lang='grc' dir='ltr'>ήέ</span> <span class='ocrx_word' id='word_1_39' title='bbox 563 1039 766 1116; x_wconf 77' lang='grc' dir='ltr'>βροτολοιγοῦ</span> <span class='ocrx_word' id='word_1_40' title='bbox 778 1032 899 1115; x_wconf 88' lang='grc' dir='ltr'>Ἀρηος.</span> 
     </span>
     <span class='ocr_line' id='line_1_8' title="bbox 194 1133 1098 1218; baseline 0 -20"><span class='ocrx_word' id='word_1_41' title='bbox 194 1135 272 1202; x_wconf 82' lang='grc' dir='ltr'>Τοὺς</span> <span class='ocrx_word' id='word_1_42' title='bbox 288 1137 320 1199; x_wconf 83' lang='grc' dir='ltr'>δέ</span> <span class='ocrx_word' id='word_1_43' title='bbox 336 1133 433 1199; x_wconf 84' lang='grc' dir='ltr'>ίδούσ’</span> <span class='ocrx_word' id='word_1_44' title='bbox 449 1134 559 1213; x_wconf 78' lang='grc' dir='ltr'>ἐλέησε</span> <span class='ocrx_word' id='word_1_45' title='bbox 576 1135 630 1200; x_wconf 84' lang='grc' dir='ltr'>θεὰ</span> <span class='ocrx_word' id='word_1_46' title='bbox 645 1138 832 1203; x_wconf 79' lang='grc' dir='ltr'>λευκώλενος</span> <span class='ocrx_word' id='word_1_47' title='bbox 843 1135 934 1218; x_wconf 87' lang='grc' dir='ltr'>Ἤρη,</span> <span class='ocrx_word' id='word_1_48' title='bbox 1049 1165 1098 1212; x_wconf 74' lang='lat'>350</span> 
     </span>
     <span class='ocr_line' id='line_1_9' title="bbox 154 1239 904 1322; baseline 0.001 -19"><span class='ocrx_word' id='word_1_49' title='bbox 154 1240 233 1321; x_wconf 83' lang='grc' dir='ltr'>αἶψα</span> <span class='ocrx_word' id='word_1_50' title='bbox 248 1239 273 1302; x_wconf 87' lang='grc' dir='ltr'>δ’</span> <span class='ocrx_word' id='word_1_51' title='bbox 287 1239 455 1319; x_wconf 81' lang='grc' dir='ltr'>Ἀθηναίην</span> <span class='ocrx_word' id='word_1_52' title='bbox 470 1239 544 1303; x_wconf 90' lang='grc' dir='ltr'>έπεα</span> <span class='ocrx_word' id='word_1_53' title='bbox 560 1240 723 1322; x_wconf 87' lang='grc' dir='ltr'>πτερόεντα</span> <span class='ocrx_word' id='word_1_54' title='bbox 739 1241 904 1322; x_wconf 84' lang='grc' dir='ltr'>προσηύδα·</span> 
     </span>
     <span class='ocr_line' id='line_1_10' title="bbox 156 1341 875 1425; baseline 0.003 -20"><span class='ocrx_word' id='word_1_55' title='bbox 156 1341 204 1405; x_wconf 89' lang='grc' dir='ltr'>“ῶ</span> <span class='ocrx_word' id='word_1_56' title='bbox 219 1343 321 1419; x_wconf 91' lang='grc' dir='ltr'>πόποι,</span> <span class='ocrx_word' id='word_1_57' title='bbox 338 1342 488 1425; x_wconf 79' lang='grc' dir='ltr'>αἰγιόχοιο</span> <span class='ocrx_word' id='word_1_58' title='bbox 505 1343 579 1408; x_wconf 88' lang='grc' dir='ltr'>Διδς</span> <span class='ocrx_word' id='word_1_59' title='bbox 595 1341 688 1416; x_wconf 84' lang='grc' dir='ltr'>τέκος,</span> <span class='ocrx_word' id='word_1_60' title='bbox 706 1342 805 1408; x_wconf 87' lang='grc' dir='ltr'>οὐκέτι</span> <span class='ocrx_word' id='word_1_61' title='bbox 821 1351 875 1410; x_wconf 89' lang='grc' dir='ltr'>νῶϊ</span> 
     </span>
     <span class='ocr_line' id='line_1_11' title="bbox 155 1443 956 1527; baseline 0.002 -19"><span class='ocrx_word' id='word_1_62' title='bbox 155 1443 328 1525; x_wconf 81' lang='grc' dir='ltr'>ὀλλυμένων</span> <span class='ocrx_word' id='word_1_63' title='bbox 345 1449 475 1509; x_wconf 80' lang='grc' dir='ltr'>Δαναῶν</span> <span class='ocrx_word' id='word_1_64' title='bbox 491 1445 705 1523; x_wconf 84' lang='grc' dir='ltr'>κεκαδησόμεθ’</span> <span class='ocrx_word' id='word_1_65' title='bbox 721 1445 865 1510; x_wconf 86' lang='grc' dir='ltr'>ὑστάτιόν</span> <span class='ocrx_word' id='word_1_66' title='bbox 879 1472 956 1527; x_wconf 72' lang='grc' dir='ltr'>περς</span> 
     </span>
     <span class='ocr_line' id='line_1_12' title="bbox 155 1547 900 1628; baseline 0.004 -18"><span class='ocrx_word' id='word_1_67' title='bbox 155 1550 185 1612; x_wconf 84' lang='grc' dir='ltr'>οί</span> <span class='ocrx_word' id='word_1_68' title='bbox 197 1574 248 1612; x_wconf 89' lang='grc' dir='ltr'>κεν</span> <span class='ocrx_word' id='word_1_69' title='bbox 264 1550 300 1628; x_wconf 80' lang='grc' dir='ltr'>δὴ</span> <span class='ocrx_word' id='word_1_70' title='bbox 317 1547 409 1612; x_wconf 89' lang='grc' dir='ltr'>κακδν</span> <span class='ocrx_word' id='word_1_71' title='bbox 425 1548 508 1611; x_wconf 83' lang='grc' dir='ltr'>οἶτον</span> <span class='ocrx_word' id='word_1_72' title='bbox 523 1547 754 1627; x_wconf 81' lang='grc' dir='ltr'>ἀναπλήσαντες</span> <span class='ocrx_word' id='word_1_73' title='bbox 770 1551 900 1613; x_wconf 90' lang='grc' dir='ltr'>ὄλωνται</span> 
     </span>
     <span class='ocr_line' id='line_1_13' title="bbox 155 1650 1097 1736; baseline 0.005 -22"><span class='ocrx_word' id='word_1_74' title='bbox 155 1652 259 1733; x_wconf 85' lang='grc' dir='ltr'>ἀνδρὸς</span> <span class='ocrx_word' id='word_1_75' title='bbox 274 1650 341 1717; x_wconf 81' lang='grc' dir='ltr'>ἐνὸς</span> <span class='ocrx_word' id='word_1_76' title='bbox 354 1651 437 1736; x_wconf 79' lang='grc' dir='ltr'>ῥιπῇ,</span> <span class='ocrx_word' id='word_1_77' title='bbox 455 1654 471 1714; x_wconf 88' lang='grc' dir='ltr'>ὁ</span> <span class='ocrx_word' id='word_1_78' title='bbox 487 1655 519 1714; x_wconf 82' lang='grc' dir='ltr'>δὲ</span> <span class='ocrx_word' id='word_1_79' title='bbox 534 1652 672 1731; x_wconf 89' lang='grc' dir='ltr'>μαίνεται</span> <span class='ocrx_word' id='word_1_80' title='bbox 688 1651 782 1715; x_wconf 92' lang='grc' dir='ltr'>οὐκέτ’</span> <span class='ocrx_word' id='word_1_81' title='bbox 800 1655 929 1720; x_wconf 81' lang='grc' dir='ltr'>ἀνεκτῶς</span> <span class='ocrx_word' id='word_1_82' title='bbox 1051 1681 1097 1730; x_wconf 83' lang='lat'>355</span> 
     </span>
     <span class='ocr_line' id='line_1_14' title="bbox 150 1755 918 1838; baseline 0.004 -21"><span class='ocrx_word' id='word_1_83' title='bbox 150 1755 266 1837; x_wconf 83' lang='grc' dir='ltr'>Ἕκτωρ</span> <span class='ocrx_word' id='word_1_84' title='bbox 282 1756 458 1837; x_wconf 81' lang='grc' dir='ltr'>Πριαμίδης,</span> <span class='ocrx_word' id='word_1_85' title='bbox 477 1756 525 1818; x_wconf 85' lang='grc' dir='ltr'>καὶ</span> <span class='ocrx_word' id='word_1_86' title='bbox 540 1755 576 1834; x_wconf 74' lang='grc' dir='ltr'>δή</span> <span class='ocrx_word' id='word_1_87' title='bbox 594 1757 669 1818; x_wconf 87' lang='grc' dir='ltr'>κακδι</span> <span class='ocrx_word' id='word_1_88' title='bbox 685 1759 788 1819; x_wconf 86' lang='grc' dir='ltr'>πολλά</span> <span class='ocrx_word' id='word_1_89' title='bbox 805 1755 918 1838; x_wconf 85' lang='grc' dir='ltr'>έοργε.”</span> 
     </span>
     <span class='ocr_line' id='line_1_15' title="bbox 194 1857 963 1942; baseline 0.005 -21"><span class='ocrx_word' id='word_1_90' title='bbox 194 1859 259 1937; x_wconf 78' lang='grc' dir='ltr'>Τὴν</span> <span class='ocrx_word' id='word_1_91' title='bbox 274 1857 298 1922; x_wconf 87' lang='grc' dir='ltr'>δ’</span> <span class='ocrx_word' id='word_1_92' title='bbox 315 1858 386 1921; x_wconf 86' lang='grc' dir='ltr'>αὐτε</span> <span class='ocrx_word' id='word_1_93' title='bbox 402 1857 566 1939; x_wconf 77' lang='grc' dir='ltr'>προσέειπε</span> <span class='ocrx_word' id='word_1_94' title='bbox 581 1861 636 1922; x_wconf 80' lang='grc' dir='ltr'>θεά</span> <span class='ocrx_word' id='word_1_95' title='bbox 651 1865 825 1942; x_wconf 81' lang='grc' dir='ltr'>γλαυκῶπις</span> <span class='ocrx_word' id='word_1_96' title='bbox 840 1859 963 1940; x_wconf 80' lang='grc' dir='ltr'>Ἀθήνη·</span> 
     </span>
     <span class='ocr_line' id='line_1_16' title="bbox 156 1959 868 2043; baseline 0.003 -18"><span class='ocrx_word' id='word_1_97' title='bbox 156 1969 173 1996; x_wconf 87' lang='grc'><strong>“</strong></span> <span class='ocrx_word' id='word_1_98' title='bbox 183 1962 232 2025; x_wconf 83' lang='grc' dir='ltr'>καὶ</span> <span class='ocrx_word' id='word_1_99' title='bbox 246 1961 318 2039; x_wconf 89' lang='grc' dir='ltr'>λίην</span> <span class='ocrx_word' id='word_1_100' title='bbox 333 1959 419 2026; x_wconf 87' lang='grc' dir='ltr'>αὐτός</span> <span class='ocrx_word' id='word_1_101' title='bbox 433 1987 470 2043; x_wconf 87' lang='grc' dir='ltr'>γε</span> <span class='ocrx_word' id='word_1_102' title='bbox 483 1959 573 2041; x_wconf 86' lang='grc' dir='ltr'>μένος</span> <span class='ocrx_word' id='word_1_103' title='bbox 589 1963 682 2041; x_wconf 91' lang='grc' dir='ltr'>θυμόν</span> <span class='ocrx_word' id='word_1_104' title='bbox 697 1961 721 2024; x_wconf 88' lang='grc' dir='ltr'>τ’</span> <span class='ocrx_word' id='word_1_105' title='bbox 739 1961 868 2039; x_wconf 81' lang='grc' dir='ltr'>ὀλέσειε,</span> 
     </span>
     <span class='ocr_line' id='line_1_17' title="bbox 154 2061 928 2150; baseline -0.003 -22"><span class='ocrx_word' id='word_1_106' title='bbox 154 2065 260 2148; x_wconf 84' lang='grc' dir='ltr'>χερσὶν</span> <span class='ocrx_word' id='word_1_107' title='bbox 275 2061 326 2127; x_wconf 84' lang='grc' dir='ltr'>ὑπ’</span> <span class='ocrx_word' id='word_1_108' title='bbox 343 2061 488 2145; x_wconf 86' lang='grc' dir='ltr'>Ἀργείων</span> <span class='ocrx_word' id='word_1_109' title='bbox 503 2065 649 2144; x_wconf 90' lang='grc' dir='ltr'>φθίμενος</span> <span class='ocrx_word' id='word_1_110' title='bbox 664 2066 698 2129; x_wconf 83' lang='grc' dir='ltr'>ἐν</span> <span class='ocrx_word' id='word_1_111' title='bbox 712 2065 832 2147; x_wconf 87' lang='grc' dir='ltr'>πατρίδι</span> <span class='ocrx_word' id='word_1_112' title='bbox 847 2066 928 2150; x_wconf 84' lang='grc' dir='ltr'>γαίῃ·</span> 
     </span>
     <span class='ocr_line' id='line_1_18' title="bbox 155 2164 1098 2253; baseline -0.001 -22"><span class='ocrx_word' id='word_1_113' title='bbox 155 2170 237 2231; x_wconf 82' lang='grc' dir='ltr'>ἀλλά</span> <span class='ocrx_word' id='word_1_114' title='bbox 254 2165 352 2248; x_wconf 79' lang='grc' dir='ltr'>πατὴρ</span> <span class='ocrx_word' id='word_1_115' title='bbox 369 2164 459 2246; x_wconf 86' lang='grc' dir='ltr'>ούμδς</span> <span class='ocrx_word' id='word_1_116' title='bbox 474 2168 567 2249; x_wconf 84' lang='grc' dir='ltr'>φρεσὶ</span> <span class='ocrx_word' id='word_1_117' title='bbox 583 2168 721 2247; x_wconf 86' lang='grc' dir='ltr'>μαίνεται</span> <span class='ocrx_word' id='word_1_118' title='bbox 736 2168 789 2230; x_wconf 91' lang='grc' dir='ltr'>οὐκ</span> <span class='ocrx_word' id='word_1_119' title='bbox 806 2169 947 2253; x_wconf 79' lang='grc' dir='ltr'>ἀγαθῇσι,</span> <span class='ocrx_word' id='word_1_120' title='bbox 1050 2181 1098 2242; x_wconf 78' lang='lat'>360</span> 
     </span>
     <span class='ocr_line' id='line_1_19' title="bbox 155 2269 938 2354; baseline 0.003 -20"><span class='ocrx_word' id='word_1_121' title='bbox 155 2269 306 2354; x_wconf 84' lang='grc' dir='ltr'>σχέτλιος,</span> <span class='ocrx_word' id='word_1_122' title='bbox 324 2269 389 2333; x_wconf 78' lang='grc' dir='ltr'>αίέν</span> <span class='ocrx_word' id='word_1_123' title='bbox 405 2271 537 2350; x_wconf 86' lang='grc' dir='ltr'>ἀλιτρός,</span> <span class='ocrx_word' id='word_1_124' title='bbox 554 2271 634 2349; x_wconf 88' lang='grc' dir='ltr'>έμῶν</span> <span class='ocrx_word' id='word_1_125' title='bbox 648 2269 762 2350; x_wconf 85' lang='grc' dir='ltr'>μενέων</span> <span class='ocrx_word' id='word_1_126' title='bbox 780 2271 938 2351; x_wconf 87' lang='grc' dir='ltr'>ἀπερωεύς·</span> 
     </span>
     <span class='ocr_line' id='line_1_20' title="bbox 156 2369 934 2453; baseline 0.003 -17"><span class='ocrx_word' id='word_1_127' title='bbox 156 2373 223 2437; x_wconf 83' lang='grc' dir='ltr'>οὐδέ</span> <span class='ocrx_word' id='word_1_128' title='bbox 236 2397 266 2436; x_wconf 92' lang='grc' dir='ltr'>τι</span> <span class='ocrx_word' id='word_1_129' title='bbox 281 2377 341 2436; x_wconf 91' lang='grc' dir='ltr'>τῶν</span> <span class='ocrx_word' id='word_1_130' title='bbox 355 2369 511 2451; x_wconf 84' lang='grc' dir='ltr'>μέμνηται,</span> <span class='ocrx_word' id='word_1_131' title='bbox 529 2373 547 2435; x_wconf 85' lang='grc' dir='ltr'>ό</span> <span class='ocrx_word' id='word_1_132' title='bbox 563 2373 591 2435; x_wconf 81' lang='grc' dir='ltr'>οἱ</span> <span class='ocrx_word' id='word_1_133' title='bbox 606 2371 689 2453; x_wconf 89' lang='grc' dir='ltr'>μάλα</span> <span class='ocrx_word' id='word_1_134' title='bbox 704 2372 853 2439; x_wconf 82' lang='grc' dir='ltr'>πολλάκις</span> <span class='ocrx_word' id='word_1_135' title='bbox 868 2373 934 2438; x_wconf 80' lang='grc' dir='ltr'>υίδν</span> 
     </span>
     <span class='ocr_line' id='line_1_21' title="bbox 155 2473 883 2559; baseline -0.003 -19"><span class='ocrx_word' id='word_1_136' title='bbox 155 2477 327 2559; x_wconf 91' lang='grc' dir='ltr'>τειρόμενον</span> <span class='ocrx_word' id='word_1_137' title='bbox 344 2476 483 2539; x_wconf 87' lang='grc' dir='ltr'>σώεσκον</span> <span class='ocrx_word' id='word_1_138' title='bbox 497 2473 545 2538; x_wconf 88' lang='grc' dir='ltr'>ὐπ’</span> <span class='ocrx_word' id='word_1_139' title='bbox 564 2475 739 2557; x_wconf 81' lang='grc' dir='ltr'>Εὐρυσθῆος</span> <span class='ocrx_word' id='word_1_140' title='bbox 754 2475 883 2542; x_wconf 83' lang='grc' dir='ltr'>ἀέθλων.</span> 
     </span>
     <span class='ocr_line' id='line_1_22' title="bbox 155 2577 1014 2661; baseline 0.005 -21"><span class='ocrx_word' id='word_1_141' title='bbox 155 2579 235 2658; x_wconf 85' lang='grc' dir='ltr'>ἦτοι</span> <span class='ocrx_word' id='word_1_142' title='bbox 252 2580 268 2641; x_wconf 87' lang='grc' dir='ltr'><em>ὃ</em></span> <span class='ocrx_word' id='word_1_143' title='bbox 283 2578 339 2659; x_wconf 71' lang='grc' dir='ltr'>μὲν</span> <span class='ocrx_word' id='word_1_144' title='bbox 357 2579 500 2642; x_wconf 88' lang='grc' dir='ltr'>κλαίεσκε</span> <span class='ocrx_word' id='word_1_145' title='bbox 514 2577 588 2660; x_wconf 88' lang='grc' dir='ltr'>πρδς</span> <span class='ocrx_word' id='word_1_146' title='bbox 607 2579 744 2660; x_wconf 86' lang='grc' dir='ltr'>οὐρανόν,</span> <span class='ocrx_word' id='word_1_147' title='bbox 761 2580 854 2661; x_wconf 79' lang='grc' dir='ltr'>αὐτὰρ</span> <span class='ocrx_word' id='word_1_148' title='bbox 869 2582 923 2659; x_wconf 76' lang='grc' dir='ltr'>ἐμὲ</span> <span class='ocrx_word' id='word_1_149' title='bbox 940 2579 1014 2644; x_wconf 86' lang='grc' dir='ltr'>Ζεὺς</span> 
     </span>
     <span class='ocr_line' id='line_1_23' title="bbox 155 2681 1101 2766; baseline 0.002 -22"><span class='ocrx_word' id='word_1_150' title='bbox 155 2684 195 2766; x_wconf 75' lang='grc' dir='ltr'>τῷ</span> <span class='ocrx_word' id='word_1_151' title='bbox 213 2681 467 2761; x_wconf 81' lang='grc' dir='ltr'>ἐπαλεξήσουσαν</span> <span class='ocrx_word' id='word_1_152' title='bbox 483 2682 533 2748; x_wconf 90' lang='grc' dir='ltr'>ἀπ’</span> <span class='ocrx_word' id='word_1_153' title='bbox 550 2683 713 2763; x_wconf 80' lang='grc' dir='ltr'>οὐρανόθεν</span> <span class='ocrx_word' id='word_1_154' title='bbox 728 2681 905 2764; x_wconf 76' lang='grc' dir='ltr'>προΐαλλεν.</span> <span class='ocrx_word' id='word_1_155' title='bbox 1054 2698 1101 2758; x_wconf 81' lang='lat'>365</span> 
     </span>
     <span class='ocr_line' id='line_1_24' title="bbox 156 2785 914 2874; baseline 0.003 -24"><span class='ocrx_word' id='word_1_156' title='bbox 156 2789 182 2850; x_wconf 87' lang='grc' dir='ltr'>εί</span> <span class='ocrx_word' id='word_1_157' title='bbox 197 2790 254 2870; x_wconf 84' lang='grc' dir='ltr'>γὰρ</span> <span class='ocrx_word' id='word_1_158' title='bbox 271 2787 330 2869; x_wconf 81' lang='grc' dir='ltr'>ἐγὼ</span> <span class='ocrx_word' id='word_1_159' title='bbox 347 2786 418 2851; x_wconf 92' lang='grc' dir='ltr'>τάδε</span> <span class='ocrx_word' id='word_1_160' title='bbox 433 2785 494 2872; x_wconf 74' lang='grc' dir='ltr'>ᾔδε’</span> <span class='ocrx_word' id='word_1_161' title='bbox 512 2789 557 2851; x_wconf 83' lang='grc' dir='ltr'>ἐνὶ</span> <span class='ocrx_word' id='word_1_162' title='bbox 573 2789 666 2869; x_wconf 84' lang='grc' dir='ltr'>φρεσὶ</span> <span class='ocrx_word' id='word_1_163' title='bbox 682 2789 914 2874; x_wconf 77' lang='grc' dir='ltr'>πευκαλίμῃσιν,</span> 
     </span>
     <span class='ocr_line' id='line_1_25' title="bbox 156 2887 854 2972; baseline 0.003 -20"><span class='ocrx_word' id='word_1_164' title='bbox 156 2890 221 2953; x_wconf 86' lang='grc' dir='ltr'>εὐτέ</span> <span class='ocrx_word' id='word_1_165' title='bbox 235 2915 288 2970; x_wconf 92' lang='grc' dir='ltr'>μιν</span> <span class='ocrx_word' id='word_1_166' title='bbox 303 2891 346 2956; x_wconf 82' lang='grc' dir='ltr'>είς</span> <span class='ocrx_word' id='word_1_167' title='bbox 359 2887 467 2953; x_wconf 84' lang='grc' dir='ltr'>Ἀίδαο</span> <span class='ocrx_word' id='word_1_168' title='bbox 482 2889 638 2971; x_wconf 84' lang='grc' dir='ltr'>πυλάρταο</span> <span class='ocrx_word' id='word_1_169' title='bbox 654 2891 854 2972; x_wconf 69' lang='grc' dir='ltr'>προύπεμψεν</span> 
     </span>
     <span class='ocr_line' id='line_1_26' title="bbox 155 2990 860 3074; baseline 0 -18"><span class='ocrx_word' id='word_1_170' title='bbox 155 2993 191 3072; x_wconf 81' lang='grc' dir='ltr'>ἐξ</span> <span class='ocrx_word' id='word_1_171' title='bbox 204 2991 350 3074; x_wconf 86' lang='grc' dir='ltr'>Ἐρέβευς</span> <span class='ocrx_word' id='word_1_172' title='bbox 366 2990 478 3071; x_wconf 81' lang='grc' dir='ltr'>ἄξοντα</span> <span class='ocrx_word' id='word_1_173' title='bbox 494 2993 566 3057; x_wconf 91' lang='grc' dir='ltr'>κύνα</span> <span class='ocrx_word' id='word_1_174' title='bbox 582 2999 729 3074; x_wconf 83' lang='grc' dir='ltr'>στυγεροῦ</span> <span class='ocrx_word' id='word_1_175' title='bbox 743 2992 860 3066; x_wconf 82' lang='grc' dir='ltr'>Ἀίδαο,</span> 
     </span>
     <span class='ocr_line' id='line_1_27' title="bbox 156 3093 920 3180; baseline 0.005 -22"><span class='ocrx_word' id='word_1_176' title='bbox 156 3096 207 3159; x_wconf 81' lang='grc' dir='ltr'>οὐκ</span> <span class='ocrx_word' id='word_1_177' title='bbox 223 3095 261 3159; x_wconf 86' lang='grc' dir='ltr'>ἀν</span> <span class='ocrx_word' id='word_1_178' title='bbox 275 3093 447 3180; x_wconf 81' lang='grc' dir='ltr'>ὑπεξέφυγε</span> <span class='ocrx_word' id='word_1_179' title='bbox 462 3096 577 3178; x_wconf 84' lang='grc' dir='ltr'>Στυγδς</span> <span class='ocrx_word' id='word_1_180' title='bbox 591 3097 699 3161; x_wconf 88' lang='grc' dir='ltr'>ύδατος</span> <span class='ocrx_word' id='word_1_181' title='bbox 714 3097 789 3160; x_wconf 83' lang='grc' dir='ltr'>αίπά</span> <span class='ocrx_word' id='word_1_182' title='bbox 803 3095 920 3178; x_wconf 83' lang='grc' dir='ltr'>ῥέεθρα.</span> 
     </span>
     <span class='ocr_line' id='line_1_28' title="bbox 155 3196 1103 3282; baseline 0 -20"><span class='ocrx_word' id='word_1_183' title='bbox 155 3203 207 3263; x_wconf 79' lang='grc' dir='ltr'>νῦν</span> <span class='ocrx_word' id='word_1_184' title='bbox 222 3198 246 3262; x_wconf 86' lang='grc' dir='ltr'>δ’</span> <span class='ocrx_word' id='word_1_185' title='bbox 264 3200 316 3278; x_wconf 82' lang='grc' dir='ltr'>έμέ</span> <span class='ocrx_word' id='word_1_186' title='bbox 330 3201 386 3278; x_wconf 76' lang='grc' dir='ltr'>μὲν</span> <span class='ocrx_word' id='word_1_187' title='bbox 401 3198 531 3282; x_wconf 88' lang='grc' dir='ltr'>στυγέει,</span> <span class='ocrx_word' id='word_1_188' title='bbox 548 3198 677 3264; x_wconf 84' lang='grc' dir='ltr'>Θέτιδος</span> <span class='ocrx_word' id='word_1_189' title='bbox 694 3197 718 3262; x_wconf 88' lang='grc' dir='ltr'>δ’</span> <span class='ocrx_word' id='word_1_190' title='bbox 736 3196 864 3280; x_wconf 79' lang='grc' dir='ltr'>ἐξήνυσε</span> <span class='ocrx_word' id='word_1_191' title='bbox 879 3199 1005 3279; x_wconf 89' lang='grc' dir='ltr'>βουλάς,</span> <span class='ocrx_word' id='word_1_192' title='bbox 1053 3227 1103 3274; x_wconf 81' lang='lat'>370</span> 
     </span>
     <span class='ocr_line' id='line_1_29' title="bbox 154 3301 918 3385; baseline 0 -20"><span class='ocrx_word' id='word_1_193' title='bbox 154 3301 218 3380; x_wconf 82' lang='grc' dir='ltr'><strong>ήοὶ</strong></span> <span class='ocrx_word' id='word_1_194' title='bbox 233 3301 353 3385; x_wconf 81' lang='grc' dir='ltr'>γούνατ’</span> <span class='ocrx_word' id='word_1_195' title='bbox 371 3301 483 3366; x_wconf 82' lang='grc' dir='ltr'>ἔκυσσε</span> <span class='ocrx_word' id='word_1_196' title='bbox 499 3303 547 3366; x_wconf 82' lang='grc' dir='ltr'>καὶ</span> <span class='ocrx_word' id='word_1_197' title='bbox 565 3301 682 3380; x_wconf 82' lang='grc' dir='ltr'>ἔλλαβε</span> <span class='ocrx_word' id='word_1_198' title='bbox 696 3303 776 3384; x_wconf 87' lang='grc' dir='ltr'>χειρὶ</span> <span class='ocrx_word' id='word_1_199' title='bbox 792 3303 918 3384; x_wconf 88' lang='grc' dir='ltr'>γενείου,</span> 
     </span>
     <span class='ocr_line' id='line_1_30' title="bbox 153 3402 865 3488; baseline 0 -22"><span class='ocrx_word' id='word_1_200' title='bbox 153 3402 324 3483; x_wconf 89' lang='grc' dir='ltr'>λισσομένη</span> <span class='ocrx_word' id='word_1_201' title='bbox 339 3407 464 3482; x_wconf 78' lang='grc' dir='ltr'>τιμῆσαι</span> <span class='ocrx_word' id='word_1_202' title='bbox 478 3403 634 3488; x_wconf 81' lang='grc' dir='ltr'>Ἀχιλλῆα</span> <span class='ocrx_word' id='word_1_203' title='bbox 649 3406 865 3485; x_wconf 87' lang='grc' dir='ltr'>πτολίπορθον.</span> 
     </span>
     <span class='ocr_line' id='line_1_31' title="bbox 155 3505 934 3594; baseline 0 -24"><span class='ocrx_word' id='word_1_204' title='bbox 155 3507 241 3570; x_wconf 80' lang='grc' dir='ltr'>ἐσται</span> <span class='ocrx_word' id='word_1_205' title='bbox 255 3510 316 3586; x_wconf 88' lang='grc' dir='ltr'>μδν</span> <span class='ocrx_word' id='word_1_206' title='bbox 331 3506 374 3568; x_wconf 82' lang='grc' dir='ltr'>ὅτ’</span> <span class='ocrx_word' id='word_1_207' title='bbox 391 3505 429 3569; x_wconf 84' lang='grc' dir='ltr'>δν</span> <span class='ocrx_word' id='word_1_208' title='bbox 444 3506 514 3572; x_wconf 87' lang='grc' dir='ltr'>αὐτε</span> <span class='ocrx_word' id='word_1_209' title='bbox 529 3508 626 3588; x_wconf 91' lang='grc' dir='ltr'>φίλην</span> <span class='ocrx_word' id='word_1_210' title='bbox 640 3507 838 3589; x_wconf 86' lang='grc' dir='ltr'>γλαυκώπιδα</span> <span class='ocrx_word' id='word_1_211' title='bbox 854 3510 934 3594; x_wconf 72' lang='grc' dir='ltr'>εἴπῃ.</span> 
     </span>
     <span class='ocr_line' id='line_1_32' title="bbox 154 3608 948 3690; baseline 0.004 -18"><span class='ocrx_word' id='word_1_212' title='bbox 154 3609 236 3673; x_wconf 83' lang='grc' dir='ltr'>ἀλλὰ</span> <span class='ocrx_word' id='word_1_213' title='bbox 253 3609 292 3673; x_wconf 82' lang='grc' dir='ltr'>σὺ</span> <span class='ocrx_word' id='word_1_214' title='bbox 306 3611 363 3689; x_wconf 77' lang='grc' dir='ltr'>μὲν</span> <span class='ocrx_word' id='word_1_215' title='bbox 378 3614 431 3674; x_wconf 82' lang='grc' dir='ltr'>νῦν</span> <span class='ocrx_word' id='word_1_216' title='bbox 447 3615 519 3674; x_wconf 89' lang='grc' dir='ltr'>νῶϊν</span> <span class='ocrx_word' id='word_1_217' title='bbox 535 3608 659 3674; x_wconf 77' lang='grc' dir='ltr'>ἐπέντυε</span> <span class='ocrx_word' id='word_1_218' title='bbox 673 3609 814 3690; x_wconf 88' lang='grc' dir='ltr'>μώνυχας</span> <span class='ocrx_word' id='word_1_219' title='bbox 829 3612 948 3683; x_wconf 81' lang='grc' dir='ltr'>ἵππους,</span> 
     </span>
     <span class='ocr_line' id='line_1_33' title="bbox 155 3709 1099 3794; baseline 0 -20"><span class='ocrx_word' id='word_1_220' title='bbox 155 3709 224 3794; x_wconf 86' lang='grc' dir='ltr'>ὄφρ’</span> <span class='ocrx_word' id='word_1_221' title='bbox 241 3712 278 3778; x_wconf 84' lang='grc' dir='ltr'>ἀν</span> <span class='ocrx_word' id='word_1_222' title='bbox 294 3713 355 3794; x_wconf 87' lang='grc' dir='ltr'>ἐγῶ</span> <span class='ocrx_word' id='word_1_223' title='bbox 374 3717 525 3775; x_wconf 82' lang='grc' dir='ltr'>καταδῦσα</span> <span class='ocrx_word' id='word_1_224' title='bbox 542 3710 616 3778; x_wconf 82' lang='grc' dir='ltr'>Διὸς</span> <span class='ocrx_word' id='word_1_225' title='bbox 632 3712 725 3791; x_wconf 89' lang='grc' dir='ltr'>δόμον</span> <span class='ocrx_word' id='word_1_226' title='bbox 741 3713 893 3794; x_wconf 77' lang='grc' dir='ltr'>αἰγιόχοιο</span> <span class='ocrx_word' id='word_1_227' title='bbox 1052 3737 1099 3786; x_wconf 69' lang='lat'>355</span> 
     </span>
    </p>
   </div>
   <div class='ocr_carea' id='block_1_3' title="bbox 0 0 1368 4230">
    <p class='ocr_par' dir='ltr' id='par_1_3' title="bbox 0 0 1368 4230">
     <span class='ocr_line' id='line_1_34' title="bbox 0 0 1368 4230; baseline 0 0"><span class='ocrx_word' id='word_1_228' title='bbox 0 0 1368 4230; x_wconf 95' lang='lat' dir='ltr'> </span> 
     </span>
    </p>
   </div>
  </div>
 </body>
</html>
