2738 4226
262 315 322 398 238
576 334 623 380 12.
648 319 818 379 ΙΛΙΑΔΟΣ
843 321 887 379 Μ.

259 489 299 566 μὴ
314 490 400 566 ίομεν
416 491 564 551 Δαναοῖσι
579 488 788 570 μαχησόμενοι
804 488 872 569 περὶ
888 493 977 566 νηῶν.

259 593 316 654 ὦδε
331 589 388 671 γὰρ
404 589 598 655 ἐκτελέεσθαι
614 590 725 670 ὀίομαι,
742 594 768 655 εί
785 591 869 656 ἐτεόν
884 617 920 672 γε

259 695 380 772 Τρωσὶν
395 694 437 756 ὅδ’
455 696 535 775 όρνις
551 692 626 772 ήλθε
641 693 842 774 περησέμεναι
857 699 1021 773 μεμαῶσιν,

261 795 359 862 αἰετὸς
373 795 523 878 ὑψιπέτης
538 795 584 859 ἐπ’
602 798 745 879 ἀριστερὰ
758 795 836 859 λαάν
851 796 971 878 ἐέργων,

261 897 425 978 φοινήεντα
440 900 587 981 δράκοντα
602 899 703 981 φέρων
719 899 867 981 ὀνύχεσσι
882 899 1021 979 πέλωρον
1158 925 1207 958 ιιο

263 1004 347 1079 ζωόν·
371 1005 454 1086 ἀφαρ
468 1003 494 1067 δ’
512 1003 627 1086 ἀφέηκε
642 1003 736 1086 πάρος
751 1005 830 1085 φίλα
845 1003 918 1067 οἰκί’
937 1003 1067 1078 ἱκέσθαι,

263 1107 321 1170 οὐδ’
338 1107 485 1171 ἐτέλεσσε
501 1105 603 1190 φέρων
618 1108 740 1186 δόμεναι
756 1106 914 1172 τεκέεσσιν
929 1110 1036 1170 έοῖσιν.

263 1213 302 1276 ῶς
316 1209 410 1290 ἡμεῖς,
427 1212 457 1273 εί
469 1210 524 1292 πέρ
540 1235 573 1274 τε
588 1211 685 1276 πύλας
700 1212 749 1274 καὶ
764 1217 865 1294 τεῖχος
879 1211 1014 1294 Ἀχαιῶν

262 1313 413 1394 ῥηξόμεθα
428 1313 530 1378 σθένεϊ
543 1312 678 1399 μεγάλῳ,
696 1311 800 1392 εἴξωσι
816 1314 840 1378 δ’
857 1313 990 1397 Ἀχαιοί,

263 1419 297 1480 οὐ
314 1419 416 1501 κόσμῳ
432 1421 512 1498 παρὰ
528 1422 639 1499 ναῦφιν
653 1417 829 1497 ἐλευσόμεθ’
847 1417 921 1480 αὐτὰ
937 1416 1075 1480 κέλευθα·
1160 1441 1207 1488 ιι5

265 1522 396 1587 πολλοὺς
410 1525 469 1603 γὰρ
483 1523 594 1602 Τρώων
609 1525 844 1604 καταλείψομεν,
862 1523 912 1587 οθς
928 1547 979 1585 κεν
993 1519 1116 1602 Ἀχαιοὶ

263 1627 368 1709 χαλκῷ
384 1626 544 1711 δῃώσωσιν
560 1627 740 1705 ἀμυνόμενοι
756 1627 824 1707 περὶ
840 1632 928 1704 νηῶν.

264 1729 321 1794 ὧδέ
335 1730 365 1814 χ’
381 1731 572 1811 ὑποκρίναιτο
588 1731 763 1810 θεοπρόπος,
781 1729 813 1795 ὃς
829 1728 916 1809 σάφα
932 1730 1013 1813 θυμῷ

265 1833 355 1911 εἰδείη
371 1831 484 1913 τεράων
500 1834 551 1897 καί
565 1834 594 1895 οἱ
609 1832 765 1895 πειθοίατο
779 1831 879 1895 λαοί.”

306 1935 368 1999 Τδν
378 1934 403 1998 δ’
410 1935 454 2017 ἀρ’
461 1936 575 2016 ὑπόδρα
585 1937 657 2000 ίδῖον
665 1935 806 2017 προσέφη
819 1933 1145 2016 κορυθαίολοςἝκτωρ·
1160 1961 1171 1994 2
1176 1961 1209 2008 30

265 2049 284 2074 “
296 2038 486 2118 Πουλυδάμα,
504 2038 542 2100 σδ
556 2041 612 2117 μὲν
626 2037 721 2102 οὐκέτ’
738 2040 804 2117 ἐμοὶ
820 2042 898 2118 φίλα
913 2037 993 2101 ταῦτ’
1010 2038 1173 2119 ἀγορεύεις·

265 2143 355 2206 οἶσθα
370 2143 418 2205 καὶ
433 2141 532 2205 ἀλλον
546 2146 641 2221 μῦθον
655 2143 799 2220 ἀμείνονα
813 2146 900 2204 τοῦδε
914 2145 1032 2218 νοῆσαι.

264 2248 290 2309 εί
306 2245 330 2309 δ’
348 2245 432 2309 ἐτεὸν
446 2245 482 2323 δὴ
498 2249 604 2309 τοῦτον
619 2244 679 2308 ἀπὸ
695 2249 828 2323 σπουδῆς
844 2244 1004 2327 ἀγορεύεις,

265 2347 300 2426 ἐξ
312 2351 370 2429 ἀρα
385 2347 421 2426 δή
436 2372 484 2410 τοι
499 2349 604 2411 ἔπειτα
619 2349 684 2410 θεοὶ
699 2347 812 2428 φρένας
828 2347 950 2411 ὤλεσαν
965 2347 1058 2421 αάτοί,

170 2492 172 2496 -
264 2450 296 2516 ὃς
313 2453 414 2514 κέλεαι
430 2448 527 2527 Ζηνὸς
540 2451 597 2528 μὲν
612 2450 800 2531 ἐριγδούποιο
815 2449 967 2514 λαθέσθαι
1162 2478 1174 2511 2
1180 2477 1210 2526 35

263 2552 411 2632 βουλέων,
428 2551 462 2618 ἀς
477 2550 512 2614 τέ
525 2577 577 2631 μοι
592 2551 680 2618 αὐτὸς
694 2551 846 2635 ὑπέσχετο
862 2555 911 2617 καὶ
927 2553 1095 2618 κατένευσε·

264 2658 334 2736 τύνη
350 2656 374 2720 δ’
393 2658 528 2720 οἰωνοῖσι
543 2655 801 2737 τανυπτερύγεσσι
817 2656 949 2722 κελεύεις

263 2763 432 2831 πείθεσθαι,
448 2765 508 2822 τῶν
524 2758 602 2821 οὔτι
616 2758 813 2840 μετατρέπομ’
831 2759 891 2823 οὐδ’
909 2761 1049 2841 ἀλεγίζω,

265 2865 316 2930 εἴτ’
331 2864 380 2927 ἐπὶ
396 2860 475 2941 δεξί’
492 2864 564 2926 ἰ’ωσι
579 2861 653 2943 πρὸς
667 2862 710 2940 ήῶ
725 2861 750 2924 τ’
767 2862 872 2941 ήέλιόν
886 2888 928 2935 τε,

265 2968 317 3031 εἶτ’
334 2967 380 3030 ἐπ’
398 2969 542 3048 ἀριστερὰ
557 2967 606 3029 τοί
619 2992 656 3049 γε
672 2967 742 3031 ποτὶ
759 2966 853 3048 ζόφον
867 2967 1018 3047 ἠερόεντα.
1164 2991 1212 3034 τιο

264 3070 349 3147 ἡμεῖς
364 3072 397 3133 δέ
413 3071 562 3151 μεγόλοιο
578 3069 652 3135 Διὸς
668 3070 840 3148 πειθώμεθα
854 3070 965 3155 βουλῇ,

265 3172 297 3237 ἀς
313 3177 389 3237 πᾶσι
405 3178 542 3251 θνητοῖσι
558 3175 607 3237 καὶ
623 3172 820 3239 ἀθανάτοισιν
835 3172 974 3236 ἀνάσσει.

265 3278 308 3340 εἶς
324 3277 427 3342 οίωνδς
442 3277 565 3356 ἀριστος
581 3277 747 3355 ἀμύνεσθαι
762 3277 830 3357 περὶ
846 3274 969 3356 τάτρης.

264 3379 349 3441 τίπτε
366 3377 403 3441 σὺ
419 3379 566 3445 δείδοικας
583 3379 718 3457 πόλεμον
734 3379 782 3442 καὶ
798 3380 936 3457 δηϊοτῆτα
945 3402 956 3449 ,·

265 3484 362 3560 εἴπερ
377 3480 434 3563 γάρ
449 3480 473 3542 τ’
491 3480 582 3544 ἄλλοι
597 3506 633 3563 γε
648 3482 716 3563 περὶ
732 3482 915 3561 κτεινώμεθα
930 3479 1039 3545 πάντες
1163 3505 1210 3554 ²45

266 3586 370 3664 νηυσὶν
385 3583 431 3646 ἐπ’
446 3582 602 3663 Ἀργείων,
620 3585 670 3646 σοὶ
686 3582 710 3647 δ’
728 3584 762 3647 οὒ
778 3582 845 3649 δέος
860 3583 924 3647 ἐστ’
940 3580 1120 3645 ἀπολέσθαι·

266 3689 299 3751 οὐ
314 3686 370 3770 γάρ
386 3711 432 3749 τοι
448 3689 549 3766 κραδίη
566 3684 719 3762 μενεδήϊος
735 3685 803 3748 οὐδὲ
817 3684 974 3767 μαχήμων.
