2908 4232
546 354 575 399 1.
597 339 828 400 ΟΔΤΣΣΕΙΑΣ
853 342 888 400 Α.
1126 351 1192 422 5ι9

244 509 354 571 τόσσοι
369 505 469 588 μητέρ’
487 507 560 588 ἐμὴν
575 513 714 589 μνῶνται,
731 509 873 592 τρύχουσι
888 513 921 572 δὲ
938 509 1030 575 οἶκον.

244 613 263 690 ῆ
280 610 307 676 δ’
323 610 382 675 οὔτ’
399 613 531 692 ἀρνεῖται
547 612 694 693 στυγερὸν
710 611 807 694 γάμον
823 613 891 676 αύτε
905 613 1049 692 τελευτὴν

245 719 369 793 ποιῆσαι
385 716 516 780 δύναται·
551 717 598 778 τοὶ
613 718 645 779 δὲ
662 717 862 796 φθινύθουσιν
878 716 994 781 έδοντες
1142 743 1190 794 ²5⁰

244 819 328 884 οἶκον
343 819 424 898 ἐμόν
458 819 536 901 τάχα
551 817 587 898 δή
602 845 639 897 με
653 807 861 900 διαρραίσουσι
879 816 927 882 καὶ
943 815 1060 883 αύτόν.”

287 927 355 986 Τὸν
364 921 390 986 δ’
408 921 653 1001 ἐπαλαστήσασα
668 923 823 1002 προσηύδα
842 921 968 987 Παλλάς
983 921 1107 1002 Ἀθήνη·

245 1025 299 1088 “ῶ
314 1028 417 1101 πόποι,
433 1025 451 1104 ἦ
467 1026 503 1104 δῆ
519 1027 639 1091 πολλδν
653 1025 854 1108 ἀποιχομένου
869 1026 1017 1102 Ὀδυσῆος

244 1129 323 1216 δεύῃ,
340 1130 357 1191 ὅ
373 1156 405 1193 κε
417 1132 606 1210 μνηστῆρσιν
619 1129 755 1194 ἀναιδέσι
770 1134 872 1212 χεῖρας
888 1130 986 1210 ἐφείη.

245 1238 271 1298 εί
287 1238 344 1316 γὰρ
359 1240 411 1298 νῦν
427 1235 524 1300 ἐλθὼν
540 1234 630 1312 δόμον
646 1235 678 1298 έν
694 1235 827 1318 πρώτῃσι
845 1234 952 1318 θύρῃσι
1144 1261 1190 1310 255

246 1337 344 1415 σταίη,
360 1338 439 1419 έχων
454 1336 576 1415 πήληκα
592 1334 640 1400 καί
656 1339 770 1400 ἀσπίδα
785 1339 834 1400 καὶ
849 1337 901 1399 δύο
918 1340 1014 1416 δοῦρε,

244 1446 324 1508 τοῖος
340 1443 397 1505 ἐῶν
412 1442 476 1505 οίόν
490 1466 542 1518 μιν
557 1441 616 1523 ἐγὼ
632 1443 669 1503 τδ
684 1439 776 1520 πρῶτ’
794 1441 906 1519 ἐνόησα

245 1549 316 1630 οἴκῳ
331 1549 365 1611 ἐν
380 1545 510 1629 ἡμετέρῳ
527 1545 649 1612 πίνοντιί
663 1571 696 1608 τε
711 1545 895 1624 τερπόμενόν
909 1568 951 1620 τε,

245 1647 280 1728 ἐξ
292 1649 425 1729 Ἐφύρης
441 1649 563 1714 ἀνιόντα
580 1649 646 1728 παρ’
658 1647 746 1711 Ἴλου
762 1649 959 1729 Μερμερίδαο·

244 1753 341 1838 ᾤχετο
358 1752 416 1836 γάρ
433 1754 482 1816 καὶ
497 1756 581 1815 κεῖσε
596 1755 668 1830 θοῆς
683 1749 733 1814 ἐπὶ
748 1752 818 1830 νηὸς
834 1751 1003 1818 Ὀδυσσεὺς
1143 1764 1192 1815 260

245 1857 403 1938 φάρμακον
418 1857 605 1936 ἀνδροφόνον
620 1854 784 1934 διζήμενος,
801 1857 882 1936 ὄφρα
897 1856 928 1918 οἱ
944 1857 988 1933 εἴη

247 1960 307 2027 ἰοὺς
321 1961 460 2042 χρίεσθαι
476 1957 658 2042 χαλκήρεας·
689 1959 759 2022 ἀλλ’
776 1960 861 2038 ὁμὲν
874 1959 910 2022 ού
925 1960 954 2020 οἱ

244 2070 346 2141 δῶκεν,
363 2064 430 2128 ἐπεί
443 2065 480 2146 ῥα
499 2061 584 2128 θεοὺς
594 2063 767 2141 νεμεσίζετο
781 2063 846 2126 αίέν
861 2064 976 2139 ἐόντας,

245 2166 326 2231 ἀλλὰ
342 2166 439 2247 πατήρ
454 2167 483 2230 οί
497 2172 592 2230 δῶκεν
607 2167 687 2245 ἐμός·
721 2165 869 2247 φιλέεσκε
884 2167 942 2248 γὰρ
959 2167 1057 2232 αἰνῶς.

245 2277 323 2339 τοῖος
340 2273 397 2334 ε’ῶν
411 2273 600 2350 μνηστῆρσιν
615 2268 791 2361 ὁμιλήσειεν
804 2267 983 2335 Ὀδυσσεύς·
1144 2280 1194 2344 265

245 2375 354 2442 πάντες
371 2372 396 2439 κ’
413 2375 562 2456 ὠκύμοροί
573 2399 606 2438 τε
621 2374 760 2455 γενοίατο
775 2373 961 2455 πικρόγαμοί
976 2396 1021 2436 τε.

246 2477 315 2542 ἀλλ’
335 2478 354 2558 ἦ
372 2504 419 2542 τοι
433 2480 488 2557 μὲν
502 2482 596 2544 ταῦτα
611 2482 688 2542 θεῶν
703 2479 735 2541 ἐν
750 2476 877 2560 γούνασι
895 2481 1003 2554 κεῖται,

245 2582 264 2661 ἤ
281 2609 332 2648 κεν
347 2580 499 2661 νοστήσας
515 2583 704 2659 ἀποτίσεται,
720 2581 755 2660 ῆε
770 2582 819 2644 καὶ
833 2581 906 2659 οάκί,

246 2689 327 2750 οἶσιν
343 2683 387 2750 ἐνὶ
402 2687 571 2768 μεγάροισι·
597 2687 633 2746 σὲ
648 2687 682 2748 δέ
697 2683 869 2766 φράζεσθαι
884 2685 989 2766 ἄνωγα

246 2791 350 2855 ὅππως
366 2815 399 2854 κε
413 2792 586 2870 μνηστῆρας
602 2789 739 2852 ἀποίσεαι
754 2789 786 2850 ἐκ
802 2787 961 2870 μεγάροιο.
1144 2809 1194 2861 τγο

247 2897 274 2957 εἰ
289 2891 315 2957 δ’
331 2894 387 2975 ἀγε
406 2898 458 2956 νῦν
474 2890 567 2970 ξυνίει
582 2888 632 2954 καὶ
646 2893 725 2971 ἐμῶν
740 2891 870 2969 έμτόζεο
887 2891 1002 2972 μύθων·

247 2996 349 3078 αύριον
364 2999 408 3062 είς
423 2995 536 3078 ἀγορῆν
552 2993 684 3061 καλέσας
698 2995 797 3075 ἥρωας
813 2994 957 3078 Ἀχαιοὺς

246 3104 339 3179 μῦθον
354 3100 490 3180 πέφραδε
504 3099 589 3175 πᾶσι,
604 3100 668 3163 θεοὶ
683 3099 709 3162 δ’
725 3097 917 3180 ἐπιμάρτυροι
933 3099 1038 3162 ἐστον.

246 3205 418 3284 μνηστῆρας
433 3206 489 3281 μὲν
504 3200 553 3266 ἐπὶ
569 3201 703 3284 σφέτερα
717 3203 900 3267 σκίδνασθαι
916 3201 1041 3284 ἄνωχθι,

245 3306 357 3388 μητέρα
372 3306 405 3385 δ’,
421 3307 450 3370 εί
463 3310 491 3370 αἶ
511 3305 602 3386 θυμδς
616 3307 783 3386 ἐφορμᾶται
798 3306 975 3387 γαμέεσθαι,
1148 3327 1194 3379 ²75

247 3409 294 3491 ἀφ
310 3412 362 3473 ίτω
378 3411 407 3475 ἐς
422 3411 552 3491 μέγαρον
568 3409 677 3489 πατρὸς
692 3407 770 3491 μέγα
785 3409 972 3490 δυναμένοιο·

248 3514 276 3576 οἱ
293 3514 325 3576 δὲ
340 3511 437 3593 γάμον
451 3513 590 3592 τεύξουσι
607 3514 654 3576 καὶ
669 3511 863 3592 ἀρτυνέουσιν
879 3514 967 3577 έεδνα

246 3619 350 3682 πολλδ
363 3614 445 3696 μόλ’,
460 3617 541 3680 ὅσσα
557 3618 636 3681 έοικε
652 3620 745 3698 φίλης
761 3616 811 3679 ἐπὶ
826 3621 932 3682 παιδὸς
948 3615 1087 3681 έπεσθαι.

248 3722 299 3784 σοὶ
316 3719 340 3784 δ’
356 3720 434 3804 αὐτῷ
451 3726 578 3788 πυκινῶς
594 3719 794 3800 ὑποθήσομαι,
810 3722 844 3784 αί
858 3745 890 3786 κε
905 3719 1024 3798 πίθηαι·
