2738 4226
272 330 331 412 196
592 347 641 394 10.
665 334 835 394 ΙΛΙΑΔΟΣ
858 334 895 396 Κ.

268 503 338 568 ἀλλ’
355 501 450 584 ἐῶμέν
463 527 516 582 μιν
530 507 633 584 πρώτα
647 499 846 584 παρεξελθεῖν
861 503 976 566 πεδίοιο

268 607 382 672 τυτθόν·
406 605 511 670 ἔπειτα
525 604 558 670 δέ
574 604 598 669 κ’
616 604 706 670 αὐτὸν
721 603 898 684 ἐπαΐξαντες
913 605 1035 685 ἕλοιμεν
1162 630 1210 680 345

268 709 469 790 καρπαλίμως·
493 710 519 773 εί
534 704 562 772 δ’
577 708 656 789 άμμε
674 709 887 790 παραφθαίησι
902 708 1059 784 πόδεσσιν,

267 813 328 876 αἰεί
339 838 392 892 μιν
407 813 457 878 ἐπὶ
473 814 549 890 νῆας
560 812 620 875 ἀπὸ
637 813 787 893 στρατόφι
801 815 996 892 προτιειλεῖν,

266 918 352 1000 ἔγχει
367 913 534 989 ἐπαΐσσων,
549 913 590 996 μή
607 941 669 981 πως
684 915 772 997 προτὶ
788 914 865 978 άστυ
880 911 1005 1001 ἀλύξη.”

303 1017 366 1084 Ὣς
381 1018 439 1100 άρα
454 1016 634 1100 φωνήσαντε
649 1015 747 1099 παρὲξ
760 1019 830 1082 όδοιῖ
846 1020 880 1083 ἐν
895 1017 1037 1082 νεκύεσσι

267 1119 437 1200 κλινθήτην·
462 1122 478 1184 ὁ
494 1121 518 1184 δ’
534 1119 579 1201 ἄρ’
596 1117 659 1184 ὦκα
673 1119 862 1202 παρέδραμεν
877 1122 1071 1206 ἀφραδίῃσιν.
1161 1146 1210 1196 350

266 1225 335 1288 ἀλλ’
352 1225 403 1288 ότε
418 1222 454 1303 δή
468 1224 499 1307 ῤ’
519 1223 615 1302 ἀπέην
630 1224 729 1290 ὅσσον
743 1224 768 1286 τ’
785 1225 836 1288 ἐπὶ
852 1224 925 1305 οὖρα
941 1222 1086 1288 πέλονται

265 1326 472 1406 ἡμιόνων-αῖ
486 1324 545 1409 γάρ
559 1351 592 1390 τε
606 1331 691 1407 βοῶν
705 1325 947 1408 προφερέστεραί
961 1329 1040 1392 εἰσιν

266 1428 424 1509 ἑλκέμεναι
439 1434 533 1495 νειοῖο
547 1430 675 1508 βαθείης
690 1428 805 1509 πηκτὸν
820 1430 989 1512 ἄροτρον-

266 1532 305 1595 τὸ
319 1534 376 1612 μὲν
391 1529 601 1614 ἐπεδραμέτην,
618 1533 635 1594 ά
650 1531 674 1596 δ’
692 1531 737 1614 ἀρ’
754 1517 827 1612 ἔστη
843 1537 955 1596 δοῦπον
970 1532 1109 1598 ἀκούσας.

266 1636 376 1699 ἔλπετο
389 1637 447 1717 γάρ
464 1637 539 1698 κατὰ
554 1633 647 1714 θυμδν
662 1633 915 1718 ἀποστρέψοντας
932 1639 1065 1719 ἑταίρους
1159 1663 1207 1711 355

264 1741 297 1801 ἐκ
311 1737 423 1819 Τρώων
438 1734 525 1810 ίέναι,
541 1735 636 1801 πάλιν
647 1736 792 1820 Ἕκτορος
806 1740 992 1822 ὀτρύναντος.

264 1840 335 1906 ἀλλ’
351 1842 401 1904 άτε
416 1837 452 1919 δή
466 1839 498 1923 ῥ’
515 1837 634 1906 άπεσαν
649 1843 824 1923 δουρηνεκὲς
837 1840 856 1923 ἣ
873 1844 922 1907 καὶ
938 1843 1083 1914 ἔλασσον,

266 1951 324 2028 γνῶ
338 1944 370 2028 ῥ’
387 1945 496 2026 ἄνδρας
511 1943 620 2025 δηΐους,
635 1949 775 2030 λαιψηρά
790 1949 823 2011 δέ
840 1946 960 2030 γούνατ’
976 1947 1077 2028 ἐνώμα

263 2046 455 2131 φευγέμεναι·
477 2048 523 2112 τοὶ
538 2048 562 2113 δ’
580 2043 660 2131 αἶψα
675 2050 794 2116 διώκειν
808 2048 994 2134 ὁρμήθησαν.

263 2152 302 2217 ὡς
317 2151 342 2215 δ’
360 2153 411 2215 ότε
427 2152 646 2235 καρχαρόδοντε
662 2152 720 2216 δύω
737 2153 815 2230 κύνε,
833 2154 930 2218 εἰδότε
945 2152 1045 2234 θήρης,
1157 2165 1207 2228 360

262 2252 280 2333 ἢ
297 2251 399 2334 κεμάδ’
415 2254 450 2333 ἠὲ
463 2253 586 2336 λαγωδν
601 2254 757 2338 ἐπείγετον
772 2258 896 2336 ἐμμενὲς
912 2256 971 2320 αῖεὶ

262 2364 362 2440 χῶρον
376 2355 421 2422 ἀν’
437 2354 567 2436 ὑλήενθ’,
584 2358 600 2421 ά
615 2355 649 2422 δέ
664 2383 698 2422 τε
713 2358 859 2444 προθέῃσι
873 2358 1020 2438 μεμηκώς,

263 2463 302 2528 ὣς
317 2461 370 2528 τδν
383 2459 528 2540 Τυδεΐδης
543 2461 587 2541 ἠδ’
606 2464 622 2526 ὁ
637 2463 840 2543 πτολίπορθος
854 2461 1023 2529 Ὀδυσσεὺς

261 2572 338 2630 λαοΰ
352 2563 562 2647 ἀποτμήξαντε
577 2567 720 2631 διώκετον
735 2567 859 2647 ἐμμενὲς
874 2569 943 2632 οίεῖ.

262 2669 332 2734 ἀλλ’
349 2670 399 2734 άτε
414 2669 450 2749 δή
466 2668 533 2754 τάχ’
550 2670 661 2750 έμελλε
674 2666 862 2751 μιγήσεσθαι
877 2669 1052 2752 φυλάκεσσι
1156 2683 1204 2747 365

262 2773 382 2856 φεύγων
398 2774 429 2840 ἐς
444 2775 524 2852 νῆας,
541 2775 610 2838 τότε
624 2772 660 2852 δὴ
675 2769 764 2852 μένος
781 2772 891 2853 ἔμβαλ’
907 2771 1019 2852 Ἀθήνη

260 2873 398 2962 Τυδεΐδη,
413 2876 464 2940 ίνα
477 2874 517 2955 μή
533 2899 579 2942 τις
591 2873 727 2957 Ἀχαιῶν
740 2875 977 2959 χαλκοχιτώνων

262 2981 357 3060 φθαίη
373 2977 573 3060 ἐπευξάμενος
586 2975 725 3057 βαλέειν,
742 2979 758 3041 ὁ
774 2979 806 3041 δέ
821 2977 957 3059 δεύτερος
973 2979 1068 3043 ἐλθοι.

262 3083 344 3165 δουρὶ
361 3081 386 3146 δ’
404 3080 562 3146 ἐπαΐσσων
576 3077 717 3162 προσέφη
734 3080 874 3164 κρατερὸς
889 3079 1051 3162 Διομήδης·

263 3192 280 3220 “
290 3185 324 3265 ήέ
338 3183 414 3267 μέν’,
429 3181 465 3264 ήέ
480 3209 517 3249 σε
531 3184 613 3265 δουρὶ
628 3182 803 3268 κιχήσομαι,
819 3181 886 3248 οὐδέ
902 3182 940 3247 σέ
954 3191 1032 3266 φημι
1153 3209 1204 3264 370

261 3289 352 3372 δηρὸν
366 3289 436 3369 ἐμῆς
451 3287 511 3352 ἀπὸ
524 3285 627 3370 χειρδς
642 3286 764 3368 ἀλύξειν
779 3287 868 3352 αίπδν
883 3285 1040 3368 όλεθρον.”

301 3390 346 3454 Ἢ
359 3394 408 3476 ῥα,
425 3390 474 3454 καὶ
489 3389 580 3475 ἔγχος
594 3393 720 3474 ἀφῆκεν,
736 3391 813 3457 ἑκών
827 3391 852 3456 δ’
868 3389 1019 3471 ἡμάρτανε
1037 3393 1147 3473 φωτός·

260 3492 411 3574 δεξιτερὸν
425 3490 451 3556 δ’
465 3493 541 3575 ὑπὲρ
556 3490 637 3574 ὣμον
651 3492 739 3575 ἐόξου
754 3493 857 3576 δουρὸς
873 3493 973 3572 ἀκωκή

261 3599 295 3661 ἐν
307 3597 378 3681 γαίη
393 3592 502 3679 ἐπάγη·
523 3596 581 3661 ὁδ’
597 3596 641 3679 ἄρ’
659 3598 732 3677 ἐστη
748 3594 902 3678 τάρβησέν
917 3621 950 3662 τε

260 3693 601 3780 βαμβαίνων-ἄραβος
610 3697 643 3760 δὲ
652 3698 702 3760 διδ
714 3697 811 3776 στόμα
821 3695 933 3779 γίγνετ’
944 3698 1119 3763 άδόντων-
1153 3726 1201 3778 375
