<?xml version="1.0" encoding="UTF-8"?>
<!DOCTYPE html PUBLIC "-//W3C//DTD XHTML 1.0 Transitional//EN"
    "http://www.w3.org/TR/xhtml1/DTD/xhtml1-transitional.dtd">
<html xmlns="http://www.w3.org/1999/xhtml" xml:lang="en" lang="en">
 <head>
  <title>
</title>
<meta http-equiv="Content-Type" content="text/html;charset=utf-8" />
  <meta name='ocr-system' content='tesseract 3.04.00' />
  <meta name='ocr-capabilities' content='ocr_page ocr_carea ocr_par ocr_line ocrx_word'/>
</head>
<body>
  <div class='ocr_page' id='page_1' title='image "./homerioperaetre00homegoog_0284.png"; bbox 0 0 2738 4226; ppageno 0'>
   <div class='ocr_carea' id='block_1_1' title="bbox 282 330 906 411">
    <p class='ocr_par' dir='ltr' id='par_1_1' title="bbox 282 330 906 411">
     <span class='ocr_line' id='line_1_1' title="bbox 282 330 906 411; baseline -0.008 -18"><span class='ocrx_word' id='word_1_1' title='bbox 282 333 343 394; x_wconf 80' lang='lat'>268</span> <span class='ocrx_word' id='word_1_2' title='bbox 598 345 648 411; x_wconf 86' lang='lat'>13.</span> <span class='ocrx_word' id='word_1_3' title='bbox 674 330 843 390; x_wconf 85' lang='grc' dir='ltr'>ΙΛΙΑΔΟΣ</span> <span class='ocrx_word' id='word_1_4' title='bbox 867 330 906 389; x_wconf 91' lang='grc' dir='ltr'>Ν.</span> 
     </span>
    </p>
   </div>
   <div class='ocr_carea' id='block_1_2' title="bbox 278 493 1228 3768">
    <p class='ocr_par' dir='ltr' id='par_1_2' title="bbox 278 493 1228 3768">
     <span class='ocr_line' id='line_1_2' title="bbox 281 493 1089 582; baseline 0.004 -25"><span class='ocrx_word' id='word_1_5' title='bbox 281 495 314 562; x_wconf 84' lang='grc' dir='ltr'>έν</span> <span class='ocrx_word' id='word_1_6' title='bbox 328 493 461 582; x_wconf 89' lang='grc' dir='ltr'>Φυλάκῃ,</span> <span class='ocrx_word' id='word_1_7' title='bbox 478 496 565 576; x_wconf 80' lang='grc' dir='ltr'>γαίης</span> <span class='ocrx_word' id='word_1_8' title='bbox 581 495 641 558; x_wconf 84' lang='grc' dir='ltr'>ἄπο</span> <span class='ocrx_word' id='word_1_9' title='bbox 656 495 807 576; x_wconf 80' lang='grc' dir='ltr'>πατρίδος,</span> <span class='ocrx_word' id='word_1_10' title='bbox 824 495 916 576; x_wconf 81' lang='grc' dir='ltr'>ἄνδρα</span> <span class='ocrx_word' id='word_1_11' title='bbox 931 493 1089 571; x_wconf 89' lang='grc' dir='ltr'>κατακτάς,</span> 
     </span>
     <span class='ocr_line' id='line_1_3' title="bbox 280 595 1013 681; baseline 0.007 -21"><span class='ocrx_word' id='word_1_12' title='bbox 280 596 394 678; x_wconf 90' lang='grc' dir='ltr'>γνωτδν</span> <span class='ocrx_word' id='word_1_13' title='bbox 407 601 549 677; x_wconf 80' lang='grc' dir='ltr'>μητρυιῆς</span> <span class='ocrx_word' id='word_1_14' title='bbox 566 595 752 678; x_wconf 73' lang='grc' dir='ltr'>Ἐριώπιδος,</span> <span class='ocrx_word' id='word_1_15' title='bbox 767 595 805 676; x_wconf 78' lang='grc' dir='ltr'>ἣν</span> <span class='ocrx_word' id='word_1_16' title='bbox 820 595 866 681; x_wconf 84' lang='grc' dir='ltr'>ἔχ’</span> <span class='ocrx_word' id='word_1_17' title='bbox 881 597 1013 665; x_wconf 84' lang='grc' dir='ltr'>Ὀϊλεύς·</span> 
     </span>
     <span class='ocr_line' id='line_1_4' title="bbox 280 694 925 777; baseline 0.009 -21"><span class='ocrx_word' id='word_1_18' title='bbox 280 694 372 777; x_wconf 83' lang='grc' dir='ltr'>αύτδρ</span> <span class='ocrx_word' id='word_1_19' title='bbox 388 697 404 758; x_wconf 91' lang='grc' dir='ltr'>δ</span> <span class='ocrx_word' id='word_1_20' title='bbox 418 694 571 776; x_wconf 83' lang='grc' dir='ltr'>Ἰφίκλοιο</span> <span class='ocrx_word' id='word_1_21' title='bbox 586 694 657 762; x_wconf 82' lang='grc' dir='ltr'>πάϊς</span> <span class='ocrx_word' id='word_1_22' title='bbox 672 703 725 760; x_wconf 83' lang='grc' dir='ltr'>τοῦ</span> <span class='ocrx_word' id='word_1_23' title='bbox 740 699 925 764; x_wconf 88' lang='grc' dir='ltr'>Φυλακίδαο.</span> 
     </span>
     <span class='ocr_line' id='line_1_5' title="bbox 280 799 981 884; baseline 0.01 -24"><span class='ocrx_word' id='word_1_24' title='bbox 280 801 309 862; x_wconf 84' lang='grc' dir='ltr'>οἱ</span> <span class='ocrx_word' id='word_1_25' title='bbox 322 799 378 879; x_wconf 74' lang='grc' dir='ltr'>μὲν</span> <span class='ocrx_word' id='word_1_26' title='bbox 393 799 450 880; x_wconf 89' lang='grc' dir='ltr'>πρδ</span> <span class='ocrx_word' id='word_1_27' title='bbox 466 799 570 864; x_wconf 88' lang='grc' dir='ltr'>Φθίων</span> <span class='ocrx_word' id='word_1_28' title='bbox 583 799 768 882; x_wconf 88' lang='grc' dir='ltr'>μεγαθύμων.</span> <span class='ocrx_word' id='word_1_29' title='bbox 777 801 981 884; x_wconf 79' lang='grc' dir='ltr'>θωρηχθέντες</span> 
     </span>
     <span class='ocr_line' id='line_1_6' title="bbox 279 901 1228 988; baseline -0.004 -21"><span class='ocrx_word' id='word_1_30' title='bbox 279 907 392 984; x_wconf 82' lang='grc' dir='ltr'>ναῦφιν</span> <span class='ocrx_word' id='word_1_31' title='bbox 406 902 584 984; x_wconf 76' lang='grc' dir='ltr'>ἀμυνόμενοι</span> <span class='ocrx_word' id='word_1_32' title='bbox 597 901 674 984; x_wconf 79' lang='grc' dir='ltr'>μετὰ</span> <span class='ocrx_word' id='word_1_33' title='bbox 690 907 830 968; x_wconf 72' lang='grc' dir='ltr'>Βοιωτῶν</span> <span class='ocrx_word' id='word_1_34' title='bbox 843 903 1003 988; x_wconf 73' lang='grc' dir='ltr'>ἐμάχοντο·</span> <span class='ocrx_word' id='word_1_35' title='bbox 1038 977 1041 986; x_wconf 23' lang='lat' dir='ltr'>y</span> <span class='ocrx_word' id='word_1_36' title='bbox 1179 924 1228 981; x_wconf 76' lang='grc' dir='ltr'>γοα</span> 
     </span>
     <span class='ocr_line' id='line_1_7' title="bbox 280 1003 996 1091; baseline 0.006 -22"><span class='ocrx_word' id='word_1_37' title='bbox 280 1007 354 1072; x_wconf 85' lang='grc' dir='ltr'>Αίας</span> <span class='ocrx_word' id='word_1_38' title='bbox 369 1003 395 1069; x_wconf 90' lang='grc' dir='ltr'>δ’</span> <span class='ocrx_word' id='word_1_39' title='bbox 411 1003 509 1068; x_wconf 82' lang='grc' dir='ltr'>οὐκέτι</span> <span class='ocrx_word' id='word_1_40' title='bbox 524 1003 658 1085; x_wconf 79' lang='grc' dir='ltr'>πάμπαν,</span> <span class='ocrx_word' id='word_1_41' title='bbox 674 1004 802 1086; x_wconf 77' lang='grc' dir='ltr'>Ὀϊλῆος</span> <span class='ocrx_word' id='word_1_42' title='bbox 815 1007 908 1091; x_wconf 81' lang='grc' dir='ltr'>ταχὺς</span> <span class='ocrx_word' id='word_1_43' title='bbox 922 1009 996 1086; x_wconf 81' lang='grc' dir='ltr'>υἱός,</span> 
     </span>
     <span class='ocr_line' id='line_1_8' title="bbox 279 1105 1012 1189; baseline 0 -15"><span class='ocrx_word' id='word_1_44' title='bbox 279 1105 378 1175; x_wconf 76' lang='grc' dir='ltr'>ἵστατ’</span> <span class='ocrx_word' id='word_1_45' title='bbox 394 1107 446 1172; x_wconf 68' lang='grc' dir='ltr'>ἀπ’Δ</span> <span class='ocrx_word' id='word_1_46' title='bbox 462 1110 591 1175; x_wconf 82' lang='grc' dir='ltr'>Αἴαντος</span> <span class='ocrx_word' id='word_1_47' title='bbox 604 1110 802 1189; x_wconf 85' lang='grc' dir='ltr'>Τελαμωνίου</span> <span class='ocrx_word' id='word_1_48' title='bbox 815 1107 877 1174; x_wconf 82' lang='grc' dir='ltr'>οὐδ’</span> <span class='ocrx_word' id='word_1_49' title='bbox 893 1110 1012 1189; x_wconf 83' lang='grc' dir='ltr'>ἠβαιόν,</span> 
     </span>
     <span class='ocr_line' id='line_1_9' title="bbox 279 1209 1045 1296; baseline -0.001 -21"><span class='ocrx_word' id='word_1_50' title='bbox 279 1209 349 1276; x_wconf 82' lang='grc' dir='ltr'>ἀλλ’</span> <span class='ocrx_word' id='word_1_51' title='bbox 365 1212 404 1277; x_wconf 82' lang='grc' dir='ltr'>ὥς</span> <span class='ocrx_word' id='word_1_52' title='bbox 419 1211 446 1274; x_wconf 87' lang='grc' dir='ltr'>τ’</span> <span class='ocrx_word' id='word_1_53' title='bbox 462 1213 496 1274; x_wconf 80' lang='grc' dir='ltr'>έν</span> <span class='ocrx_word' id='word_1_54' title='bbox 510 1211 581 1296; x_wconf 75' lang='grc' dir='ltr'>νειηῖ</span> <span class='ocrx_word' id='word_1_55' title='bbox 595 1211 655 1292; x_wconf 86' lang='grc' dir='ltr'>βόε</span> <span class='ocrx_word' id='word_1_56' title='bbox 670 1214 775 1277; x_wconf 85' lang='grc' dir='ltr'>οίνοπε</span> <span class='ocrx_word' id='word_1_57' title='bbox 789 1212 903 1292; x_wconf 85' lang='grc' dir='ltr'>πηκτὸν</span> <span class='ocrx_word' id='word_1_58' title='bbox 919 1212 1045 1293; x_wconf 79' lang='grc' dir='ltr'>ἄροτρον</span> 
     </span>
     <span class='ocr_line' id='line_1_10' title="bbox 278 1312 1061 1397; baseline -0.001 -18"><span class='ocrx_word' id='word_1_59' title='bbox 278 1317 349 1380; x_wconf 83' lang='grc' dir='ltr'>ἶσον</span> <span class='ocrx_word' id='word_1_60' title='bbox 365 1312 458 1394; x_wconf 83' lang='grc' dir='ltr'>θυμὸν</span> <span class='ocrx_word' id='word_1_61' title='bbox 473 1313 579 1396; x_wconf 85' lang='grc' dir='ltr'>ἔχοντε</span> <span class='ocrx_word' id='word_1_62' title='bbox 594 1317 769 1380; x_wconf 81' lang='grc' dir='ltr'>τιταίνετον·</span> <span class='ocrx_word' id='word_1_63' title='bbox 792 1316 872 1397; x_wconf 82' lang='grc' dir='ltr'>ἀμφὶ</span> <span class='ocrx_word' id='word_1_64' title='bbox 886 1315 911 1379; x_wconf 92' lang='grc' dir='ltr'>δ’</span> <span class='ocrx_word' id='word_1_65' title='bbox 928 1315 986 1396; x_wconf 82' lang='grc' dir='ltr'>ἄρα</span> <span class='ocrx_word' id='word_1_66' title='bbox 1002 1323 1061 1396; x_wconf 85' lang='grc' dir='ltr'>σφι</span> 
     </span>
     <span class='ocr_line' id='line_1_11' title="bbox 279 1417 1228 1500; baseline -0.003 -19"><span class='ocrx_word' id='word_1_67' title='bbox 279 1422 458 1500; x_wconf 81' lang='grc' dir='ltr'>πρυμνοῖσιν</span> <span class='ocrx_word' id='word_1_68' title='bbox 473 1417 617 1499; x_wconf 83' lang='grc' dir='ltr'>κεράεσσι</span> <span class='ocrx_word' id='word_1_69' title='bbox 633 1419 729 1485; x_wconf 88' lang='grc' dir='ltr'>πολὺς</span> <span class='ocrx_word' id='word_1_70' title='bbox 745 1419 899 1497; x_wconf 81' lang='grc' dir='ltr'>ἀνακηκίει</span> <span class='ocrx_word' id='word_1_71' title='bbox 914 1419 1011 1500; x_wconf 81' lang='grc' dir='ltr'>ίδριύς·</span> <span class='ocrx_word' id='word_1_72' title='bbox 1181 1441 1228 1492; x_wconf 82' lang='lat'>705</span> 
     </span>
     <span class='ocr_line' id='line_1_12' title="bbox 279 1518 964 1604; baseline 0.003 -22"><span class='ocrx_word' id='word_1_73' title='bbox 279 1521 319 1583; x_wconf 79' lang='grc' dir='ltr'>τὸ</span> <span class='ocrx_word' id='word_1_74' title='bbox 333 1519 390 1600; x_wconf 89' lang='grc' dir='ltr'>μέν</span> <span class='ocrx_word' id='word_1_75' title='bbox 404 1545 437 1585; x_wconf 92' lang='grc' dir='ltr'>τε</span> <span class='ocrx_word' id='word_1_76' title='bbox 454 1521 541 1603; x_wconf 81' lang='grc' dir='ltr'>ζυγὸν</span> <span class='ocrx_word' id='word_1_77' title='bbox 557 1521 621 1584; x_wconf 81' lang='grc' dir='ltr'>οἷον</span> <span class='ocrx_word' id='word_1_78' title='bbox 637 1518 743 1599; x_wconf 77' lang='grc' dir='ltr'>ἐύξοον</span> <span class='ocrx_word' id='word_1_79' title='bbox 758 1518 852 1602; x_wconf 80' lang='grc' dir='ltr'>ἀμφὶς</span> <span class='ocrx_word' id='word_1_80' title='bbox 866 1519 964 1604; x_wconf 84' lang='grc' dir='ltr'>έέργει</span> 
     </span>
     <span class='ocr_line' id='line_1_13' title="bbox 280 1621 1069 1705; baseline 0.005 -20"><span class='ocrx_word' id='word_1_81' title='bbox 280 1621 387 1702; x_wconf 79' lang='grc' dir='ltr'>ἱεμένω</span> <span class='ocrx_word' id='word_1_82' title='bbox 402 1626 478 1688; x_wconf 85' lang='grc' dir='ltr'>κατδ</span> <span class='ocrx_word' id='word_1_83' title='bbox 492 1621 585 1687; x_wconf 77' lang='grc' dir='ltr'>ὦλκα·</span> <span class='ocrx_word' id='word_1_84' title='bbox 609 1622 693 1705; x_wconf 90' lang='grc' dir='ltr'>τέμει</span> <span class='ocrx_word' id='word_1_85' title='bbox 709 1621 743 1686; x_wconf 93' lang='grc' dir='ltr'>δέ</span> <span class='ocrx_word' id='word_1_86' title='bbox 757 1648 790 1687; x_wconf 91' lang='grc' dir='ltr'>τε</span> <span class='ocrx_word' id='word_1_87' title='bbox 805 1622 918 1687; x_wconf 82' lang='grc' dir='ltr'>τέλσον</span> <span class='ocrx_word' id='word_1_88' title='bbox 934 1621 1069 1705; x_wconf 88' lang='grc' dir='ltr'>δρούρης·</span> 
     </span>
     <span class='ocr_line' id='line_1_14' title="bbox 281 1724 1021 1809; baseline -0.003 -17"><span class='ocrx_word' id='word_1_89' title='bbox 281 1730 320 1794; x_wconf 81' lang='grc' dir='ltr'>ὣς</span> <span class='ocrx_word' id='word_1_90' title='bbox 335 1730 375 1792; x_wconf 81' lang='grc' dir='ltr'>τδ</span> <span class='ocrx_word' id='word_1_91' title='bbox 391 1732 595 1809; x_wconf 80' lang='grc' dir='ltr'>παρβεβαῶτε</span> <span class='ocrx_word' id='word_1_92' title='bbox 608 1725 680 1804; x_wconf 88' lang='grc' dir='ltr'>μάλ’</span> <span class='ocrx_word' id='word_1_93' title='bbox 697 1726 833 1791; x_wconf 79' lang='grc' dir='ltr'>ἕστασαν</span> <span class='ocrx_word' id='word_1_94' title='bbox 847 1724 1021 1805; x_wconf 83' lang='grc' dir='ltr'>θλλήλοιιν.</span> 
     </span>
     <span class='ocr_line' id='line_1_15' title="bbox 281 1827 1043 1915; baseline 0 -21"><span class='ocrx_word' id='word_1_95' title='bbox 281 1828 352 1894; x_wconf 82' lang='grc' dir='ltr'>ἀλλ’</span> <span class='ocrx_word' id='word_1_96' title='bbox 367 1831 386 1911; x_wconf 83' lang='grc' dir='ltr'><em>ἦ</em></span> <span class='ocrx_word' id='word_1_97' title='bbox 402 1856 449 1894; x_wconf 91' lang='grc' dir='ltr'>τοι</span> <span class='ocrx_word' id='word_1_98' title='bbox 463 1827 680 1915; x_wconf 85' lang='grc' dir='ltr'>Τελαμωνιάδῃ</span> <span class='ocrx_word' id='word_1_99' title='bbox 695 1830 809 1894; x_wconf 89' lang='grc' dir='ltr'>πολλοί</span> <span class='ocrx_word' id='word_1_100' title='bbox 822 1855 856 1894; x_wconf 88' lang='grc' dir='ltr'>τε</span> <span class='ocrx_word' id='word_1_101' title='bbox 870 1830 920 1893; x_wconf 85' lang='grc' dir='ltr'>καὶ</span> <span class='ocrx_word' id='word_1_102' title='bbox 934 1831 1043 1894; x_wconf 75' lang='grc' dir='ltr'>ἐσθλοὶ</span> 
     </span>
     <span class='ocr_line' id='line_1_16' title="bbox 279 1930 1225 2015; baseline 0.001 -18"><span class='ocrx_word' id='word_1_103' title='bbox 279 1935 350 1998; x_wconf 82' lang='grc' dir='ltr'>λαοὶ</span> <span class='ocrx_word' id='word_1_104' title='bbox 366 1930 468 1998; x_wconf 79' lang='grc' dir='ltr'>ἕπονθ’</span> <span class='ocrx_word' id='word_1_105' title='bbox 484 1932 592 2014; x_wconf 85' lang='grc' dir='ltr'>ἕταροι,</span> <span class='ocrx_word' id='word_1_106' title='bbox 610 1933 640 1995; x_wconf 78' lang='grc' dir='ltr'>οῖ</span> <span class='ocrx_word' id='word_1_107' title='bbox 654 1934 683 1996; x_wconf 79' lang='grc' dir='ltr'>οἱ</span> <span class='ocrx_word' id='word_1_108' title='bbox 699 1931 792 1998; x_wconf 89' lang='grc' dir='ltr'>σάκος</span> <span class='ocrx_word' id='word_1_109' title='bbox 808 1930 992 2015; x_wconf 78' lang='grc' dir='ltr'>ἐξεδέχοντο,</span> <span class='ocrx_word' id='word_1_110' title='bbox 1175 1956 1225 2012; x_wconf 78' lang='lat'>710</span> 
     </span>
     <span class='ocr_line' id='line_1_17' title="bbox 280 2033 1078 2119; baseline 0 -19"><span class='ocrx_word' id='word_1_111' title='bbox 280 2037 395 2101; x_wconf 82' lang='grc' dir='ltr'>ὁππότε</span> <span class='ocrx_word' id='word_1_112' title='bbox 408 2061 461 2116; x_wconf 89' lang='grc' dir='ltr'>μιν</span> <span class='ocrx_word' id='word_1_113' title='bbox 475 2034 606 2115; x_wconf 88' lang='grc' dir='ltr'>κάματός</span> <span class='ocrx_word' id='word_1_114' title='bbox 619 2060 654 2100; x_wconf 86' lang='grc' dir='ltr'>τε</span> <span class='ocrx_word' id='word_1_115' title='bbox 668 2035 718 2099; x_wconf 86' lang='grc' dir='ltr'>καὶ</span> <span class='ocrx_word' id='word_1_116' title='bbox 734 2034 821 2119; x_wconf 82' lang='grc' dir='ltr'>ῖδρδις</span> <span class='ocrx_word' id='word_1_117' title='bbox 835 2033 957 2117; x_wconf 83' lang='grc' dir='ltr'>γούναθ’</span> <span class='ocrx_word' id='word_1_118' title='bbox 972 2037 1078 2100; x_wconf 84' lang='grc' dir='ltr'>ίκοιτο.</span> 
     </span>
     <span class='ocr_line' id='line_1_18' title="bbox 280 2135 1017 2226; baseline 0 -24"><span class='ocrx_word' id='word_1_119' title='bbox 280 2136 341 2204; x_wconf 79' lang='grc' dir='ltr'>οὐδ’</span> <span class='ocrx_word' id='word_1_120' title='bbox 357 2135 404 2221; x_wconf 82' lang='grc' dir='ltr'>ἄρ’</span> <span class='ocrx_word' id='word_1_121' title='bbox 418 2137 560 2226; x_wconf 78' lang='grc' dir='ltr'>Ὀϊλιάδῃ</span> <span class='ocrx_word' id='word_1_122' title='bbox 574 2135 758 2221; x_wconf 81' lang='grc' dir='ltr'>μεγαλήτορι</span> <span class='ocrx_word' id='word_1_123' title='bbox 773 2139 885 2221; x_wconf 82' lang='grc' dir='ltr'>Λοκροὶ</span> <span class='ocrx_word' id='word_1_124' title='bbox 900 2138 1017 2203; x_wconf 83' lang='grc' dir='ltr'>ἕποντο·</span> 
     </span>
     <span class='ocr_line' id='line_1_19' title="bbox 281 2241 1001 2329; baseline -0.004 -22"><span class='ocrx_word' id='word_1_125' title='bbox 281 2244 315 2307; x_wconf 83' lang='grc' dir='ltr'>ού</span> <span class='ocrx_word' id='word_1_126' title='bbox 328 2242 386 2326; x_wconf 89' lang='grc' dir='ltr'>γάρ</span> <span class='ocrx_word' id='word_1_127' title='bbox 402 2250 461 2324; x_wconf 91' lang='grc' dir='ltr'>σφι</span> <span class='ocrx_word' id='word_1_128' title='bbox 477 2243 584 2329; x_wconf 88' lang='grc' dir='ltr'>σταδίῃ</span> <span class='ocrx_word' id='word_1_129' title='bbox 598 2241 708 2326; x_wconf 78' lang='grc' dir='ltr'>ὑσμίνῃ</span> <span class='ocrx_word' id='word_1_130' title='bbox 723 2243 812 2322; x_wconf 88' lang='grc' dir='ltr'>μίμνε</span> <span class='ocrx_word' id='word_1_131' title='bbox 827 2244 922 2323; x_wconf 92' lang='grc' dir='ltr'>φίλον</span> <span class='ocrx_word' id='word_1_132' title='bbox 937 2245 1001 2322; x_wconf 86' lang='grc' dir='ltr'>κῆρ·</span> 
     </span>
     <span class='ocr_line' id='line_1_20' title="bbox 282 2343 1027 2429; baseline 0 -20"><span class='ocrx_word' id='word_1_133' title='bbox 282 2348 387 2429; x_wconf 80' lang='grc' dir='ltr'>οὐγὰρ</span> <span class='ocrx_word' id='word_1_134' title='bbox 403 2347 476 2429; x_wconf 86' lang='grc' dir='ltr'>ἔχον</span> <span class='ocrx_word' id='word_1_135' title='bbox 491 2347 616 2426; x_wconf 87' lang='grc' dir='ltr'>κόρυθας</span> <span class='ocrx_word' id='word_1_136' title='bbox 631 2343 802 2426; x_wconf 86' lang='grc' dir='ltr'>χαλκήρεας</span> <span class='ocrx_word' id='word_1_137' title='bbox 818 2345 1027 2418; x_wconf 81' lang='grc' dir='ltr'>ἱπποδασείας,</span> 
     </span>
     <span class='ocr_line' id='line_1_21' title="bbox 280 2447 1225 2531; baseline 0 -19"><span class='ocrx_word' id='word_1_138' title='bbox 280 2447 342 2512; x_wconf 85' lang='grc' dir='ltr'>οὐδ’</span> <span class='ocrx_word' id='word_1_139' title='bbox 361 2449 433 2531; x_wconf 86' lang='grc' dir='ltr'>ἔχον</span> <span class='ocrx_word' id='word_1_140' title='bbox 449 2450 579 2512; x_wconf 85' lang='grc' dir='ltr'>ἀσπίδας</span> <span class='ocrx_word' id='word_1_141' title='bbox 595 2447 753 2512; x_wconf 80' lang='grc' dir='ltr'>εὐκύκλους</span> <span class='ocrx_word' id='word_1_142' title='bbox 768 2447 817 2510; x_wconf 86' lang='grc' dir='ltr'>καὶ</span> <span class='ocrx_word' id='word_1_143' title='bbox 830 2447 952 2525; x_wconf 90' lang='grc' dir='ltr'>μείλινα</span> <span class='ocrx_word' id='word_1_144' title='bbox 967 2452 1064 2530; x_wconf 84' lang='grc' dir='ltr'>δοῦρα,</span> <span class='ocrx_word' id='word_1_145' title='bbox 1177 2470 1225 2527; x_wconf 75' lang='grc' dir='ltr'>ηι5</span> 
     </span>
     <span class='ocr_line' id='line_1_22' title="bbox 280 2549 990 2636; baseline -0.003 -21"><span class='ocrx_word' id='word_1_146' title='bbox 280 2551 349 2615; x_wconf 83' lang='grc' dir='ltr'>ἀλλ’</span> <span class='ocrx_word' id='word_1_147' title='bbox 366 2551 424 2632; x_wconf 87' lang='grc' dir='ltr'>άρα</span> <span class='ocrx_word' id='word_1_148' title='bbox 438 2549 575 2628; x_wconf 84' lang='grc' dir='ltr'>τόξοισιν</span> <span class='ocrx_word' id='word_1_149' title='bbox 590 2550 640 2613; x_wconf 82' lang='grc' dir='ltr'>καὶ</span> <span class='ocrx_word' id='word_1_150' title='bbox 655 2551 815 2631; x_wconf 71' lang='grc' dir='ltr'>ἐϋστρεφεῖ</span> <span class='ocrx_word' id='word_1_151' title='bbox 829 2549 891 2616; x_wconf 82' lang='grc' dir='ltr'>οἶος</span> <span class='ocrx_word' id='word_1_152' title='bbox 906 2551 990 2636; x_wconf 75' lang='grc' dir='ltr'>ἀότφ</span> 
     </span>
     <span class='ocr_line' id='line_1_23' title="bbox 278 2650 1044 2733; baseline -0.001 -16"><span class='ocrx_word' id='word_1_153' title='bbox 278 2652 374 2719; x_wconf 84' lang='grc' dir='ltr'>Ἴλιον</span> <span class='ocrx_word' id='word_1_154' title='bbox 389 2656 431 2720; x_wconf 87' lang='grc' dir='ltr'>είς</span> <span class='ocrx_word' id='word_1_155' title='bbox 447 2650 496 2733; x_wconf 79' lang='grc' dir='ltr'>ἅμ’</span> <span class='ocrx_word' id='word_1_156' title='bbox 513 2653 622 2718; x_wconf 81' lang='grc' dir='ltr'>ἕποντο</span> <span class='ocrx_word' id='word_1_157' title='bbox 637 2653 826 2727; x_wconf 89' lang='grc' dir='ltr'>πεποιθότες,</span> <span class='ocrx_word' id='word_1_158' title='bbox 842 2654 924 2718; x_wconf 87' lang='grc' dir='ltr'>οίσιν</span> <span class='ocrx_word' id='word_1_159' title='bbox 939 2653 1044 2718; x_wconf 76' lang='grc' dir='ltr'>ἔπειτα</span> 
     </span>
     <span class='ocr_line' id='line_1_24' title="bbox 280 2754 1056 2839; baseline 0 -20"><span class='ocrx_word' id='word_1_160' title='bbox 280 2755 397 2839; x_wconf 89' lang='grc' dir='ltr'>ταρφέα</span> <span class='ocrx_word' id='word_1_161' title='bbox 412 2756 584 2837; x_wconf 85' lang='grc' dir='ltr'>βάλλοντες</span> <span class='ocrx_word' id='word_1_162' title='bbox 597 2755 710 2838; x_wconf 86' lang='grc' dir='ltr'>Τρόων</span> <span class='ocrx_word' id='word_1_163' title='bbox 723 2754 868 2838; x_wconf 81' lang='grc' dir='ltr'>ῥήγνυντο</span> <span class='ocrx_word' id='word_1_164' title='bbox 884 2755 1056 2838; x_wconf 78' lang='grc' dir='ltr'>φάλαγγας·</span> 
     </span>
     <span class='ocr_line' id='line_1_25' title="bbox 280 2857 1085 2943; baseline 0.002 -20"><span class='ocrx_word' id='word_1_165' title='bbox 280 2859 316 2939; x_wconf 92' lang='grc' dir='ltr'>δή</span> <span class='ocrx_word' id='word_1_166' title='bbox 330 2863 369 2943; x_wconf 83' lang='grc' dir='ltr'>ῥα</span> <span class='ocrx_word' id='word_1_167' title='bbox 384 2858 448 2923; x_wconf 90' lang='grc' dir='ltr'>τόθ’</span> <span class='ocrx_word' id='word_1_168' title='bbox 463 2862 492 2924; x_wconf 80' lang='grc' dir='ltr'>οἱ</span> <span class='ocrx_word' id='word_1_169' title='bbox 506 2861 562 2938; x_wconf 79' lang='grc' dir='ltr'>μὲν</span> <span class='ocrx_word' id='word_1_170' title='bbox 577 2859 694 2940; x_wconf 88' lang='grc' dir='ltr'>πρόσθε</span> <span class='ocrx_word' id='word_1_171' title='bbox 709 2858 765 2922; x_wconf 80' lang='grc' dir='ltr'>σὺν</span> <span class='ocrx_word' id='word_1_172' title='bbox 781 2858 881 2923; x_wconf 84' lang='grc' dir='ltr'>ἔντεσι</span> <span class='ocrx_word' id='word_1_173' title='bbox 896 2857 1085 2925; x_wconf 79' lang='grc' dir='ltr'>δαιδαλέοισι</span> 
     </span>
     <span class='ocr_line' id='line_1_26' title="bbox 279 2958 1226 3048; baseline 0.003 -23"><span class='ocrx_word' id='word_1_174' title='bbox 279 2961 429 3044; x_wconf 88' lang='grc' dir='ltr'>μάρναντο</span> <span class='ocrx_word' id='word_1_175' title='bbox 444 2962 564 3044; x_wconf 86' lang='grc' dir='ltr'>Τρωσίν</span> <span class='ocrx_word' id='word_1_176' title='bbox 579 2986 612 3024; x_wconf 89' lang='grc' dir='ltr'>τε</span> <span class='ocrx_word' id='word_1_177' title='bbox 627 2961 676 3024; x_wconf 83' lang='grc' dir='ltr'>καὶ</span> <span class='ocrx_word' id='word_1_178' title='bbox 687 2958 811 3042; x_wconf 86' lang='grc' dir='ltr'>Ἕκτορι</span> <span class='ocrx_word' id='word_1_179' title='bbox 825 2963 1065 3048; x_wconf 80' lang='grc' dir='ltr'>χαλκοκορυστῇ,</span> <span class='ocrx_word' id='word_1_180' title='bbox 1177 2987 1226 3040; x_wconf 84' lang='lat'>720</span> 
     </span>
     <span class='ocr_line' id='line_1_27' title="bbox 281 3063 1119 3147; baseline 0.004 -19"><span class='ocrx_word' id='word_1_181' title='bbox 281 3067 310 3128; x_wconf 78' lang='grc' dir='ltr'>οἱ</span> <span class='ocrx_word' id='word_1_182' title='bbox 326 3063 352 3128; x_wconf 84' lang='grc' dir='ltr'>δ’</span> <span class='ocrx_word' id='word_1_183' title='bbox 368 3067 474 3130; x_wconf 84' lang='grc' dir='ltr'>ὄπιθεν</span> <span class='ocrx_word' id='word_1_184' title='bbox 487 3063 659 3144; x_wconf 88' lang='grc' dir='ltr'>βάλλοντες</span> <span class='ocrx_word' id='word_1_185' title='bbox 674 3063 850 3129; x_wconf 81' lang='grc' dir='ltr'>ἐλάνθανον·</span> <span class='ocrx_word' id='word_1_186' title='bbox 873 3063 942 3128; x_wconf 79' lang='grc' dir='ltr'>οὐδέ</span> <span class='ocrx_word' id='word_1_187' title='bbox 955 3089 985 3129; x_wconf 91' lang='grc' dir='ltr'>τι</span> <span class='ocrx_word' id='word_1_188' title='bbox 1000 3064 1119 3147; x_wconf 87' lang='grc' dir='ltr'>χάρμης</span> 
     </span>
     <span class='ocr_line' id='line_1_28' title="bbox 281 3165 1025 3248; baseline 0.001 -20"><span class='ocrx_word' id='word_1_189' title='bbox 281 3170 382 3248; x_wconf 80' lang='grc' dir='ltr'>Τρῶες</span> <span class='ocrx_word' id='word_1_190' title='bbox 396 3165 608 3247; x_wconf 80' lang='grc' dir='ltr'>μιμνήσκοντο·</span> <span class='ocrx_word' id='word_1_191' title='bbox 630 3165 830 3231; x_wconf 89' lang='grc' dir='ltr'>συνεκλόνεον</span> <span class='ocrx_word' id='word_1_192' title='bbox 843 3169 901 3248; x_wconf 86' lang='grc' dir='ltr'>γδρ</span> <span class='ocrx_word' id='word_1_193' title='bbox 916 3168 1025 3230; x_wconf 84' lang='grc' dir='ltr'>ὀϊστοί.</span> 
     </span>
     <span class='ocr_line' id='line_1_29' title="bbox 321 3267 1049 3352; baseline 0.004 -20"><span class='ocrx_word' id='word_1_194' title='bbox 321 3267 418 3333; x_wconf 88' lang='grc' dir='ltr'>Ἔνθα</span> <span class='ocrx_word' id='word_1_195' title='bbox 432 3295 466 3334; x_wconf 91' lang='grc' dir='ltr'>κε</span> <span class='ocrx_word' id='word_1_196' title='bbox 480 3267 652 3352; x_wconf 88' lang='grc' dir='ltr'>λευγαλέως</span> <span class='ocrx_word' id='word_1_197' title='bbox 667 3275 746 3349; x_wconf 74' lang='grc' dir='ltr'>νηῶν</span> <span class='ocrx_word' id='word_1_198' title='bbox 761 3269 821 3333; x_wconf 80' lang='grc' dir='ltr'>ἄπο</span> <span class='ocrx_word' id='word_1_199' title='bbox 838 3270 885 3333; x_wconf 86' lang='grc' dir='ltr'>καὶ</span> <span class='ocrx_word' id='word_1_200' title='bbox 900 3269 1049 3335; x_wconf 87' lang='grc' dir='ltr'>κλισιάων</span> 
     </span>
     <span class='ocr_line' id='line_1_30' title="bbox 278 3371 984 3456; baseline 0.001 -21"><span class='ocrx_word' id='word_1_201' title='bbox 278 3375 382 3454; x_wconf 84' lang='grc' dir='ltr'>Τρῶες</span> <span class='ocrx_word' id='word_1_202' title='bbox 398 3373 556 3456; x_wconf 78' lang='grc' dir='ltr'>ἐχάρησαν</span> <span class='ocrx_word' id='word_1_203' title='bbox 572 3372 660 3454; x_wconf 87' lang='grc' dir='ltr'>προτὶ</span> <span class='ocrx_word' id='word_1_204' title='bbox 672 3371 770 3436; x_wconf 88' lang='grc' dir='ltr'>Ἴλιον</span> <span class='ocrx_word' id='word_1_205' title='bbox 783 3372 984 3454; x_wconf 87' lang='grc' dir='ltr'>ἠνεμόεσσαν,</span> 
     </span>
     <span class='ocr_line' id='line_1_31' title="bbox 282 3473 1225 3558; baseline 0.004 -18"><span class='ocrx_word' id='word_1_206' title='bbox 282 3478 309 3540; x_wconf 84' lang='grc' dir='ltr'>εί</span> <span class='ocrx_word' id='word_1_207' title='bbox 323 3475 364 3555; x_wconf 75' lang='grc' dir='ltr'>μὴ</span> <span class='ocrx_word' id='word_1_208' title='bbox 381 3473 582 3555; x_wconf 88' lang='grc' dir='ltr'>Πουλυδάμας</span> <span class='ocrx_word' id='word_1_209' title='bbox 596 3473 710 3556; x_wconf 73' lang='grc' dir='ltr'>θρασύν</span> <span class='ocrx_word' id='word_1_210' title='bbox 721 3473 853 3558; x_wconf 81' lang='grc' dir='ltr'>Ἕκτορα</span> <span class='ocrx_word' id='word_1_211' title='bbox 867 3477 931 3540; x_wconf 84' lang='grc' dir='ltr'>εἶπε</span> <span class='ocrx_word' id='word_1_212' title='bbox 948 3478 1113 3558; x_wconf 88' lang='grc' dir='ltr'>παραστάς·</span> <span class='ocrx_word' id='word_1_213' title='bbox 1178 3506 1225 3558; x_wconf 77' lang='lat'>7²⁵</span> 
     </span>
     <span class='ocr_line' id='line_1_32' title="bbox 282 3578 1084 3662; baseline 0.006 -20"><span class='ocrx_word' id='word_1_214' title='bbox 282 3585 302 3618; x_wconf 87' lang='lat'><strong>“</strong></span> <span class='ocrx_word' id='word_1_215' title='bbox 308 3578 428 3661; x_wconf 88' lang='grc' dir='ltr'>Ἕκτορ,</span> <span class='ocrx_word' id='word_1_216' title='bbox 446 3578 599 3662; x_wconf 81' lang='grc' dir='ltr'>ἀμήχανός</span> <span class='ocrx_word' id='word_1_217' title='bbox 614 3581 685 3642; x_wconf 89' lang='grc' dir='ltr'>έσσι</span> <span class='ocrx_word' id='word_1_218' title='bbox 701 3585 916 3660; x_wconf 82' lang='grc' dir='ltr'>παραρρητοῖσι</span> <span class='ocrx_word' id='word_1_219' title='bbox 932 3579 1084 3647; x_wconf 91' lang='grc' dir='ltr'>πιθέσθαι.</span> 
     </span>
     <span class='ocr_line' id='line_1_33' title="bbox 282 3680 970 3768; baseline -0.004 -18"><span class='ocrx_word' id='word_1_220' title='bbox 282 3681 389 3750; x_wconf 76' lang='grc' dir='ltr'>οὕνεκά</span> <span class='ocrx_word' id='word_1_221' title='bbox 404 3707 451 3747; x_wconf 92' lang='grc' dir='ltr'>τοι</span> <span class='ocrx_word' id='word_1_222' title='bbox 465 3683 533 3764; x_wconf 81' lang='grc' dir='ltr'>περὶ</span> <span class='ocrx_word' id='word_1_223' title='bbox 548 3686 624 3746; x_wconf 82' lang='grc' dir='ltr'>δῶκε</span> <span class='ocrx_word' id='word_1_224' title='bbox 640 3680 707 3747; x_wconf 83' lang='grc' dir='ltr'>θεὸς</span> <span class='ocrx_word' id='word_1_225' title='bbox 722 3681 874 3763; x_wconf 85' lang='grc' dir='ltr'>πολεμήϊα</span> <span class='ocrx_word' id='word_1_226' title='bbox 889 3684 970 3768; x_wconf 84' lang='grc' dir='ltr'>ἔργα,</span> 
     </span>
    </p>
   </div>
   <div class='ocr_carea' id='block_1_3' title="bbox 0 0 1374 4226">
    <p class='ocr_par' dir='ltr' id='par_1_3' title="bbox 0 0 1374 4226">
     <span class='ocr_line' id='line_1_34' title="bbox 0 0 1374 4226; baseline 0 0"><span class='ocrx_word' id='word_1_227' title='bbox 0 0 1374 4226; x_wconf 95' lang='lat' dir='ltr'> </span> 
     </span>
    </p>
   </div>
  </div>
 </body>
</html>
