2746 4228
279 309 321 375 34
602 309 631 357 2.
656 295 826 355 ΙΛΙΑΔΟΣ
849 296 883 356 Β.

280 466 443 545 αὐτόματος
458 461 491 527 δέ
506 464 535 526 οῖ
550 461 625 541 ἦλθε
640 461 720 542 βοὴν
735 463 847 545 ἀγαθδς
863 462 1034 530 Μενέλαος·

278 569 348 655 ᾔδεε
362 572 419 651 γὰρ
436 569 509 632 κατὰ
524 565 617 645 θυμὸν
632 566 783 647 ἀδελφεὸν
798 567 837 633 ὡς
853 569 999 632 ἐπονεῖτο,

278 677 356 752 βοΰν
371 672 404 734 δέ
419 668 640 751 περιστήσαντο
656 670 704 734 καὶ
721 670 887 752 οὐλοχύτας
903 669 1058 736 ἀνέλοντο·
1167 697 1216 746 4¹⁰

278 778 377 839 τοῖσιν
391 771 416 837 δ’
434 772 595 854 εύχόμενσς
608 771 723 854 μετέφη
741 773 847 854 κρείων
860 771 1066 854 Ἀγαμέμνων·

280 885 298 911 “
309 879 368 940 Ζεῦ
383 875 502 940 κύδιστε
516 874 650 958 μέγιστε,
667 871 855 956 κελαινεφές,
872 874 968 957 αίθέρι
984 875 1086 948 ναίων,

277 979 318 1060 μὴ
334 980 403 1060 πρὶν
418 978 464 1043 ἐπ’
480 976 584 1059 ἠέλιον
598 983 682 1043 δῦναι
698 980 747 1043 καὶ
763 979 812 1042 ἐπὶ
828 979 941 1060 κνέφας
957 980 1067 1051 ἐλθεῖν,

278 1083 348 1167 πρίν
361 1108 400 1162 με
415 1083 489 1146 κοτδ
504 1083 613 1164 πρηνές
626 1080 755 1162 βαλέειν
769 1080 919 1164 Πριάμοιο
933 1081 1086 1163 μέλαθρον

278 1186 430 1259 αἰθαλόεν,
447 1188 561 1267 πρῆσαι
575 1188 609 1249 δέ
624 1184 716 1266 πυρδς
731 1183 827 1264 δηῖσισ
843 1185 976 1267 θύρετρα,
1166 1209 1214 1259 4¹5

276 1289 436 1371 Ἑκτόρεον
450 1291 483 1352 δέ
497 1293 611 1371 χιτῶνα
626 1289 694 1369 περὶ
710 1286 859 1367 στήθεσσι
875 1285 975 1366 δαΐξαι

276 1393 380 1477 χαλκῷ
395 1391 560 1475 ῥωγαλέον·
582 1390 691 1458 πολέες
706 1391 730 1456 δ’
748 1390 823 1473 ἀμφ’
839 1390 929 1456 αύτδν
944 1393 1056 1472 ἑταῖροι

276 1493 401 1576 πρηνέες
416 1495 449 1558 ἐν
464 1495 600 1581 κονίῃσιν
615 1493 692 1572 όδδξ
703 1494 847 1571 λαζοίατο
861 1493 979 1575 γαῖαν.”

312 1594 375 1662 Ὣς
390 1596 487 1678 ἔφατ’,
503 1597 564 1660 οὐδ’
581 1596 638 1678 άρα
653 1595 699 1659 τό
716 1598 744 1659 οῖ
761 1594 950 1676 ἐπεκραίαινε
966 1595 1110 1675 Κρονίων,

276 1696 345 1760 ἀλλ’
362 1698 426 1780 ὅγε
436 1698 522 1763 δέκτο
532 1701 588 1778 μέν
601 1696 658 1780 ἱρά,
671 1696 802 1762 σύνοιδ’
815 1694 982 1778 ἀμέγαρτον
994 1698 1138 1777 ὄφελλεν.
1164 1723 1213 1772 420

275 1799 367 1881 αὐτὰρ
382 1802 450 1865 ἐπεί
461 1801 493 1883 ῥ’
510 1799 634 1880 εὔξαντο
650 1801 699 1864 καὶ
716 1799 883 1882 ούλσχύτας
897 1797 1101 1880 προβάλοντο,

275 1903 423 1985 αὐέρυσαν
435 1906 492 1984 μέν
506 1910 608 1984 πρῶτα
623 1905 672 1968 καὶ
688 1901 829 1984 έσφαξσν
844 1904 893 1967 καὶ
909 1903 1035 1985 ἔδειραν,

274 2006 383 2087 μηρούς
398 2006 422 2068 τ’
440 2004 584 2085 ἐξέταμον
599 2004 674 2069 κατά
688 2031 721 2070 τε
737 2005 826 2093 κνίσῃ
842 2004 1001 2088 ἐκάλυψαν

274 2110 403 2192 δίπτυχα
417 2107 606 2188 ποιήσαντες,
625 2109 672 2173 ἐπ’
689 2110 785 2175 αὐτῶν
800 2109 824 2173 δ’
842 2107 1046 2188 ὠμοθέτησαν.

275 2214 323 2276 καὶ
338 2215 375 2276 τὰ
388 2215 444 2291 μέν
458 2212 495 2295 ἀρ
511 2214 654 2300 σχίζῃσιν
669 2214 857 2294 ἀφύλλοισιν
872 2210 1037 2284 κατέκαιον,
1164 2239 1210 2295 ⁴²5

275 2312 438 2397 σπλάγχνα
454 2314 479 2378 δ’
495 2315 540 2396 ἄρ’
557 2315 754 2395 ἀμπείραντες
769 2313 930 2396 ὑπείρεχον
943 2311 1142 2394 Ἡφαίστοιο.

273 2416 365 2498 ούτδρ
380 2418 446 2481 ἐπεὶ
463 2419 537 2480 κατὰ
550 2415 618 2497 μῆρ’
637 2415 708 2496 ἐκάη
726 2416 774 2479 καὶ
790 2414 943 2498 σπλάγχν’
961 2414 1124 2489 ἐπάσαντο,

272 2521 442 2599 μίστυλλόν
455 2519 481 2583 τ’
498 2519 556 2602 θρα
569 2519 670 2582 τάλλα
686 2520 735 2583 καὶ
753 2517 827 2599 ἀμφ’
844 2519 1007 2599 ὀβελοῖσιν
1021 2519 1153 2602 ἔπειραν,

272 2622 415 2704 ὤπτησάν
429 2648 463 2687 τε
478 2620 694 2704 περιφραδέως,
712 2621 859 2704 ἐρύσαντό
873 2647 906 2686 τε
921 2621 1029 2687 πάντα.

272 2726 363 2808 αύτδρ
378 2727 444 2791 ἐπεὶ
459 2725 613 2792 παύσαντο
628 2726 722 2791 πόνου
736 2725 896 2790 τετύκοντό
910 2750 944 2789 τε
958 2730 1055 2800 δαῖτα,
1162 2753 1212 2800 430

271 2829 409 2902 δαίνυντ’,
425 2827 493 2893 σύδέ
507 2853 536 2893 τι
552 2829 643 2909 θυμὸς
659 2829 776 2894 ἐδεύετο
791 2828 892 2894 δαιτὸς
907 2826 1003 2906 ἐΐσης.

271 2930 362 3015 αύτδρ
378 2933 443 2996 ἐπεὶ
459 2933 567 2998 πόσιος
583 2933 631 2996 καὶ
648 2933 769 3014 ἐδητύος
785 2930 821 3011 ἐξ
834 2932 903 3013 έρσν
919 2932 995 3010 ἕντο,

270 3038 333 3102 τοῖς
348 3035 405 3116 θρα
418 3035 520 3115 μύθων
535 3034 610 3119 ἦρχε
625 3033 766 3117 Γερήνιος
782 3037 895 3099 ἱππότα
909 3033 1048 3116 Νέστωρ·

271 3148 291 3175 “
301 3136 439 3220 Ἀτρείδη
457 3138 587 3215 κύδιστε,
604 3137 683 3218 άναξ
696 3141 811 3220 ἀνδρῶν
824 3138 1022 3222 Ἀγάμεμνον,

269 3240 374 3321 μηκέτι
389 3246 442 3307 νῦν
456 3239 521 3319 δήθ’
539 3241 605 3305 αὖθι
619 3241 788 3324 λεγοίμεθα,
802 3243 870 3322 μηδ’
888 3242 932 3306 ἔτι
948 3240 1038 3322 δηρδν
1160 3266 1210 3317 435

271 3344 500 3425 ἀμβσλλόμεθα
515 3345 612 3427 ἔργον,
630 3344 646 3408 δ
662 3346 698 3424 δὴ
714 3345 783 3411 θεὸς
799 3345 979 3429 ἐγγυαλίζει.

271 3447 340 3529 ἀλλ’
357 3447 422 3531 άγε,
439 3445 562 3530 κήρυκες
576 3449 632 3527 μέν
645 3446 780 3530 Ἀχαιῶν
794 3447 1031 3531 χαλκοχιτώνων

269 3549 348 3616 λαὸν
361 3550 564 3632 κηρύσσοντες
579 3550 760 3631 ἀγειρόντων
775 3553 850 3615 κατὰ
865 3554 945 3628 νῆσις,

270 3651 355 3732 ἡμεῖς
370 3654 395 3718 δ’
413 3653 517 3736 ἀθρόοι
533 3648 595 3717 ὦδε
606 3655 681 3717 κατὰ
697 3652 826 3734 στρατὸν
842 3651 928 3732 εὐρὺν
943 3648 1077 3734 Ἀχαιῶν
