2758 4228
466 335 516 386 αα.
540 320 776 382 ΟΔΎΣΣΕΙΑΣ
806 321 844 380 Χ.
1064 317 1126 400 873

177 491 209 552 έκ
226 490 321 570 φόνου
338 489 381 554 εἴς
395 486 499 565 αύλήν,
517 486 556 550 σύ
571 511 604 550 τε
621 487 669 552 καὶ
681 487 862 569 πολύφημος
877 489 989 565 ἀοιδός,

177 591 247 672 ὄφρ’
262 590 299 655 ἀν
316 593 374 673 έγδ
390 594 465 654 κατὰ
481 597 565 670 δῶμα
580 588 753 671 πονήσομαι
767 591 854 654 ὅττεό
867 617 904 669 με
919 587 1005 676 χρή.”

213 693 276 761 Ὣς
292 695 379 776 φάτο,
395 696 436 758 τὼ
452 693 477 758 δ’
493 693 551 772 ἔξω
567 693 666 774 βήτην
680 694 823 774 μεγάροιο
840 695 948 768 κιόντε,

178 798 303 877 έζέσθην
318 796 344 862 δ’
358 801 414 880 ἀρα
429 799 471 862 τά
486 823 522 880 γε
539 803 612 864 Διὸς
626 797 763 880 μεγάλου
779 795 848 861 ποτὶ
866 799 982 878 βωμόν,

178 903 311 967 πάντοσε
326 903 538 976 παπταίνοντε,
554 904 652 982 φόνον
667 900 872 984 ποτιδεγμένω
889 903 957 968 αἴεῖ.
1076 917 1127 978 380

222 1005 384 1083 Πάπτηνεν
401 1005 425 1070 δ’
438 1003 584 1072 Ὀδυσεὺς
598 1006 662 1068 καθ’
675 1009 726 1070 έδν
742 1007 845 1084 δόμον,
858 1008 888 1069 εἴ
901 1031 946 1072 τις
962 1004 1002 1069 ἔτ’
1013 1006 1128 1088 ἀνδρῶν

179 1109 252 1187 ζωὸς
267 1108 498 1184 ὑποκλοπέοιτο,
514 1109 658 1174 ἀλύσκων
673 1111 747 1190 κῆρα
762 1109 933 1191 μέλαιναν,

178 1213 246 1278 τοὺς
261 1214 293 1276 δὲ
307 1213 372 1278 ἴδεν
386 1213 469 1291 μάλα
484 1211 598 1279 πάντας
613 1214 646 1276 έν
660 1213 764 1292 αἴματι
780 1211 829 1277 καὶ
844 1215 961 1299 κονίῃσι

179 1323 352 1381 πεπτεῶτας
366 1316 511 1393 πολλούς,
529 1317 569 1382 ὥς
584 1315 609 1377 τ’
625 1317 740 1400 ἰχθύας,
756 1319 807 1384 ούς
822 1317 849 1380 θ’
865 1320 969 1393 ἁλιῆες

179 1424 283 1484 κοῖλον
299 1422 330 1485 ές
345 1421 486 1500 αἴγιαλδν
502 1423 612 1499 πολιῆς
628 1419 754 1486 ἔκτοσθε
769 1420 930 1500 θαλάσσης
1080 1435 1128 1495 585

179 1523 285 1607 δικτύῳ
302 1521 447 1603 ἐξέρυσαν
461 1526 624 1607 πολυωπῷ·
644 1526 673 1588 οἴ
689 1523 722 1586 δέ
734 1549 767 1588 τε
780 1529 892 1592 πάντες

179 1626 283 1707 κύμαθ’
299 1628 374 1692 άλδς
389 1625 551 1692 ποθέοντες
571 1627 622 1692 ἐπὶ
637 1627 810 1708 ψαμάθοισι
826 1627 976 1711 κέχυνται·

179 1739 239 1796 τῶν
253 1730 348 1810 μέντ’
363 1728 488 1796 Ἠέλιος
503 1728 628 1811 φαέθων
642 1729 778 1810 ἐξείλετο
794 1734 897 1811 θυμόν·

181 1836 220 1900 ὣς
236 1834 295 1896 τότ’
311 1834 369 1913 ἀρα
382 1837 550 1914 μνηστῆρες
567 1833 614 1896 ἐπ’
631 1833 799 1913 ἀλλήλοισι
815 1838 949 1917 κέχυντο·

180 1935 216 2015 δή
232 1937 300 1999 τότε
314 1936 496 2018 Τηλέμαχον
510 1936 652 2019 προσέφη
667 1940 834 2016 πολύμητις
848 1936 1026 2002 Ὀδυσσεύς·
1079 1965 1130 2016 39⁰

181 2045 202 2074 “
210 2040 379 2124 Τηλέμαχ’,
395 2042 421 2103 εἴ
436 2040 462 2104 δ’
478 2041 533 2122 ἄγε
549 2065 599 2118 μοι
617 2040 749 2104 κάλεσον
764 2046 876 2122 τροφδν
893 2041 1087 2122 Εὐρύκλειαν,

181 2146 262 2224 όφρα
278 2145 351 2208 ἔπος
367 2147 475 2224 εἴπωμι
491 2144 527 2206 τό
541 2169 592 2222 μοι
610 2143 791 2223 καταθύμιόν
806 2143 918 2210 ἐστιν’

217 2246 281 2313 Ὣς
297 2248 386 2328 φάτο,
401 2247 582 2329 Τηλέμαχος
599 2250 631 2312 δὲ
646 2250 729 2332 φίλῳ
745 2249 920 2312 ἐπεπείθετο
935 2249 1033 2328 πατρί,

182 2351 307 2430 κινήσας
322 2353 354 2415 δὲ
369 2352 461 2433 θύρην
475 2351 616 2433 προσέφη
631 2358 747 2433 τροφὸν
762 2352 956 2432 Εὐρύκλειαν·

182 2461 197 2488 “
208 2460 293 2536 δεῦρο
309 2455 344 2534 δὴ
359 2457 444 2536 ὄρσο,
459 2454 535 2537 γρηδ
551 2455 744 2537 παλαιγενές,
761 2456 781 2534 ἥ
796 2480 829 2520 τε
844 2459 993 2538 γυναικῶν
1081 2481 1129 2531 39⁵

184 2561 310 2643 δμῳάων
326 2561 441 2625 σκοπός
456 2562 529 2624 ἐσσι
544 2558 619 2622 κατὰ
632 2559 736 2640 μέγαρ’
751 2558 932 2641 ἡμετεράων·

183 2663 280 2744 ἔρχεο·
304 2663 461 2742 κικλήσκει
476 2689 514 2727 σε
530 2663 627 2742 πατὴρ
643 2665 723 2741 ἐμός,
739 2665 821 2744 ὄφρα
835 2688 865 2727 τι
881 2661 978 2746 εἴπη.”

219 2765 283 2832 Ὣς
299 2767 344 2847 ἄρ’
354 2767 530 2848 ’έφύνησεμ
546 2769 581 2852 τῇ
597 2767 623 2830 δ’
639 2766 767 2847 ἄπτερος
783 2767 893 2832 ἔπλετο
907 2771 1009 2846 μῦθος,
1054 2833 1056 2837 ,

183 2869 270 2949 ὤϊξεν
288 2873 321 2935 δὲ
336 2871 425 2950 θύρας
439 2869 578 2952 μεγάρων
593 2870 626 2934 εύ
641 2871 849 2949 ναιεταόντων,

183 2977 225 3052 βῆ
242 2974 268 3038 δ’
282 2975 358 3054 ἴμεν·
382 2973 474 3050 αὐτὰρ
492 2973 671 3058 Τηλέμαχος
688 2973 795 3055 πρόσθ’
810 2974 998 3058 ἡγεμόνευεν.
1079 3003 1131 3052 400

184 3079 268 3159 εὗρεν
283 3078 374 3142 ἔπειτ’
389 3078 526 3155 Ὀδυσῆα
539 3077 616 3158 μετὰ
632 3076 804 3158 κταμένοισι
819 3080 971 3155 νέκυσσιν,

184 3185 286 3261 αἴματι
303 3178 351 3244 καὶ
366 3182 466 3266 λύθρῳ
482 3182 718 3263 πεπαλαγμένον
734 3184 774 3249 ὥς
789 3207 822 3247 τε
836 3182 956 3258 λέοντα,

183 3286 217 3352 ός
231 3285 270 3368 ῥά
285 3311 318 3349 τε
333 3285 499 3365 βεβρωκὼς
514 3290 589 3364 βοὸς
607 3286 727 3370 ἔρχεται
742 3285 914 3369 ἀγραύλοιο·

184 3394 244 3453 πάν
259 3389 285 3454 δ’
300 3389 358 3470 ἀρα
373 3393 402 3454 οἴ
418 3391 530 3466 στῆθός
546 3415 579 3452 τε
595 3389 705 3470 παρήϊά
721 3390 745 3452 τ’
762 3392 976 3471 ἀμφοτέρωθεν

184 3494 365 3572 αἱματόεντα
378 3492 476 3572 πέλει,
493 3491 590 3558 δεινδς
605 3490 630 3556 δ’
646 3496 689 3559 εἰς
707 3490 774 3557 ὦπα
790 3493 918 3558 ἰδέσθαι·
1079 3522 1129 3573 405

186 3596 226 3662 ὣς
241 3595 386 3660 Ὀδυσεὺς
401 3595 580 3667 πεπάλακτο
595 3597 688 3662 πόδας
705 3598 752 3658 καὶ
767 3602 871 3679 χεῖρας
884 3599 1022 3678 ὕπερθεν·

185 3699 203 3778 ῆ
219 3698 246 3763 δ’
260 3698 300 3764 ’ὡς
316 3698 368 3761 οὖν
383 3698 487 3766 νέκυάς
501 3700 598 3764 τεκαὶ
613 3701 747 3766 ἀσπετον
764 3703 874 3768 εἴσιδεν
889 3703 971 3784 αἴμα,

608 3803 694 3888 Ff3
