2760 4232
534 336 754 394 ΜΑΡΓΙΤΗΣ.
1035 351 1117 415 1023

173 509 349 571 συνίσταται
372 512 434 571 τοῖς
461 511 657 588 Θεσπρωτοῖς
680 506 752 585 πρὸς
779 505 917 586 Βρύγους,
943 506 1117 572 Ὀδυσσέως

170 609 345 692 ἡγουμένου·
378 611 503 674 ἐνταῦθα
515 607 609 690 Ἀρης
632 609 700 675 τοὺς
721 607 788 689 περί
807 609 861 674 τὸν
875 598 1030 673 Ὀδυσσέα
1052 611 1118 691 τρέ-

171 740 269 792 πεται,
293 715 341 777 καὶ
363 714 442 798 αὐτῷ
465 716 508 780 εἰς
529 713 630 798 μάχην
650 713 763 791 Ἀθηνᾶ
783 713 967 776 καθίσταται·
1000 713 1119 780 τούτους

170 821 226 896 μὲν
238 815 401 882 Ἀπόλλων
413 817 537 883 διαλύει.
570 821 646 896 μετὰ
661 821 693 881 δὲ
710 819 764 896 τὴν
777 818 961 895 Καλλιδίκης
977 820 1119 896 τελευτὴν

171 924 226 1000 τὴν
251 925 307 1000 μὲν
337 923 502 1000 βασιλείαν
531 919 701 1003 διαδέχεται
729 921 923 1000 Πολυποίτης
945 918 1119 987 Ὀδυσσέως

170 1025 243 1100 υἱός,
265 1025 351 1089 αὐτὸς
374 1021 399 1087 δ’
423 1026 464 1090 εἰς
479 1023 601 1104 Ἰθάκην
623 1026 803 1107 ἀφικνεῖται·
835 1027 888 1088 κάν
909 1023 1002 1109 τούτῳ
1021 1025 1118 1102 Τηλέ-

170 1153 260 1207 γονος
283 1125 332 1190 ἐπὶ
357 1126 480 1206 ζήτησιν
502 1133 554 1190 τοῦ
577 1135 687 1209 πατρὸς
713 1127 826 1208 πλέων,
852 1131 973 1206 ἀποβὰς
996 1131 1038 1194 είς
1065 1129 1119 1207 τὴν

169 1227 289 1308 Ἰθάκην
306 1230 407 1311 τέμνει
426 1233 480 1310 τὴν
496 1235 600 1309 νῆσον·
629 1231 819 1313 ἐκβοηθήσας
836 1229 861 1295 δ’
877 1232 1047 1299 Ὀδυσσεὺς
1062 1233 1120 1295 ὑπὸ

170 1339 222 1397 τοῦ
246 1341 350 1400 παιδὸς
370 1337 532 1416 ἀναιρεῖται
556 1335 618 1400 κατ’
640 1337 774 1418 ἄγνοιαν.
818 1337 990 1418 Τηλέγονος
1010 1333 1035 1399 δ’
1054 1338 1118 1399 ε’πι-

171 1437 259 1520 γνοδς
289 1439 344 1518 τὴν
375 1440 520 1519 ἆμαρτίαν
544 1439 580 1502 τά
602 1465 634 1504 τε
660 1445 713 1502 τοῦ
740 1446 850 1519 πατρὸς
875 1444 963 1517 σῶμα
991 1437 1037 1502 καὶ
1067 1441 1120 1504 τὸν

169 1541 349 1626 Τηλέμαχον
373 1538 496 1620 κοίτην
519 1544 703 1622 Πηνελόπην
726 1543 800 1623 πρὸς
824 1543 878 1622 τὴν
901 1541 1014 1622 μητέρα
1036 1547 1120 1625 μεθί-

172 1667 291 1722 στησιν·
321 1645 339 1724 ἡ
364 1649 396 1709 δὲ
419 1639 524 1712 αὐτοὺς
547 1645 712 1712 ἀθανάτους
738 1652 826 1724 ποιεῖ,
851 1647 899 1710 καὶ
926 1653 1063 1714 συνοικεῖ
1083 1673 1118 1732 τῃ

171 1751 226 1829 μὲν
242 1751 409 1837 Πηνελόπη
424 1749 605 1833 Τηλέγονος,
622 1751 715 1836 Κίρκῃ
731 1753 763 1814 δὲ
778 1749 970 1831 Τηλέμαχος.

1007 1870 1087 1918 Procl.

417 2125 420 2136 .
452 2086 650 2145 ΟΙΧΑΛΙΑΣ
673 2085 837 2144 ΑΛΩΣΙΣ.

167 2227 212 2290 Ὠ
227 2228 321 2311 γύναι,
338 2229 412 2308 αὐτὴ
428 2226 520 2292 ταῦτά
540 2227 566 2290 τ’
582 2231 615 2291 έν
631 2229 837 2309 ὀφθαλμοῖσιν
853 2229 949 2310 ὅρηαι.

463 2350 647 2399 Grammaticus
660 2367 700 2414 ap.
713 2349 795 2398 Cram.
806 2351 855 2398 An.
868 2350 949 2399 Oxou.
962 2349 979 2398 i.
992 2367 1017 2412 p.
1031 2360 1086 2426 327.

539 2573 757 2631 ΜΑΡΓΙΤΗΣ.

628 2743 654 2787 Ι.

211 2859 314 2926 Ἦλθέ
328 2886 372 2926 τις
389 2863 430 2926 είς
448 2865 618 2940 Κολοφῶνα
634 2860 729 2942 γέρων
745 2857 791 2922 καὶ
808 2864 887 2926 θεῖος
902 2861 1011 2935 ἀοιδός,

216 2963 370 3027 Μουσάων
386 2963 523 3046 θεράπων
535 2949 589 3027 ’καὶ
606 2963 757 3043 ἑκηβόλου
772 2963 977 3040 Ἀπόλλωνος,

302 3069 395 3154 φίλης
410 3068 489 3150 έχων
506 3069 538 3131 ἐν
552 3067 662 3150 χερσὶν
677 3066 849 3149 εύφθογγον
865 3068 968 3146 λύρην.

504 3187 565 3237 Atil.
578 3187 708 3236 Fortunat.
721 3203 745 3250 p.
762 3186 823 3250 2692
837 3187 944 3241 Putsch„
960 3188 1007 3236 286
1018 3189 1085 3238 Keil.

628 3392 654 3436 2.

215 3499 277 3558 Τδν
293 3492 318 3558 δ’
334 3495 393 3558 οὔτ’
409 3494 445 3577 ἂρ
462 3497 619 3574 σκαπτῆρα
635 3495 698 3558 θεοὶ
714 3494 808 3558 θέσαν
825 3493 884 3557 οὔτ’
903 3493 1033 3576 ἀροτῆρα

215 3597 274 3660 οὔτ’
289 3597 392 3664 ἄλλως
407 3623 436 3662 τι
452 3599 562 3679 σοφόν,
579 3597 679 3675 πάσης
695 3597 720 3660 δ’
737 3596 886 3678 ἡμάρτανε
900 3595 1016 3679 τέχνης.

487 3719 563 3768 Arist.
577 3717 634 3766 Exh.
646 3718 746 3767 Nicom.
758 3717 802 3767 VI.
818 3727 842 3780 7,
853 3733 878 3782 p.
893 3726 976 3778 11410.
991 3730 1019 3763 ιτ
1032 3732 1085 3781 sqq.
