2788 4230
470 335 782 397 16.0AT2231A2
813 337 852 399 τι.
1076 339 1136 416 777

186 505 328 570 ἐλθόντες
344 505 376 568 δέ
392 505 513 582 καθῖζον
528 503 577 569 ἐπὶ
594 505 731 584 ξεστοῖσι
746 508 907 588 θρόνοισιν.

228 607 269 671 Ἡ
285 607 311 672 δ’
327 608 390 672 αὖτ’
406 609 477 672 ἄλλ’
493 611 602 689 ἐνόησε
616 614 770 692 περίφρων
785 612 987 688 Πηνελόπεια,

185 711 393 793 μνηστήρεσσι
410 717 543 795 φανῆναι
557 716 704 796 ὑπέρβιον
718 717 808 796 ύβριν
824 716 938 800 έχουσι·
1088 741 1139 794 4¹⁰

186 818 313 881 πεύθετο
328 822 387 900 γὰρ
403 819 438 882 οδ
451 820 558 884 παιδὸς
574 815 618 883 ἐνὶ
633 819 809 900 μεγάροισιν
825 821 962 897 ὄλεθρον·

186 919 279 1002 κῆρυξ
292 921 349 1005 γάρ
366 925 394 985 οἱ
411 922 493 987 ἔειπε
510 922 625 998 Μέδων,
642 921 675 989 δς
692 923 835 986 ἐπεύθετο
849 920 976 1001 βουλάς.

185 1028 230 1103 βῆ
244 1022 269 1088 δ’
286 1025 360 1090 ἰέναι
375 1025 540 1106 μέγαρόνδε
556 1026 613 1092 σὺν
629 1027 832 1106 ἀμφιπόλοισι
847 1025 993 1107 γυναιξίν.

186 1125 256 1190 ἀλλ’
272 1130 322 1194 ὅτε
338 1130 373 1208 δή
389 1133 560 1211 μνηστῆρας
575 1131 700 1209 ἀφίκετο
716 1135 766 1193 δῖα
779 1135 936 1212 γυναικῶν,

187 1235 244 1310 στῆ
258 1234 295 1315 ῥα
311 1233 390 1314 παρὰ
407 1233 543 1314 σταθμὸν
557 1234 661 1312 τέγεος
677 1233 754 1296 πύκα
770 1238 920 1312 ποιητοῖο,
1087 1261 1136 1311 415

186 1338 260 1399 ἄντα
275 1336 427 1417 παρειάων
443 1325 575 1420 σχομένη
592 1340 707 1417 λιπαρὰ
724 1336 879 1418 κρήδεμνα,

185 1437 342 1504 Ἀντίνοον
358 1439 382 1504 δ’
398 1441 533 1506 ἐνένιπεν
549 1442 621 1506 έπος
636 1438 661 1502 τ’
677 1437 764 1521 ἔφατ’
780 1441 813 1505 έκ
828 1440 854 1502 τ’
869 1441 1022 1520 ὀνόμαζεν·

185 1548 202 1576 “
212 1541 349 1616 Ἀντίνο’,
365 1546 455 1626 ὕβριν
471 1544 560 1628 έχων,
576 1543 774 1628 κακομήχανε,
790 1546 838 1608 καὶ
854 1544 888 1609 δέ
903 1543 940 1607 σέ
954 1551 1051 1625 φασιν

188 1649 221 1709 ἐν
235 1645 318 1732 δήμιρ
334 1645 452 1727 Ἰθάκης
466 1645 532 1728 μεθ’
547 1646 694 1728 ὁμήλικας
709 1651 801 1728 ἔμμεν
816 1649 941 1728 ἄριστον

186 1753 287 1836 βουλῇ
303 1750 351 1816 καὶ
366 1753 499 1831 μύθοισι·
531 1751 570 1815 σδ
585 1748 611 1815 δ’
627 1751 678 1815 οὐκ
694 1752 750 1831 ἄρα
765 1757 848 1817 τοῖος
863 1751 967 1829 ἔησθα.
1085 1779 1137 1829 4²0

187 1855 292 1936 μάργε,
309 1857 355 1931 τίη
372 1857 405 1917 δέ
420 1854 459 1918 σὺ
473 1857 645 1938 Τηλεμάχῳ
663 1853 792 1918 θάνατόν
807 1880 840 1918 τε
854 1855 947 1935 μόρον
962 1879 995 1918 τε

186 1955 320 2038 ῥάπτεις,
336 1955 396 2020 οὐδ’
413 1957 511 2022 ἱκέτας
527 1956 678 2036 ἐμπάζεαι,
694 1959 775 2020 οἶσιν
791 1957 849 2036 ἄρα
864 1956 939 2023 Ζεὺς

176 2059 352 2141 ·μάρτυρος;
377 2059 437 2123 οὐδ’
454 2061 523 2138 ὁσίη
541 2064 614 2123 κακὰ
629 2059 753 2142 ῥάπτειν
769 2058 963 2139 ἀλλήλοισιν.

188 2163 207 2242 ἦ
223 2163 275 2226 οὐκ
291 2164 370 2227 οἶσθ’
386 2165 437 2228 ὅτε
452 2168 538 2246 δεῦρο
554 2163 651 2245 πατὴρ
668 2163 734 2230 τεδς
749 2167 830 2228 ἵκετο
846 2165 977 2245 φεύγων,

188 2269 281 2344 δῆμον
296 2269 476 2342 ύποδείσας,·
500 2267 535 2346 δὴ
552 2271 609 2350 γὰρ
625 2267 797 2351 κεχολώατο
812 2269 891 2344 λίην,
1086 2293 1136 2344 4²5

188 2373 295 2434 οὕνεκα
310 2375 493 2454 ληϊστῆρσιν
508 2371 708 2450 ἐπισπόμενος
723 2373 890 2451 Ταφίοισιν

187 2473 283 2557 ἤκαχε
300 2475 511 2557 Θεσπρωτούς
542 2477 570 2538 οἱ
587 2475 612 2538 δ’
627 2474 697 2554 ἡμῖν
713 2475 833 2555 ἄρθμιοι
848 2473 937 2551 ἦσαν.

187 2579 240 2648 τόν
253 2576 279 2660 ῥ’
293 2580 402 2642 ἔθελον
418 2583 529 2660 φθῖσαι
545 2575 593 2642 καὶ
609 2579 789 2660 ἀπορραῖσαι
804 2581 899 2659 φίλον
914 2577 985 2659 ἦτορ

187 2681 239 2760 ήδέ
255 2685 329 2745 κατὰ
345 2683 421 2760 ζωὴν
436 2681 563 2764 φαγέειν
577 2679 732 2762 μενοεικέα
747 2679 877 2759 πολλήν·

188 2786 258 2848 ἀλλ’
273 2786 418 2853 Ὀδυσεὺς
434 2787 572 2867 κατέρυκε
588 2787 636 2849 καὶ
652 2787 780 2869 ἔσχεθεν
797 2786 929 2866 ἱεμένους
944 2811 1008 2868 περ.
1084 2811 1137 2862 430

190 2895 242 2953 τοῦ
258 2896 310 2954 νῦν
326 2891 408 2954 οῖκον
423 2891 530 2970 άτιμον
546 2890 633 2968 ἔδεις,
647 2889 727 2973 μνάᾳ
742 2892 775 2952 δέ
789 2894 917 2970 γυναῖκα

191 2992 284 3056 παῖδά
299 2993 324 3055 τ’
340 2995 533 3069 άποκτείνεις,
549 2995 601 3072 ἐμὲ
617 2997 650 3057 δέ
666 2992 806 3075 μεγάλως
821 2992 981 3075 ἀκαχίζεις·

190 3097 272 3160 ἀλλά
290 3123 328 3160 σε
343 3098 518 3160 παύσασθαι
534 3097 660 3178 κέλομαι
677 3097 725 3159 καὶ
741 3095 895 3179 ἀνωγέμεν
909 3093 1051 3160 άλλους·”

232 3200 296 3279 Τὴν
311 3201 336 3264 δ’
352 3201 414 3264 αὖτ’
430 3201 615 3283 Εὐρύμαχος,
632 3199 778 3280 Πολύβου
794 3200 872 3274 πάϊς,
889 3200 990 3264 ἀντίον
1003 3199 1088 3277 ηύδα·

189 3310 209 3338 “
221 3305 307 3386 κούρη
323 3305 471 3387 Ἰκαρίοιο,
487 3306 635 3386 περίφρον
651 3305 856 3382 Πηνελόπεια,
1086 3333 1136 3381 435

190 3407 306 3488 θάρσει·
339 3407 379 3489 μή
394 3433 439 3471 τοι
456 3413 548 3471 ταῦτα
562 3410 637 3487 μετὰ
653 3403 746 3488 φρεσὶ
761 3409 836 3492 σῇσι
851 3407 1013 3488 μελόντων.

190 3511 241 3574 οὐκ
258 3511 322 3574 ἔσθ’
337 3513 422 3578 οὗτος
437 3512 512 3593 ἀνὴρ
528 3512 588 3574 οὐδ’
604 3512 730 3578 ἔσσεται
745 3512 812 3574 οὐδὲ
828 3511 957 3590 γένηται,

188 3619 220 3682 ὅς
237 3641 288 3679 κεν
303 3614 473 3700 Τηλεμάχῳ
490 3619 534 3701 σηῖ
550 3615 608 3680 υἱέϊ
623 3620 725 3699 χεῖρας
741 3615 859 3678 ε’ποίσει

191 3719 316 3797 ζόοντός
331 3719 359 3802 γ’
375 3719 479 3800 ,ἐμέθεν
496 3722 542 3784 καὶ
558 3719 608 3784 ἐπὶ
623 3715 710 3800 χθονὶ
726 3717 926 3801 δερκομένοιο.

617 3836 707 3910 cc3
