2792 4232
242 413 305 498 358
559 430 632 497 τι.
658 420 829 486 ΙΛΙΑΔΟΣ
854 422 885 486 Ρ.

241 588 312 669 πρίν
326 589 354 672 γ’
371 587 420 654 ἐπ’
436 586 602 672 Ἀχιλλήιον
617 589 796 672 καλλίτριχε
810 586 942 668 βήμεναι
958 589 1042 652 ίππω
1075 614 1077 622 ’

241 696 295 754 νῶϊ
310 693 551 770 κατακτείναντα,
566 693 709 774 φοβῆσαί
722 717 756 762 τε
772 693 880 774 στίχας
894 693 1010 770 ἀνδρῶν
1104 723 1106 732 ·
1140 715 1189 766 505

242 789 396 875 Ἀργείων,
411 795 430 874 ἤ
446 793 471 864 κ’
481 795 576 866 αι’ντδς
592 797 639 863 ἐνὶ
652 795 823 876 πρόταισιν
833 795 952 872 δλοίη.”

277 893 340 963 Ὠς
356 900 449 965 είπδν
464 903 576 968 Αἴαντε
592 897 767 968 καλέσσατο
784 898 833 966 καὶ
850 898 1020 963 Μενέλαον·

242 1007 260 1034 “
274 1001 386 1074 Αἴαντ’,
402 1002 549 1088 Ἀργείων
564 1000 703 1084 ἡγήτορε,
721 1001 768 1068 καὶ
784 998 933 1074 Μενέλαε,

241 1101 260 1181 δ
275 1127 321 1166 τοι
336 1109 392 1183 μὲν
407 1111 460 1168 τὸν
476 1111 582 1186 νεκρὸν
598 1103 773 1186 ἐπιτράπεθ’
791 1105 821 1170 or
835 1127 891 1184 περ
907 1102 1036 1184 ἄριστοι,

240 1204 317 1288 ἀμφ’
332 1208 411 1294 αὐτῷ
427 1208 568 1290 βεβάμεν
584 1209 633 1276 καὶ
649 1209 814 1291 θοόνεσθαι
830 1207 939 1288 στίχας
953 1207 1078 1287 ἀνδρῶν,
1139 1231 1190 1281 κιο

241 1335 313 1373 νωιν
327 1313 360 1374 δ
376 1312 527 1388 ζωοῖσιν
512 1312 639 1392 αμόνετε
654 1313 745 1392 νηλεδ
747 1309 863 1391 ςήμαρ·

239 1414 311 1497 τῇδε
326 1417 383 1495 γδρ
399 1415 530 1502 ἔβρισαν
545 1416 683 1495 πόλεμον
699 1414 774 1484 κάτα
790 1414 972 1494 δακρυόεντα

236 1513 355 1598 Ἕκτωρ
371 1518 577 1595 Αίνείαςθ’,ο
575 1518 718 1596 δΤρόων
734 1515 813 1586 είσίν
828 1517 956 1598 ἄρισται.

240 1616 311 1682 ἀλλ’
327 1619 346 1699 ή
360 1646 408 1684 τοι
422 1647 478 1702 μεν
492 1627 587 1692 ταῦτα
601 1626 678 1687 θεῶν
693 1623 726 1690 ἐν
740 1621 869 1704 γοόνασι
886 1625 988 1690 κειται·

240 1723 306 1801 ἥσω
321 1726 380 1807 γδρ
395 1727 444 1794 καί
460 1726 528 1808 ἐγό,
544 1728 583 1789 τδ
597 1724 631 1788 δέ
646 1751 698 1790 κεν
715 1725 767 1792 Διὶ
783 1723 882 1794 πάντα
895 1720 1056 1802 μελήσει.”
1139 1745 1190 1796 51.ιὶ

281 1824 326 1888 Ἠ
340 1829 388 1909 ῥα,
405 1828 655 1908 καὶ-ἀμπεπαλὼν
671 1826 770 1909 προίει
786 1827 984 1910 δολιχόσκιον
999 1826 1100 1908 ἐγχοο,

242 1926 290 1998 καὶ
304 1929 427 2009 βόλεν’
430 1930 559 2012 Αρήτοιο
575 1956 630 1998 κατ
631 1929 771 2000 ’ἀσπίδα
786 1931 913 1999 πόντοσ’
930 1928 1027 2008 ἐίσην·

243 2137 357 2224 νειαίρῃ
374 2137 398 2201 δ’
416 2140 449 2204 ἐν
463 2163 573 2220 γαστρι
563 2136 638 2206 ’διὰ
654 2137 838 2220 ζωστῆραεέ
837 2147 966 2204 λασσεν

241 2241 280 2306 ὡς
296 2240 320 2305 δ’
337 2239 381 2304 ὅτ’
397 2241 435 2305 ἂν
450 2241 522 2322 όξδν
537 2242 618 2325 ἔχων
632 2250 763 2313 πελεκνν
778 2240 921 2320 αἰζήϊος
906 2238 991 2322 θθῆί),
1139 2265 1193 2315 5²0

242 2347 340 2425 κόψας
356 2343 496 2424 ἐξόπιθεν
512 2345 626 2427 κεράων
643 2351 719 2425 βοδς
736 2345 907 2428 ἀγραύλοιο,

240 2449 291 2514 ἶνα
306 2449 383 2535 τόμῃ
399 2451 449 2512 διδ
464 2453 575 2524 πᾶσαν,
593 2452 610 2514 ὁ
628 2451 661 2513 δὲ
677 2450 833 2532 προθορὼν
849 2449 1000 2532 ἐρίπῃσιν,

242 2553 282 2618 ὣς
297 2552 341 2634 ἄρ’
359 2553 426 2633 ὅγε
444 2553 600 2634 προθορὼν
617 2551 713 2620 πίσεν
727 2553 840 2620 ὕπτιος·
872 2553 905 2620 ἐν
921 2549 954 2616 δέ
969 2553 1000 2614 οἱ
1017 2551 1108 2634 ἔγχος

242 2657 390 2734 νηδυίοισι
405 2653 476 2731 μόλ’
492 2654 546 2734 ὀξὺ
562 2657 795 2738 κραδαινόμενον
810 2654 865 2721 λύε
879 2659 959 2736 γυῖα.

237 2759 355 2841 Ἕκτωρ
374 2757 399 2824 δ’
416 2760 638 2840 Αὐτομέδοντος
654 2761 796 2830 ἀκόντισε
813 2759 897 2840 δουρὶ
911 2758 1038 2852 φαεινῷ·
1139 2785 1188 2836 5²5

241 2865 311 2928 ἀλλ’
328 2866 415 2943 όμέν
430 2864 506 2932 ἄντα
525 2865 595 2932 ίδιδν
613 2864 744 2943 ήλειίατα
758 2861 893 2945 χάλκεον
909 2863 1008 2945 ἔγγιον

241 2970 368 3048 πρόσσω
383 2966 441 3049 γὰρ
457 2965 617 3048 κατέκυψε,
634 2966 670 3032 τδ
684 2966 708 3030 δ’
727 2963 868 3043 ἐξόπιθεν
883 2967 954 3047 δόρο
969 2966 1083 3048 μακρδν

242 3072 322 3136 οὔδει
338 3072 532 3152 ἐνισκίμφθη,
549 3071 601 3134 ἐπὶ
615 3069 639 3133 δ’
657 3069 799 3151 οὐρίαχος
821 3071 992 3152 πελεμίχθη

242 3176 358 3259 ἔγχεος·
390 3175 462 3238 ἔνθα
477 3174 502 3238 δ’
519 3173 610 3239 ἔπειτ’
628 3174 713 3253 ἀφίει
727 3173 818 3251 μένος
835 3175 963 3254 ὄβριμοι
974 3172 1077 3254 Ἀρης.

242 3280 293 3344 καί
307 3278 342 3344 νό
357 3305 390 3347 κε
406 3279 442 3358 δὴ
456 3275 597 3360 ξιφέεσσ’
613 3276 799 3359 αὐτοσχεδὸν
816 3275 996 3358 ὁρμηθήτην,
1138 3305 1190 3354 53⁰

243 3386 269 3448 εί
283 3381 324 3462 μή
341 3382 421 3464 σφω’
437 3385 547 3450 Αἴαντε
563 3380 712 3462 διέκριναν
729 3387 877 3461 μεμαῶτε,

242 3489 274 3552 οί
286 3485 314 3570 ῤ’
329 3485 424 3565 ἦλθον
440 3484 504 3552 καθ’
521 3486 629 3564 ὅμιλον
644 3484 762 3568 ἑταίρου
781 3482 1006 3562 κικλήσκοντος·

242 3589 310 3655 τοὺς
324 3587 593 3667 ὑποταρβήσαντες
608 3589 768 3671 ἐχώρησαν
783 3585 877 3666 πόλιν
891 3586 973 3653 αιἰτιτ

237 3693 356 3772 Ἕκτωρ
372 3692 494 3766 Αίνείας
508 3688 535 3753 τ’
550 3692 601 3770 ήδέ
618 3693 749 3772 Χρομίον
765 3689 908 3769 θεοειδής,

238 3796 371 3876 Ἀρητον
386 3797 419 3858 δέ
435 3793 497 3859 κατ’
515 3795 582 3860 αδθι
596 3796 689 3861 λίπον
704 3793 898 3877 δεδαϊγμένον
913 3793 993 3880 ἦτορ,
1141 3821 1189 3872 533
