2792 4232
476 385 523 444 14.
547 371 779 440 ΙΛΙΑΔΟΣΞ.

162 538 225 601 οὐδὲ
240 533 461 615 κατευνήσαιμ’,
478 538 528 601 ὅτε
543 537 583 617 μὴ
601 537 690 604 οὗτός
708 564 744 621 γε
761 533 888 605 κελεόοι.

162 640 212 718 ἤδη
227 639 285 722 γάρ
300 666 338 719 με
353 640 401 704 καὶ
417 640 495 704 ἄλλο
511 639 562 719 τεὴ
580 642 746 706 ἐπίνυσσεν
761 637 885 721 ἐφετμή,
974 637 976 640 ’

161 743 247 821 ἤματι
262 743 303 827 τῷ
320 743 371 808 ὅτε
386 747 482 807 κεῖνος
496 741 663 823 ὑπέρθυμος
680 743 754 810 Διὸς
768 744 833 810 υἱὸς
992 779 993 784 1
1055 765 1104 816 ²50

163 849 267 910 ἔπλεεν
281 845 420 920 Ἰλιόθεν,
435 845 547 924 Τρώων
562 847 655 910 πόλιν
670 846 874 925 ἐξαλαπάξας.

162 950 180 1028 ἦ
193 974 238 1013 τοι
253 949 312 1031 ἐγώ
327 950 383 1028 μὲν
398 946 489 1025 ἔλεξα
505 947 578 1022 Διὸς
594 950 665 1012 νόον
681 952 836 1033 αἰγιόχοιο

162 1051 286 1131 νήδυμος
301 1053 491 1132 ἀμφιχυθείς
516 1051 555 1114 σδ
570 1051 603 1115 δέ
619 1055 648 1116 οἱ
665 1057 740 1116 κακὰ
754 1053 857 1133 μήσαο
872 1051 965 1136 θυμῷ,

162 1154 265 1236 ὅρσασ’
282 1153 438 1236 ἀργαλέων
455 1152 572 1235 ἀνέμων
588 1156 638 1219 ἐπὶ
653 1157 765 1220 πόντον
781 1155 882 1234 ἀήτας,

161 1261 210 1321 καί
221 1283 273 1338 μιν
288 1259 392 1320 ἔπειτα
407 1254 521 1321 Κόωνδ’
534 1258 567 1322 εὖ
582 1257 743 1336 ναιομένην
758 1257 924 1334 ἀπένεικας,
1055 1281 1101 1330 ²55

161 1363 253 1441 νόσφι
267 1363 367 1443 φίλων
383 1359 511 1424 πάντων.
544 1362 566 1430 ,ό
582 1360 606 1424 δ’
624 1363 825 1443 ἐπεγρόμενος
839 1359 1019 1444 χαλέπαινε,

159 1465 306 1547 ῥιπτάζων
321 1466 397 1528 κατὰ
411 1469 494 1542 δῶμα
512 1464 608 1539 θεοός,
626 1466 678 1544 ἐμὲ
694 1461 720 1530 δ’
737 1463 830 1547 ἔξοχα
845 1463 966 1528 πάντων

161 1568 248 1648 ζήτει·
272 1567 322 1631 καί
336 1565 369 1634 κέ
383 1566 413 1645 μ’
430 1567 537 1629 ἄϊστον
552 1567 603 1629 ἄπ’
620 1566 738 1648 αἰθέρος
755 1568 874 1646 ἔμβαλε
889 1567 998 1649 πόντῳ,

160 1670 239 1750 εἰμὴ
257 1667 326 1747 Νὺξ
340 1667 482 1749 δμήτειρα
498 1672 574 1732 θεῶν
591 1668 711 1733 ἐσάωσε
726 1670 775 1735 καὶ
792 1671 914 1749 ἀνδρῶν·

158 1775 212 1854 τὴν
228 1774 334 1852 ἱκόμην
349 1771 479 1852 φεύγων,
495 1773 511 1834 ό
528 1771 552 1834 δ’
570 1772 722 1834 ἐπαύσατο
738 1769 892 1854 χωόμενός
909 1793 973 1848 περ.
1054 1783 1102 1833 260

160 1878 244 1956 ἄζετο
258 1879 316 1958 γδρ
331 1875 371 1954 μὴ
388 1876 482 1938 Νυκτὶ
498 1877 552 1960 θοῇ
571 1875 722 1953 ἀποθύμια
738 1876 828 1955 ἔρδοι.

159 1987 210 2044 νῦν
225 1981 261 2042 αδ
276 1979 364 2042 τοῦτό
378 1978 407 2056 μ’
424 1978 541 2059 ἄνωγας
558 1976 714 2058 ἀμήχανον
728 1977 808 2039 ἄλλο
823 1973 1000 2040 τελέσσαι.”

199 2084 261 2147 Τδν
275 2083 300 2147 δ’
321 2082 391 2145 αιἰτε
406 2079 569 2162 προσέειπε
583 2086 703 2160 βοῶπις
715 2081 824 2143 πότνια
835 2077 928 2159 Ἥρη·

160 2187 288 2264 ““Ύπνε,
304 2187 352 2264 τίη
368 2183 455 2252 δὲ’σδ
470 2189 563 2246 ταΰτα
577 2181 652 2261 μετὰ
668 2183 760 2264 φρεσὶ
777 2181 856 2267 σῇσι
866 2182 1027 2262 μενοινᾷςς

158 2293 177 2372 ἦ
191 2291 252 2378 φῂς
267 2293 307 2356 θις
320 2290 479 2370 Τρώεσσιν
494 2285 641 2367 ἀρηξέμεν
659 2286 788 2366 εάρόοπα
804 2289 867 2363 Ζῆν
1054 2294 1101 2357 2⁶5

158 2398 197 2462 ὡς
211 2396 385 2475 Ἡρακλῆος
399 2392 591 2473 περιχώσατο
609 2391 715 2453 παῖδας
731 2389 793 2449 ἑοῖο
801 2410 812 2464 ,·

158 2604 246 2667 δώσω
261 2598 434 2677 ὀπυιέμεναι
450 2599 498 2660 καὶ
515 2597 574 2675 σὴν
591 2597 756 2672 κεκλῆσθαι
772 2595 887 2658 ἄκοιτιν

159 2702 342 2796 [Πασιθέην
358 2701 393 2781 ἦς
407 2701 473 2764 αῑέν
488 2699 605 2763 ἐέλδεαι
620 2696 718 2776 ήματα
733 2693 877 2782 πάντα].”

194 2811 257 2876 Ὦς
280 2807 367 2890 φάτο,
390 2799 512 2888 χήρατο
527 2802 551 2866 δ’
575 2801 699 2880 Ὕπνος,
725 2801 927 2882 ἀμειβόμενος
950 2802 982 2863 δέ
1006 2825 1098 2879 προσ-

285 2910 370 2990 ηύδα·
962 2893 974 2922 '⁴
1053 2929 1100 2971 ατο

159 3025 178 3054 “
187 3019 273 3100 ἄγρει
289 3019 341 3078 νῦν
354 3037 406 3091 μοι
421 3006 684 3090 ἄμοσσονάἄατον
695 3009 813 3090 ’Στυγὸς
827 3009 914 3087 ὕδωρ,

156 3123 237 3204 χειρὶ
252 3120 285 3183 δέ
300 3119 336 3202 τῇ
353 3114 437 3200 ἑτέρῃ
452 3115 507 3192 μὲν
523 3114 575 3178 ἔλε
589 3114 686 3196 χθόνα
701 3110 950 3202 πουλυβότειραν,

157 3226 195 3310 τῇ
209 3220 237 3287 δ’
253 3220 338 3305 ἑτέρῃ
353 3217 414 3282 ἀλα
428 3216 608 3297 μαρμαρέην,
624 3217 674 3280 ἵνα
689 3220 761 3279 νῶϊν
775 3213 905 3276 ἀπαντες

156 3325 299 3405 μάρτυροι
314 3319 368 3384 ἀσ’
385 3323 414 3384 οἱ
430 3319 532 3400 ἔνερθε
550 3320 613 3383 θεοὶ
629 3318 745 3398 Κρόνον
761 3315 854 3395 ἀμφὶς
870 3314 978 3390 ἐόντες,

158 3429 177 3508 ἦ
192 3429 246 3509 μὲν
261 3427 328 3506 ἐμοὶ
343 3425 452 3488 δώσειν
467 3422 607 3502 Χαρίτων
621 3421 693 3500 μίαν
709 3415 910 3497 ὁπλοτεράων,
1052 3439 1099 3492 275

158 3529 327 3607 Πασιθέην,
343 3526 378 3606 ής
393 3524 417 3587 τ’
435 3525 522 3590 αὐτὸς
537 3523 679 3603 ἐέλδομαι
693 3521 792 3602 ήματα
807 3519 931 3584 πάντα.”
1099 3539 1100 3542 ’

198 3632 258 3699 Ὣς
274 3628 371 3712 ἔφατ’,
388 3626 448 3691 οὐδ’
464 3627 596 3704 ἀπίθησε
611 3627 666 3689 θεὰ
679 3623 867 3687 λευκώλενος
877 3621 970 3703 Ἥρη,
1005 3707 1007 3714 Ι

161 3735 250 3822 ὄμνυε
265 3735 290 3800 δ’
307 3733 347 3798 ὡς
363 3729 491 3807 ἐκέλευε,
508 3729 594 3794 θεοὺς
609 3725 635 3791 δ’
650 3727 797 3804 ὀνόμηνεν
812 3725 945 3790 ἅπαντας
