2738 4226
474 337 522 383 11.
546 323 715 382 ΙΛΙΑΔΟΣ
736 323 776 381 Λ.

154 494 198 558 τίς
213 491 238 554 δ’
257 490 312 555 οἶδ’
330 493 358 554 εί
372 488 423 553 κέν
439 491 467 552 οί
484 488 540 553 σὺν
556 491 673 569 δαίμονι
690 489 783 570 θυμὸν
798 490 911 571 ὀρίναις

154 594 330 673 παρειπόν,·
353 592 449 674 ἀγαθὴ
466 595 498 655 δὲ
515 592 702 672 παραίφασίς
718 593 802 654 ἔστιν
818 593 946 673 ἑταίρου.

154 700 180 761 εἰ
195 696 228 760 δέ
243 721 310 760 τινα
325 696 436 777 φρεσὶν
450 693 504 781 ᾗσι
520 697 706 774 θεοπροπίην
721 696 851 758 ἀλεείνει

154 802 204 863 καί
219 798 286 862 τινά
301 801 330 861 οἱ
345 801 405 878 πὰρ
421 798 518 875 Ζηνὸς
533 796 686 878 ἐπέφραδε
701 798 809 862 πότνια
822 796 928 878 μήτηρ,

154 902 235 966 ἀλλὰ
251 901 288 965 σέ
304 927 359 983 περ
375 900 500 980 προέτω,
517 900 578 978 ἅμα
592 899 618 963 δ’
635 900 731 966 ἄλλος
745 900 820 965 λαὸς
836 899 955 962 ἑπέσθω

154 1006 361 1086 Μυρμιδόνων,
378 1007 411 1066 αἵ
426 1002 476 1068 κέν
492 1027 520 1065 τι
535 1003 619 1083 φόως
635 1008 785 1066 Δαναοῖσι
800 1001 915 1085 γένηαι·

154 1110 264 1171 καίτοι
279 1108 386 1188 τεύχεα
402 1109 481 1169 καλδι
495 1106 572 1168 δότω
591 1106 759 1187 πόλεμόνδε
776 1105 933 1188 φέρεσθαι,

154 1214 187 1274 αἶ
200 1210 233 1273 κέ
249 1237 286 1275 σε
300 1211 342 1294 τῷ
358 1213 496 1276 ίσκοντες
511 1211 707 1292 ἀπόσχωνται
723 1209 869 1288 πολέμοιο

152 1317 260 1394 Τρῶες,
277 1314 488 1378 ἀναπνεύσωσι
504 1313 528 1375 δ’
546 1313 643 1394 ἀρήϊοι
660 1314 722 1380 υἷες
735 1313 871 1395 Ἀχαιῶν

153 1419 326 1497 τειρόμενοι·
349 1417 439 1498 ὀλίγη
455 1416 489 1479 δέ
502 1414 528 1478 τ’
545 1415 726 1482 ἀνάπνευσις
741 1416 898 1496 πολέμοιο.

152 1522 217 1600 ῥεῖα
232 1519 266 1584 δέ
281 1517 307 1583 κ’
325 1521 453 1599 ἀκμῆτες
469 1521 633 1599 κεκμηότας
648 1520 757 1600 ἀνδρας
772 1521 844 1606 ἀϋτῇ

153 1623 286 1686 ὤσαισθε
303 1622 390 1703 προτὶ
406 1622 483 1685 ἀστυ
498 1629 574 1687 νεῶν
589 1623 649 1686 ἄπο
665 1624 713 1686 καὶ
730 1621 902 1687 κλισιάωυ.”

187 1726 250 1793 Ὣς
266 1725 354 1807 φάτο,
370 1727 409 1809 ’τῷ
426 1725 451 1788 δ’
469 1725 526 1807 ἀρα
542 1726 634 1806 θυμὸν
650 1728 694 1791 ἑνὶ
710 1725 877 1804 στήθεσσιν
894 1727 982 1806 ὄρινε,

151 1835 193 1909 βῆ
209 1832 242 1893 δὲ
259 1829 340 1894 θέειν
356 1830 436 1909 παρὰ
451 1831 524 1906 νῆας
540 1828 585 1891 ἐπ’
603 1831 747 1908 Αἰακίδην
760 1830 901 1912 Ἀχιλῆα.

151 1933 221 1996 ἀλλ’
236 1934 286 2017 ὅτε
303 1932 339 2011 δὴ
356 1934 431 1995 κατὰ
446 1936 518 2012 νῆας
530 1931 703 2010 Ὀδυσσῆος
719 1934 823 1996 θείοιο

151 2035 195 2114 ἷξε
211 2034 288 2100 θέων
305 2034 490 2117 Πάτροκλος,
507 2040 557 2099 ίνα
572 2035 626 2115 σφ’
644 2033 738 2117 ἀγορή
754 2060 787 2098 τε
802 2033 886 2114 θέμις
901 2060 933 2098 τε

150 2141 213 2220 ἤην,
230 2141 266 2226 τῇ
283 2140 319 2218 δῆ
337 2141 387 2202 καί
401 2148 460 2221 σφι
476 2145 552 2204 θεῶν
568 2139 744 2222 ἐτετεύχατο
758 2141 866 2219 βωμοί,

151 2243 221 2305 ἔνθα
236 2245 265 2306 οἱ
282 2243 457 2323 Εὐρύπυλος
472 2242 667 2324 βεβλημένος
683 2242 875 2321 ἀντεβόλησε

150 2347 285 2428 διογενῆς
303 2347 501 2427 Εὐαιμονίδης
517 2349 592 2410 κατὰ
606 2344 702 2426 μηρὸν
716 2345 820 2429 ὀϊστῷ,

150 2448 267 2526 σκάζων
281 2451 315 2512 ἐκ
331 2449 474 2528 πολέμου·
498 2448 573 2513 κατὰ
589 2452 621 2513 δὲ
636 2450 734 2514 νότιος
748 2447 815 2530 ῥέεν
832 2447 918 2528 ίδρδς

150 2550 235 2629 ὤμων
252 2554 302 2616 καὶ
318 2556 461 2633 κεφαλῆς,
477 2552 536 2616 ἀπὸ
551 2553 576 2617 δ’
587 2542 699 2618 έλκεος
714 2549 875 2633 ἀργαλέοιο

150 2657 221 2732 αἷμα
234 2655 334 2734 μέλαν
350 2656 501 2737 κελάρυζε·
525 2657 594 2721 νόος
608 2658 645 2738 γε
658 2657 714 2736 μὲν
730 2655 856 2734 ἔμπεδος
872 2653 934 2732 ἦεν.

149 2757 200 2822 τὸν
213 2761 246 2821 δὲ
264 2759 335 2823 ἰδὼν
351 2757 472 2843 ᾤκτειρε
488 2759 651 2824 Μενοιτίου
666 2757 792 2836 ἄλκιμος
806 2757 879 2828 υἱός,

150 2863 199 2924 καί
210 2862 243 2943 ῥ’
257 2862 483 2942 ὀλοφυρόμενος
499 2862 573 2926 έπεα
588 2863 752 2942 πτερόεντα
767 2860 931 2941 προσηύδα·

151 2966 196 3026 “ἀ
212 2967 319 3041 δειλοί,
338 2971 467 3028 Δαναῶν
480 2964 625 3048 ἡγήτορες
639 2965 692 3043 ἠδὲ
706 2962 858 3043 μέδοντες,

151 3067 188 3132 ῶς
202 3065 249 3148 ἀρ’
266 3067 410 3147 ἐμέλλετε
426 3072 501 3147 τῆλε
515 3070 616 3148 φίλων
632 3068 681 3131 καὶ
701 3070 841 3147 πατρίδος
856 3067 923 3144 αἴης

151 3170 236 3236 άσειν
251 3172 286 3234 έν
300 3172 393 3256 Τροίη
410 3171 521 3254 ταχέας
537 3171 625 3237 κύνας
641 3168 743 3252 ἀργέτι
760 3169 853 3251 δημῷ.

151 3271 218 3334 ἀλλ’
234 3273 289 3355 ἀγε
304 3298 356 3353 μοι
371 3274 440 3337 τόδε
456 3272 530 3350 είπέ,
546 3273 701 3354 διοτρεφές
717 3267 868 3353 Εὐρύπυλ’
883 3271 970 3351 ήρως,

150 3371 213 3457 ἦρ’
230 3376 274 3439 ἔτι
290 3401 347 3439 που
364 3375 518 3458 σχήσουσι
533 3377 683 3457 πελιύριον
694 3372 813 3454 Ἕκτορ’
832 3372 964 3456 Ἀχαιοί,

153 3475 169 3554 ἦ
184 3476 238 3557 ήδη
254 3478 419 3558 φθίσονται
434 3478 481 3541 ὑπ’
499 3479 589 3541 αὐτοῦ
604 3478 690 3558 δουρὶ
702 3476 871 3555 δαμέντες.”

192 3581 254 3644 Τδν
267 3580 293 3643 δ’
310 3580 372 3643 οὐτ’
390 3580 564 3661 Εὐρύπυλος
577 3579 773 3661 βεβλημένος
789 3579 891 3644 ἀντίον
907 3578 990 3657 ηὐδα·

152 3689 172 3718 “
181 3682 286 3759 οὐκέτι,
307 3686 438 3765 διογενὲς
458 3687 655 3762 Πατρόκλεες,
670 3681 766 3762 ἄλκαρ
780 3680 914 3764 Ἀχαιῶν

641 3893 647 3925 λ
