2760 4232
672 358 818 419 TMNOI.

646 627 847 703 XXVIII.

617 825 678 904 Εἰς
702 821 871 922 Ἀθηνᾶν.

317 1004 651 1084 Παλλάδ”Ἀθηναίηη
669 1005 777 1087 κυδρὴν
793 1007 872 1081 θεόν,
889 1003 996 1088 ἄρχομ’
1015 1005 1136 1082 ἀείδειν,

247 1117 249 1122 ⁴
272 1118 447 1193 γλαυκῶπιν
461 1111 637 1190 πολύμητιν,
656 1111 815 1192 ἀμείλιχον
832 1109 903 1192 ῆτορ
919 1109 1059 1193 ἔχουσαν,

273 1214 419 1297 παρθένον
435 1215 560 1290 αἰδοίην,
577 1215 778 1294 ἐρυσίπτολιν,
795 1211 980 1292 ἀλκήεσσαν,

272 1319 448 1399 Τριτογενῆ,
465 1315 519 1394 τῆν
535 1315 623 1381 αὐτὸς
639 1316 775 1397 ἐγείνατο
790 1318 915 1396 μητίετα
930 1315 1005 1381 Ζεὺς

273 1425 385 1500 σεμνῆς
401 1421 432 1483 ἐκ
450 1423 596 1499 κεφαλῆς,
611 1420 761 1500 πολεμήϊα
777 1418 873 1502 τεύχε’
888 1419 1020 1502 ἔχουσαν
1209 1445 1224 1492 5

272 1525 387 1607 χρύσεα
403 1524 637 1603 παμφανόωντα·
662 1524 760 1602 σέβας
777 1523 802 1587 δ’
819 1523 872 1606 ἔχε
887 1523 1002 1588 πάντας
1017 1524 1149 1604 ὁρῶντας

274 1627 447 1707 ἀθανάτους·
471 1626 489 1704 ῆ
506 1629 537 1690 δὲ
554 1627 687 1707 πρόσθεν
704 1626 779 1692 Διὸς
794 1628 946 1709 αἰγιόχοιο

273 1731 446 1810 ἐσσυμένως
462 1730 594 1811 ὤρουσεν
610 1729 660 1792 ἀπ’
676 1729 838 1793 ἀθανάτοιο
854 1727 992 1811 καρήνου,
1102 1786 1106 1790 .

274 1834 396 1898 σείσασ’
412 1832 485 1912 ὀξὺν
500 1833 620 1898 άκοντα·
643 1832 738 1915 μέγας
754 1829 779 1897 δ’
795 1832 939 1910 ἐλελίζετ’
951 1829 1109 1909 Ὀλυμπος

274 1944 370 2003 δεινὸν
384 1939 442 2000 ὑπὸ
456 1938 569 2018 βρίμης
585 1938 803 2018 γλαυκώπιδος,
820 1937 898 2018 ἀμφὶ
914 1939 947 2000 δὲ
963 1941 1035 2018 γαῖα
1192 1961 1223 1998 10

275 2040 461 2123 σμερδαλέον
479 2039 615 2122 ἰάχησεν,
631 2039 751 2120 ἐκινήθη
768 2037 793 2103 δ’
809 2039 866 2121 ἀρα
881 2040 990 2105 πόντος

275 2145 384 2224 κύμασι
399 2144 600 2225 πορφυρέοισι
618 2145 794 2222 κυκώμενος,
810 2144 920 2226 ἔσχετο
937 2141 962 2206 δ’
978 2141 1058 2220 άλμη

275 2247 426 2327 ἐξαπίνης·
451 2252 565 2327 στῆσεν
580 2245 606 2312 δ’
620 2245 793 2331 Ὑπερίονος
811 2246 926 2329 ἀγλαὸς
940 2247 1005 2312 υίδς

273 2356 384 2418 ἵππους
402 2353 555 2417 ὠκύποδας
570 2333 659 2432 δηρὸν
674 2352 794 2435 χρόνον,
810 2351 912 2414 εἰσότε
929 2351 1018 2436 κοόρη

275 2456 365 2520 εἵλετ’
381 2453 431 2520 ἀπ’
447 2454 603 2521 ἀθανάτων
621 2455 707 2535 ὤμων
723 2455 877 2519 θεοείκελα
892 2454 983 2538 τεύχη
1193 2479 1224 2528 15

275 2560 405 2626 Παλλάς
420 2557 575 2638 Ἀθηναίη·
603 2556 720 2642 γήθησε
735 2561 767 2621 δὲ
780 2559 905 2638 μητίετα
921 2557 1007 2623 Ζεός.

319 2660 378 2726 Καὶ
395 2661 432 2725 σὺ
447 2663 503 2742 μὲν
521 2663 596 2724 οὕτω
612 2667 709 2743 χαῖρε,
729 2668 801 2728 Διδς
819 2659 904 2726 τέκος
920 2661 1078 2743 αἰγιόχοιο·

277 2766 367 2848 αὐτάρ
383 2762 442 2848 ἐγὼ
462 2767 510 2829 καὶ
526 2771 593 2830 σεῖο
610 2761 657 2830 καὶ
676 2763 773 2845 ἄλλης
788 2761 917 2845 μνήσομ’
932 2765 1044 2841 ἀοιδῆς.

671 3148 834 3221 ΧΧΙΧ.

625 3330 687 3408 Εἰς
712 3325 873 3404 Ἑστίαν.

321 3497 472 3579 Ἑστίη,ή
488 3499 609 3564 πάντων
624 3500 658 3564 ἐν
673 3499 807 3579 δόμασιν
820 3501 990 3582 ὑψηλοῖσιν

278 3603 434 3669 ἀθανάτων
448 3627 481 3666 τε
497 3608 574 3668 θεῶν
589 3601 684 3687 χαμαὶ
701 3602 872 3687 ἐρχομένων
888 3603 912 3666 τ’
930 3603 1094 3684 ἀνθρώπων

440 3756 565 3806 XXVIII.
585 3770 615 3804 10
632 3755 671 3807 ὑπ’
682 3755 781 3820 θβρίμης
792 3757 866 3808 codd.
877 3772 885 3817 ς
904 3773 967 3808 corr.
979 3757 1062 3821 llgen.
