2738 4226
284 315 346 381 234
598 316 646 362 ιι.
672 303 841 362 ΙΛΙΑΔΟΣ
866 304 908 362 Μ.

325 473 365 533 Οἱ
379 473 436 549 μὲν
450 469 499 551 ἀμ’
511 469 630 552 Ἕκτορ’
647 473 720 534 ίσαν
736 471 785 533 καὶ
801 471 927 551 ἀμύμονι
943 469 1186 550 Πουλυδάμαντι,

283 574 310 636 οἳ
326 580 466 638 πλεῖστοι
482 575 531 637 καὶ
546 575 665 655 άριστοι
681 573 766 650 ἔσαν,
782 573 922 653 μέμασαν
937 577 969 637 δὲ
984 573 1120 654 μάλιστα

282 683 382 760 τεῖχος
395 677 555 760 ῥηξάμενοι
571 678 676 764 κοίλῃς
691 678 741 740 ἐπὶ
758 677 847 755 νηυσὶ
861 675 1024 760 μάχεσθαι.
1192 702 1224 751 90

281 783 332 844 καί
346 790 423 862 σφιν
438 782 605 863 Κεβριόνης
620 781 718 862 τρίτος
734 782 845 844 εἵπετο·
866 783 926 862 πάρ
942 780 966 844 δ’
984 780 1028 862 ἄρ’
1046 782 1179 864 ὄχεσφιν

281 885 378 949 ἀλλον
393 885 564 965 Κεβριόναο
578 885 718 967 χερείονα
734 882 883 948 κάλλιπεν
895 881 1023 966 Ἕκτωρ.

280 994 339 1050 τῶν
354 985 379 1052 δ’
396 987 504 1069 ἑτέρων
519 987 616 1070 Πάρις
631 986 705 1069 ήρχε
722 988 770 1050 καὶ
783 986 954 1053 Ἀλκάθοος
969 988 1019 1051 καὶ
1034 985 1181 1069 Ἀγήνωρ,

280 1098 339 1156 τῶν
354 1093 386 1155 δὲ
400 1093 508 1174 τρίτων
518 1090 647 1156 Ἕλενος
663 1092 712 1154 καὶ
729 1089 890 1172 Δηίφοβος
906 1089 1050 1169 θεοειδής,

279 1197 325 1258 νίε
340 1194 398 1257 δόω
415 1193 574 1274 Πριάμοιο·
597 1196 695 1276 τρίτος
711 1193 735 1257 δ’
752 1194 789 1273 ήν
800 1193 908 1260 Ἀσιας
923 1194 1010 1276 ἥρως,
1191 1218 1222 1269 95

276 1298 384 1364 Ἀσιος
399 1296 584 1378 Ὑρτακίδης,
601 1297 635 1361 δν
649 1297 836 1379 Ἀρίσβηθεν
852 1296 946 1379 φέρον
961 1299 1050 1360 ἵπποι

279 1404 404 1466 αἴθωνες
417 1399 556 1483 μεγάλοι,
572 1405 706 1479 ποταμοῦ
721 1400 781 1464 άπο
796 1399 993 1480 Σελλήεντος.

279 1511 338 1568 τῶν
353 1506 386 1568 δὲ
400 1503 549 1585 τετάρτων
564 1503 656 1586 ήρχεν
671 1503 720 1569 ἐδς
734 1504 805 1571 πάϊς
818 1505 979 1587 Ἀγχίσαο,

279 1609 409 1680 Αἰνείας,
426 1607 487 1688 ἅμα
501 1610 542 1690 τῷ
557 1634 594 1689 γε
609 1608 667 1671 δόω
681 1606 862 1688 Ἀντήνορος
877 1611 932 1680 νῖε,

277 1711 467 1794 Ἀρχέλοχός
481 1710 506 1773 τ’
522 1710 657 1790 Ἀκάμας
672 1736 714 1788 τε,
730 1710 830 1794 μάχης
845 1711 878 1775 εὖ
893 1712 989 1775 εἰδότε
1005 1710 1114 1790 πάσης.
1174 1737 1221 1774 τοο

278 1815 444 1896 Σαρπηδὼν
459 1813 483 1878 δ’
503 1811 630 1896 ἡγήσατ’
648 1816 836 1897 ἀγακλειτῶν
851 1814 1024 1896 ἐπικούρων,

278 1918 351 1999 πρὸς
367 1916 391 1980 δ’
408 1917 495 1980 ἕλετο
511 1922 647 1981 Γλαῦκον
661 1918 711 1981 καὶ
728 1915 832 1998 ἀρήϊον
845 1916 1075 1998 Ἀστεροπαῖον·

160 2039 162 2042 “
278 2024 307 2085 οἱ
322 2020 379 2104 γάρ
395 2023 424 2084 οἱ
439 2023 563 2084 είσαντο
579 2020 730 2102 διακριδὸν
750 2021 827 2086 εἶναι
843 2020 961 2103 άριστοι

278 2130 337 2189 τῶν
352 2124 456 2189 ἀλλων
471 2123 548 2204 μετά
561 2123 589 2207 γ’
607 2125 705 2188 αὐτόν·
730 2126 746 2187 ὁ
762 2123 786 2188 δ’
804 2125 916 2206 ἔπρεπε
931 2126 979 2188 καὶ
995 2124 1044 2188 διδ
1059 2124 1189 2189 πάντων.

279 2231 307 2291 οἱ
323 2227 347 2292 δ’
365 2229 430 2292 ἐπεὶ
447 2227 601 2306 ἀλλήλους
616 2229 727 2310 άραρον
742 2231 867 2314 τυκτῇσι
881 2229 1005 2308 βόεσσι,
1173 2256 1220 2304 105

277 2329 339 2409 βάν
352 2330 378 2410 ῥ’
396 2329 458 2395 ίθδς
474 2335 603 2394 Δαναῶν
617 2330 803 2410 λελιημένοι,
820 2331 880 2395 οὐδ’
897 2331 937 2394 ἔτ’
954 2331 1066 2411 έφαντο

278 2430 438 2514 σχήσεσθ’,
456 2430 525 2493 ἀλλ’
542 2433 576 2495 ἐν
590 2433 679 2511 νηυσὶ
692 2435 874 2520 μελαίνῃσιν
889 2432 1064 2497 πεσέεσθαι.

317 2532 400 2598 Ἔνθ’
417 2533 509 2596 άλλοι
523 2537 625 2616 Τρῶες
639 2538 832 2615 τηλεκλειτοί
846 2537 870 2600 τ’
887 2537 1039 2618 ἐπίκουροι

276 2639 376 2722 βουλῇ
392 2637 645 2717 Πουλυδάμαντος
662 2639 833 2720 ἀμωμήτοιο
848 2641 981 2706 πίθοντο·

278 2739 346 2802 ἀλλ’
364 2740 420 2824 οὐχ
433 2739 609 2823 Ὑρτακίδης
628 2742 707 2806 ἔθελ’
721 2742 838 2817 Ἀσιος,
856 2745 987 2827 ὄρχαμος
1003 2745 1126 2824 ἀνδρῶν,
1172 2771 1220 2809 110

278 2844 345 2907 αὖθι
359 2851 462 2908 λιπεῖν
476 2845 586 2910 ἵππους
599 2870 634 2909 τε
650 2847 699 2908 καὶ
713 2845 838 2929 ἡνίοχον
854 2844 1029 2927 θεράποντα,

277 2947 359 3011 ἀλλὰ
374 2946 431 3010 σὺν
445 2947 583 3014 αὗτοῖσιν
597 2948 734 3014 πέλασεν
749 2947 858 3027 νήεσσι
875 2951 975 3036 θοῇσι,

277 3048 391 3130 νήπιος,
407 3049 467 3114 οὐδ’
484 3050 528 3132 ἀμ’
546 3051 657 3132 έμελλε
673 3055 766 3118 κακὰς
780 3051 838 3116 ὑπὸ
854 3056 944 3133 κῆρας
959 3050 1072 3129 ἀλύξας

277 3159 416 3220 ίπποισιν
431 3155 480 3218 καὶ
496 3156 630 3238 ὄχεσφιν
645 3155 854 3237 ἀγαλλόμενος
869 3159 949 3238 παρὰ
964 3160 1043 3232 νηῶν

276 3258 324 3341 ἀφ
339 3256 561 3336 ἀπονοστήσειν
576 3259 664 3338 προτὶ
677 3256 774 3321 ΙἸλιον
793 3258 993 3338 ἠνεμόεσσαν·
1171 3288 1216 3338 115

276 3361 409 3443 πρόσθεν
422 3359 481 3443 γάρ
495 3385 547 3438 μιν
561 3364 650 3440 μοῖρα
666 3360 838 3439 δυσώνυμος
854 3357 1076 3440 ἀμφεκάλυψεν

277 3464 362 3548 ἔγχεϊ
375 3463 553 3541 Ἰδομενῆος,
571 3463 683 3542 ἀγαυοῦ
699 3462 896 3526 Δευκαλίδαο.

277 3571 380 3632 εἴσατο
395 3565 453 3646 γὰρ
468 3571 548 3643 νηῶν
563 3564 608 3627 ἐπ’
626 3565 777 3648 ἀριστερά,
793 3566 828 3651 τῇ
845 3590 901 3647 περ
915 3565 1037 3649 Ἀχαιοί

277 3679 307 3735 ἐκ
326 3673 428 3734 πεδίου
444 3674 564 3734 νίσοντο
581 3672 636 3734 σὺν
652 3675 791 3734 ἵπποισιν
807 3673 854 3732 καὶ
866 3673 989 3754 ὄχεσφι·
