2834 4234
265 327 329 392 740
548 329 597 390 14.
623 314 859 376 ΟΔΎΣΣΕΙΑΣ
881 313 917 378 Ξ.

263 481 398 563 ἑσπέριοι
413 480 438 546 δ’
451 480 569 560 Ἰθάκης
585 480 735 548 εὐδειέλου
750 481 812 564 έργ’
829 483 985 564 ἀφίκοντο.

263 587 324 651 ἐνθ’
341 587 392 667 ἐμὲ
406 588 462 666 μέν
478 587 646 664 κατέδησαν
660 586 822 671 ἐϋσσέλμῳ
838 584 883 651 ἐνὶ
899 585 949 665 νηὶ
1160 611 1210 662 345

263 691 349 774 όπλιρ
365 688 523 770 ἐϋστρεφέϊ
539 697 678 773 στερεῶς,
693 691 777 754 αὐτοὶ
792 688 817 754 δ’
833 689 1005 768 ἀποβάντες

263 793 436 875 ἐσσυμένως
451 794 532 875 παρὰ
547 799 616 858 θῖνα
631 794 792 874 θαλάσσης
808 795 920 875 δόρπον
935 793 1051 858 έλοντο.

263 898 354 980 αθτδιρ
372 896 437 978 ἐμοὶ
452 898 565 977 δεσμδν
579 901 634 978 μὲν
649 899 848 980 ἀνέγναμψαν
863 896 927 962 θεοὶ
942 897 1027 962 αιἰτοὶ

262 1003 389 1084 ῥηϊδίωςΙ
419 1004 538 1089 κεφαλῇ
554 1005 586 1067 δὲ
603 1006 678 1066 κατὰ
691 1001 780 1082 ῥάκος
796 1001 1016 1084 ἀμφικαλύψας

264 1103 372 1183 ξεστὸν
387 1107 553 1187 ἐφόλκαιον
568 1105 704 1185 καταβὰς
720 1107 880 1172 ἐπέλασσα
895 1106 1039 1191 θαλάσση
1161 1130 1212 1181 350

264 1211 383 1286 στῆθος,
399 1210 503 1273 ἐπειτα
519 1211 552 1273 δέ
567 1210 657 1292 χερσὶ
673 1208 807 1291 διήρεσσ’
825 1207 1013 1296 ἀμφοτέρῃσι

263 1313 438 1396 νηχόμενος,
453 1312 537 1392 μάλα
552 1313 577 1376 δ’
593 1311 655 1376 ῶκα
671 1310 772 1395 θύρηθ’
786 1314 821 1377 έα
837 1314 933 1394 ἀμφὶς
951 1313 1081 1378 ἐκείνων.

263 1415 323 1480 ἔνθ’
341 1415 469 1494 ἀναβάς,
484 1417 532 1479 ὅθι
549 1442 582 1480 τε
600 1417 679 1497 δρίος
695 1415 731 1496 ἦν
746 1417 932 1483 πολυανθέος
947 1417 1030 1496 ὕλης,

263 1521 368 1598 κείμην
382 1520 532 1598 πεπτηόςι
563 1521 592 1582 οἱ
608 1522 640 1583 δέ
654 1519 775 1602 μεγάλα
791 1518 990 1602 στενάχοντες

263 1623 387 1703 φοίτων·
418 1622 491 1712 ἀλλ’Ι
504 1624 539 1686 οὐ
553 1622 610 1704 γάρ
626 1630 703 1704 σφιν
718 1624 860 1704 ἐφαίνετο
877 1624 992 1703 κέρδιον
1007 1621 1084 1687 εἶναι
1164 1647 1213 1699 355

262 1727 405 1805 μαίεσθαι
421 1727 565 1808 προτέρω,
581 1724 626 1790 τοὶ
640 1729 696 1806 μὲν
711 1726 804 1792 πάλιν
820 1727 903 1792 αδτις
918 1725 1043 1806 ἔβαινον

264 1836 333 1908 νηὸς
348 1832 399 1895 ἐπι
412 1835 581 1914 γλαφυρῆς·
613 1833 663 1911 ἐμὲ
680 1831 705 1895 δ’
723 1832 857 1914 ἔκρυψαν
873 1831 936 1894 θεοὶ
952 1829 1038 1894 αιἰτοὶ

262 1936 390 2017 ῥηϊδίως,
407 1938 457 2000 καί
470 1962 508 2016 με
524 1936 649 2020 σταθμφ
664 1933 840 2000 ἐπέλασσαν
854 1935 979 2017 ἄγοντες

263 2037 370 2119 ἀνδρὸς
385 2039 593 2120 ἐπισταμένου·
624 2039 668 2103 ἐτι
682 2038 740 2122 γάρ
755 2040 791 2104 νύ
804 2063 856 2118 μοι
872 2038 946 2102 αἶσα
961 2033 1099 2114 βιῶναι.”

306 2147 369 2206 Τὸν
384 2143 409 2206 δ’
426 2144 667 2224 ἀπαμειβόμενος
682 2142 848 2224 προσέφης,
865 2141 978 2222 Εὔμαιε
994 2147 1128 2221 συβῶτα·
1161 2153 1212 2214 360

264 2247 312 2309 “a
327 2249 408 2310 δειλέ
423 2245 541 2325 ξείνων,
556 2246 576 2326 ἦ
589 2272 641 2328 μοι
656 2245 739 2327 μάλα
755 2245 848 2324 θυμδν
862 2247 962 2324 ὄρινας

264 2353 356 2412 ταῦτα
374 2349 487 2412 έκαστα
502 2348 612 2429 λέγων,
630 2349 689 2412 ὅσα
705 2348 740 2427 δὴ
757 2347 850 2414 πάθες
865 2346 911 2426 ἠδ’
926 2343 974 2410 όσ’
990 2345 1113 2428 ἀλήθης.

264 2453 346 2514 ἀλλὰ
361 2451 399 2515 τά
413 2449 442 2532 γ’
456 2451 491 2514 οὐ
506 2453 581 2515 κατὰ
596 2452 711 2532 κόσμον
726 2450 836 2531 ὀίομαι,
853 2448 922 2514 οὐδέ
934 2477 972 2531 με
987 2452 1104 2518 πείσεις

265 2555 356 2618 είπδιν
372 2551 446 2635 ἀμφ’
461 2552 596 2633 Ὀδυσῆϊ·
629 2557 657 2618 τί
671 2581 709 2619 σε
724 2555 782 2639 χρὴ
798 2559 881 2618 τοῖον
897 2556 984 2619 ἐόντα

263 2659 416 2739 μαψιδίως
430 2659 598 2739 ψεύδεσθαι
607 2683 618 2733 ,·
644 2659 703 2740 ἐγδι
719 2657 744 2724 δ’
762 2659 794 2722 εδ
809 2659 877 2724 οἶδα
893 2659 942 2724 καὶ
958 2659 1045 2724 αὐτὸς
1163 2671 1212 2736 3⁶5

265 2762 376 2824 νόστον
391 2763 475 2841 ἐμοῖο
489 2762 626 2840 ἄνακτος,
643 2763 660 2823 ὅ
675 2760 700 2824 τ’
717 2760 829 2846 ἤχθετο
844 2765 920 2826 πᾶσι
937 2765 1033 2826 θεοῖσι

264 2863 367 2947 πάγχυ
381 2862 461 2944 μάλ’,
478 2865 542 2928 ὅττι
557 2891 610 2945 μιν
625 2864 659 2928 οὔ
675 2890 702 2928 τι
717 2865 793 2945 μετὰ
808 2866 950 2947 Τρώεσσι
965 2861 1127 2944 δάμασσαν

264 2967 300 3045 ἠὲ
315 2968 415 3047 φίλων
431 2970 464 3032 ἐν
478 2970 596 3051 χερσίν,
616 2970 682 3034 ἐπεὶ
697 2970 833 3048 πόλεμον
847 2969 1026 3033 τολύπευσε.

266 3065 321 3158 [τῷ
339 3069 388 3135 κέν
403 3074 433 3135 οἷ
448 3072 564 3154 τύμβον
578 3075 633 3153 μέν
648 3073 797 3150 ἐποίησαν
813 3072 997 3155 Παναχαιοί,

265 3173 318 3253 ἠδέ
334 3201 367 3240 κε
383 3177 432 3239 καὶ
449 3174 472 3261 φ
488 3177 573 3240 παιδὶ
587 3175 664 3259 μέγα
681 3175 767 3244 κλέος
782 3175 864 3258 ἤρατ’
881 3170 1028 3261 ὀπίσσω]
1163 3199 1213 3254 370

267 3282 319 3342 νῦν
333 3278 367 3342 δέ
380 3305 432 3359 μιν
447 3281 575 3346 ἀκλειῶς
590 3281 712 3361 άρπυιαι
728 3280 943 3363 ἀνηρείψαντο.

267 3381 358 3463 αιἰτάρ
374 3383 432 3464 ἐγὼ
448 3383 517 3467 παρ’
532 3385 641 3450 θεσσιν
656 3384 836 3466 ἀπότροπος·
861 3383 928 3448 οὐδὲ
942 3382 1069 3452 πόλινδε

266 3486 401 3569 ἔρχομαι,
417 3489 444 3552 εί
458 3487 498 3569 μή
514 3489 573 3554 ποθ
587 3514 617 3553 τι
631 3490 787 3571 περίφρων
802 3487 998 3567 Πηνελόπεια

268 3588 394 3671 ἐλθέμεν
407 3591 577 3677 θτρόνησιν,
593 3591 637 3655 ὅτ’
652 3592 781 3674 ἀγγελίη
800 3594 893 3658 ποθέν
911 3591 994 3678 έλθῃ.

268 3694 337 3759 ἀλλ’
355 3696 383 3758 οἱ
398 3697 452 3775 μὲν
466 3698 503 3758 τὰ
518 3694 631 3758 έκαστα
646 3693 812 3776 παρήμενοι
828 3693 1010 3777 ἐξερέουσιν,
1162 3718 1212 3772 375
