2834 4234
265 327 329 407 694
559 343 607 386 11.
631 327 862 387 ΟΔΎΣΣΕΙΑΣ
885 328 921 386 Λ.

303 496 365 561 Ὣς
380 493 476 577 ἔφατ’,
493 492 584 577 αὐτὰρ
600 495 659 577 ε’γό
675 521 726 575 μιν
742 496 942 577 ἀμειβόμενος
958 493 1152 574 προσέειπον·

266 600 316 678 “ή
332 625 377 662 τοι
392 600 448 681 μὲν
463 602 588 677 Πηλῆος
603 598 752 677 ἀμύμονος
772 599 806 662 οὔ
821 625 850 662 τι
865 599 1030 678 πέπυσμαι,
1162 625 1211 675 505

265 703 358 784 αὐτάρ
373 729 418 766 τοι
434 703 540 768 παιδός
554 727 591 784 γε
607 701 836 782 Νεοπτολέμοιο
851 703 957 784 φίλοιο
1062 745 1065 753 ·

266 812 370 873 πᾶσαν
385 807 531 884 ἀληθείην
545 803 726 885 μυθήσομαι,
742 807 782 871 ὥς
796 831 833 880 με
849 813 993 872 κελεύεις·

265 909 353 977 αὐτὸς
367 908 427 995 γάρ
440 934 492 987 μιν
508 910 567 991 ἐγὼ
585 911 688 987 κοίλης
703 906 751 972 ἐπὶ
766 914 838 988 νηὸς
854 907 938 986 ἐίσης

266 1014 382 1095 ἤγαγον
396 1016 428 1076 ἐκ
445 1013 560 1095 Σκίρου
575 1010 639 1092 μετ’
655 1011 831 1091 ἐϋκνήμιδας
847 1011 999 1095 Ἀχαιούς.

265 1118 283 1196 ἦ
299 1143 343 1181 τοι
359 1115 402 1180 ὅτ’
418 1114 496 1198 ἀμφὶ
511 1117 604 1181 πόλιν
618 1116 731 1196 Τροίην
747 1117 932 1197 φραζοίμεθα
947 1117 1073 1196 βουλάς,

265 1223 324 1285 αἰεὶ
339 1226 456 1300 πρῶτος
473 1219 566 1299 ἔβαζε
581 1220 630 1282 καὶ
646 1219 702 1301 οὐχ
717 1217 867 1300 ἡμάρτανε
883 1219 994 1300 μόθων·

264 1326 393 1403 Νέστωρ
410 1324 545 1388 ἀντίθεος
561 1321 609 1386 καὶ
625 1324 684 1402 ἐγὼ
699 1321 881 1405 νικάσκομεν
900 1325 963 1387 οἴω.

265 1426 355 1508 αὐτὰρ
371 1425 414 1488 ὅτ’
431 1428 463 1488 ἐν
482 1426 574 1510 πεδίῳ
588 1425 701 1506 Τρόων
715 1426 891 1507 μαρναίμεθ’
906 1426 1036 1510 Ἀχαιοί,

265 1531 299 1593 οὔ
315 1529 379 1593 ποτ’
394 1527 439 1593 ἐνὶ
454 1533 568 1608 πληθυῖ
584 1528 674 1608 μένεν
690 1530 804 1609 ἀνδρῶν
820 1529 880 1593 οόδ’
896 1531 930 1593 ἐν
947 1531 1051 1614 ὁμίλῳ,

266 1636 347 1696 ἀλλὰ
362 1633 449 1696 πολὺ·
456 1633 632 1713 προθέεσκε,
647 1631 681 1695 τδ
695 1631 732 1695 δν
746 1633 835 1712 μένος
852 1629 950 1697 οὐδενὶ
966 1634 1062 1698 εἴκων·

266 1735 401 1802 πολλοὺς
417 1734 442 1800 δ’
457 1736 566 1817 ἄνδρας
582 1736 714 1816 ἔπεφνεν
723 1739 763 1801 ’ἐν
779 1737 846 1822 αἰνῇ
863 1739 1004 1814 δηϊοτῆτι.

266 1839 379 1905 πάντας
393 1838 418 1905 δ’
435 1840 486 1904 οὒκ
502 1838 540 1904 ἂν
555 1841 615 1922 ἐγὼ
630 1837 803 1919 μυθήσομαι
819 1837 878 1904 οὐδ’
893 1838 1038 1919 ὀνομήνω,

265 1945 364 2009 ὅσσον
378 1950 455 2007 λαὸν
470 1944 603 2026 ἔπεφνεν
618 1944 736 2021 ἀμύνων
751 1943 944 2026 Ἀργείοισιν,

266 2044 336 2111 ἀλλ’
351 2049 417 2111 οἶον
432 2052 484 2111 τὸν
497 2050 675 2129 Τηλεφίδην
692 2045 871 2128 κατενήρατο
886 2047 1001 2132 χαλκῷ,

265 2151 335 2232 ἥρω’
351 2151 537 2232 Εὐρύπυλον·
560 2147 673 2214 πολλοὶ
689 2149 714 2214 δ’
730 2147 804 2231 ἀμφ’
821 2150 909 2214 αὐτὸν
925 2153 1036 2232 ἑταῖροι

266 2255 386 2332 Κήτειοι
402 2255 552 2319 κτείνοντο
568 2255 699 2335 γυναίων
715 2255 814 2318 εἵνεκα
830 2254 940 2334 δόρων.

265 2363 363 2423 κεῖνον
379 2358 414 2437 δή
432 2357 599 2422 κάλλιστον
613 2356 677 2420 ἴδον
691 2354 766 2434 μετὰ
782 2357 929 2435 Μέμνονα
944 2361 1018 2422 δῖον.

264 2463 356 2543 αὐτὰρ
371 2461 414 2524 ὅτ’
431 2463 473 2527 εἰς
488 2465 582 2524 ἵππον
598 2460 824 2540 κατεβαίνομεν,
840 2459 876 2526 δν
891 2459 959 2540 κάμ’
973 2459 1106 2536 Ἐπειός,

264 2566 411 2648 Ἀργείων
424 2567 451 2628 οἱ
466 2564 594 2645 ἄριστοι,
611 2565 676 2641 ἐμοὶ
690 2563 715 2628 δ’
733 2562 783 2628 ἐπὶ
799 2562 884 2628 πάντ’
900 2565 1053 2644 ἐτέταλτο,

264 2669 338 2747 ἠμὲν
354 2670 513 2734 ἀνακλῖναι
528 2667 653 2733 πυκινὸν
666 2669 763 2751 λόχον
778 2667 823 2749 ἠδ’
839 2670 997 2734 ἐπιθεῖναι·

266 2771 326 2836 ἔνθ’
341 2772 433 2835 άλλοι
449 2776 578 2834 Δαναῶν
593 2769 738 2853 ἡγήτορες
752 2772 805 2851 ἠδὲ
819 2772 961 2850 μέδοντες

265 2873 376 2956 δάκρυά
391 2875 418 2936 τ’
432 2875 621 2957 ὠμόργνυντο
636 2876 744 2958 τρέμον
760 2875 786 2940 θ’
800 2876 860 2940 ὑπὸ
874 2881 944 2960 γυῖα
960 2876 1097 2942 ἑκάστου·

265 2985 364 3043 κεῖνον
380 2977 405 3042 δ’
421 2978 455 3041 οὔ
470 3004 546 3044 ποτε.
559 2979 685 3058 πάμπαν
703 2981 780 3063 ἐγδν
794 2983 859 3045 ίδον
875 2981 1083 3061 ὀφθαλμοῖσιν

266 3083 324 3145 οὔτ’
338 3081 518 3164 ὠχρήσαντα
532 3085 610 3168 χρόα
625 3083 775 3162 κάλλιμον
790 3084 857 3148 οὔτε
872 3089 1003 3166 παρειῶν

265 3187 365 3268 δάκρυ’
380 3186 591 3270 ὀμορξάμενον·
615 3190 631 3250 ὁ
647 3187 680 3251 δέ
691 3211 729 3265 με
743 3188 826 3266 μάλα
845 3187 936 3258 πόλλ’
957 3186 1084 3254 ἱκέτευεν

267 3292 396 3358 ἱππόθεν
411 3290 557 3372 ἐξέμεναι,
575 3290 680 3373 ξίφεος
695 3291 721 3354 δ’
738 3291 895 3369 ἐπεμαίετο
912 3292 1014 3370 κώπην

197 3419 200 3430 “
266 3397 313 3460 καὶ
329 3396 398 3478 δόρυ
413 3396 616 3480 χαλκοβαρές,
633 3394 708 3459 κακὰ
723 3397 755 3460 δέ
772 3395 914 3477 Τρώεσσι
928 3397 1060 3473 μενοίνα.

265 3500 334 3562 ἀλλ’
350 3502 401 3564 ὅτε
417 3501 452 3579 δή
472 3498 621 3581 Πριάμοιο
637 3499 726 3562 πόλιν
742 3497 940 3581 διεπέρσαμεν
954 3497 1055 3578 αίπήν,

264 3607 370 3679 μοῖραν
386 3599 434 3661 καὶ
449 3600 538 3679 γέρας
555 3603 666 3665 ἐσθλὸν
683 3602 762 3684 ἔχων
777 3604 827 3667 ἐπὶ
843 3603 914 3682 νηδς
930 3604 1054 3684 ἔβαινεν

265 3698 409 3777 ἀσκηθής,
427 3696 486 3760 οὔτ’
501 3698 538 3778 ἀρ
553 3703 747 3780 βεβλημένος
761 3703 827 3783 ὀξέι·
840 3707 946 3793 χαλκφ
