2788 4230
266 321 329 393 774
575 310 623 373 16.
647 313 880 374 ΟΔΥΣΣΕΙΑΣ
903 313 943 372 Π.

265 483 337 561 ἡμῖν
352 480 559 563 ἀμφοτέροισι·
584 483 622 545 σὲ
637 482 669 546 δὲ
685 481 854 563 φράζεσθαι
869 480 979 563 άυωγα.

266 589 341 663 δηθά
357 588 414 667 γὰρ
430 585 524 651 οὕτως
540 585 608 670 είσῃ
625 583 752 649 ἑκάστου
768 584 952 666 πειρητίζων,

265 692 338 772 ἔργα
352 689 581 773 μετερχόμενος·
604 686 650 753 τοὶ
665 688 692 753 δ’
708 693 741 754 έν
754 688 932 771 μεγάροισιν
947 688 1052 767 έκηλοι

265 793 402 876 χρήματα
418 791 638 869 δαρδάπτουσιν
652 792 809 874 ὑπέρβιον,
826 789 887 856 οὐδ’
903 792 954 856 ἔτι
969 791 1073 872 φειδιό.

267 895 337 959 ἀλλ’
355 896 375 976 ἦ
390 897 439 959 τοί
452 922 489 960 σε
504 901 645 978 γυναῖκας
662 897 720 976 ἐγὼ
737 893 903 958 δεδάασθαι
919 895 1031 975 ἄνωγα,

268 1003 301 1064 αί
315 999 348 1063 τέ
365 999 394 1062 α’
410 999 587 1080 ἀτιμάζουσι
604 997 651 1062 καὶ
666 997 696 1061 αδ
713 997 861 1075 νηλίτιδές
877 998 967 1076 είσιν·

267 1106 381 1183 ἀνδρῶν
395 1103 420 1166 δ’
435 1104 488 1166 οὐκ
504 1102 541 1166 ἀν
558 1103 616 1184 ἐγώ
632 1126 667 1183 γε
685 1099 758 1164 κατὰ
774 1099 924 1179 σταθμοὺς
940 1101 1074 1181 ἐθέλοιμι

265 1208 359 1287 ἡμέας
375 1206 533 1288 πειράζειν,
551 1205 621 1268 ἀλλ’
636 1207 748 1285 ὕστερα
762 1209 856 1267 ταῦτα
868 1204 1024 1279 πένεσθαι,

267 1313 293 1374 εἰ
309 1311 393 1374 ἐτεόν
407 1309 444 1392 γέ
458 1331 487 1373 τι
503 1309 594 1372 οἶσθα
611 1313 684 1374 Διὸς
699 1308 786 1390 τέρας
801 1306 981 1390 αἰγιόχοιο.”

302 1413 366 1479 *Ως
383 1416 411 1476 οἱ
427 1417 483 1491 μέν
497 1417 620 1477 τοιαῦτα
639 1412 713 1493 πρὸς
730 1409 883 1489 ἀλλήλους
898 1413 1051 1493 ἀγόρευον,

264 1517 283 1594 ἡ
300 1515 325 1580 δ’
340 1517 386 1598 ἀρ’
402 1517 493 1581 ἔπειτ’
508 1515 658 1592 Ἰθάκηνδε
677 1513 823 1597 κατήγετο
839 1519 909 1592 νηῦς
926 1514 1056 1597 εὐεργής,

265 1620 283 1696 ἣ
298 1619 372 1700 φέρε
385 1619 571 1703 Τηλέμαχον
590 1620 731 1682 Πυλόθεν
747 1620 796 1682 καὶ
812 1617 927 1683 πάντας
941 1619 1084 1698 ἑταίρους.

267 1726 295 1786 οἱ
312 1724 337 1787 δ’
355 1725 405 1787 ὅτε
421 1723 456 1802 δὴ
473 1721 596 1804 λιμένος
610 1722 817 1803 πολυβενθέος
833 1721 916 1788 έντὸς
933 1723 1041 1799 ἵκοντο,

267 1831 322 1904 νῆα
336 1827 392 1905 μὲν
407 1829 438 1890 οἵ
452 1853 487 1908 γε
502 1826 649 1905 μέλαιναν
665 1825 712 1889 ἐπ’
728 1825 863 1906 ἠπείροιο
880 1824 1022 1905 έρυσσαν,

266 1932 373 2013 τεύχεα
394 1929 426 1994 δέ
443 1929 499 2011 σφ’
514 1930 677 1996 ἀπένεικαν
691 1928 855 2009 ὑπέρθυμοι
871 1927 1061 2010 θεράποντες,

267 2034 371 2096 αὐτίκα
387 2034 411 2097 δ’
425 2035 454 2099 ἒς
472 2035 614 2096 Κλυτίοιο
632 2031 726 2114 φέρον
742 2033 928 2113 περικαλλέα
943 2037 1032 2113 δῶρα.

267 2136 359 2218 αὐτὰρ
377 2136 485 2218 κήρυκα
501 2137 636 2216 πρόεσαν
651 2139 742 2215 δόμον
758 2138 802 2202 εἰς
817 2135 975 2213 Ὀδυσῆος,

269 2241 415 2322 ἀγγελίην
431 2239 551 2320 έρέουτα
566 2240 726 2321 περίφρονι
743 2241 947 2325 Πηνελοπείῃ,

270 2347 376 2410 οὕνεκα
392 2342 573 2424 Τηλέμαχος
588 2344 643 2419 μὲν
658 2340 704 2406 ἐπ’
720 2344 821 2424 ἀγροῦ,
838 2345 893 2419 νῆα
909 2342 934 2405 δ’
951 2343 1061 2425 ἀυόγει

270 2445 373 2510 ἄστυδ’
389 2448 577 2523 ἀποπλείειν,
593 2448 643 2509 ἵνα
657 2448 699 2526 μὴ
715 2445 830 2510 δείσασ’
848 2445 891 2508 ἐνὶ
908 2447 990 2531 θυμῷ

271 2553 379 2629 ἰφθίμη
395 2549 544 2629 βασίλεια
558 2548 643 2631 τέρεν
659 2548 733 2644 κατὰ
751 2549 878 2630 δάκρυον
894 2551 984 2629 είβοι.

269 2656 310 2719 τὼ
327 2656 358 2718 δὲ
374 2651 561 2732 συναντήτην
578 2652 671 2735 κῆρυξ
684 2655 733 2716 καὶ
750 2658 811 2719 δῖος
825 2653 963 2734 ὑφορβὸς

271 2760 323 2834 τῆς
339 2757 429 2834 αὐτῆς
445 2755 520 2820 ἕνεκ’
537 2757 693 2839 ἀγγελίης,
710 2755 829 2838 ἐρέοντε
844 2759 971 2838 γυναικί.

270 2861 340 2923 ἀλλ’
357 2861 407 2923 ὅτε
423 2857 457 2937 δή
472 2859 503 2941 ῥ’
521 2862 624 2923 ἵκοντο
638 2862 730 2938 δόμον
746 2862 827 2924 θείου
840 2864 1003 2940 βασιλῆος,

270 2961 364 3043 κῆρυξ
376 2962 430 3044 μέν
446 2965 485 3045 ῥα
499 2962 612 3049 μέσῃσι
630 2963 706 3046 μετὰ
722 2965 858 3049 δμῳῇσιν
874 2964 984 3029 έειπεν·

271 3071 292 3100 “
304 3065 360 3144 ἥδη
376 3092 431 3145 τοι,
447 3068 606 3147 βασίλεια,
622 3068 713 3148 φίλος
730 3066 800 3133 πάϊς
816 3063 1006 3145 εἰλήλουθε.”

272 3171 463 3257 Πηνελοπείῃ
479 3171 504 3234 δ’
522 3171 588 3234 εἶπε
604 3171 746 3249 συβώτης
761 3169 835 3252 ἀγχι
851 3173 1008 3252 παραστὰς

271 3271 358 3337 πάνθ’
373 3271 433 3337 ὅσα
450 3275 478 3338 σί
494 3275 587 3355 φίλος
601 3273 664 3340 υἱὸς
682 3275 790 3356 ἀνάγει
805 3273 1009 3354 μυθήσασθαι.

270 3375 362 3458 αὐτὰρ
378 3378 443 3441 ἐπεὶ
459 3379 495 3457 δὴ
510 3382 614 3441 πᾶσαν
629 3378 826 3457 ἐφημοσύνην
841 3378 974 3455 ἀπέειπε,
1166 3406 1217 3456 340

271 3483 313 3561 βῆ
329 3480 359 3563 ῥ’
374 3482 472 3560 ίμεναι
486 3481 552 3562 μεθ’
568 3482 631 3559 θος,
647 3481 719 3546 λίπε
735 3481 760 3545 δ’
777 3479 863 3562 ἕρκεά
879 3505 912 3544 τε
927 3481 1059 3564 μέγαρόν
1074 3508 1115 3546 τε.

316 3587 495 3663 Μνηστήρες
511 3583 536 3647 δ’
551 3583 703 3666 ἀκάχοντο
717 3583 896 3664 κατήφησάν
911 3581 936 3645 τ’
951 3582 995 3648 ἑνὶ
1011 3587 1102 3669 θυμῷ,

272 3689 304 3750 έκ
320 3686 346 3750 δ’
361 3684 455 3764 ἦλθον
468 3684 612 3766 μεγάροιο
627 3689 721 3768 παρὲκ
735 3686 812 3769 μέγα
826 3687 940 3770 τειχίου
955 3688 1061 3765 αὐλῆς,
