2908 4232
312 343 378 412 554
616 349 645 416 3·
670 334 905 395 ολτννςικς
935 336 967 395 r.

311 508 390 582 βοῦν
405 502 431 567 δ’
447 500 555 585 ἀγέτην
572 501 685 584 κεράων
700 502 844 578 Στρατίος
861 504 909 566 καὶ
924 507 988 568 δῖος
1002 501 1173 585 Ἐχέφρων.

311 607 441 688 χέρνιβα
456 604 489 670 δέ
508 606 562 688 σφ’
576 606 704 687 Ἀρητος
719 608 753 670 έν
767 607 942 687 ἀνθεμόεντι
956 605 1066 685 λέβητι
1209 622 1262 685 44ο

311 709 423 789 ἤλυθεν
438 712 470 774 έκ
490 709 636 790 θαλάμοιο
651 709 761 792 φέρων,
777 709 862 796 έτέρη
878 709 904 773 δ’
924 711 995 794 έχεν
1011 710 1102 776 οὐλάς

312 815 345 877 έν
361 813 466 898 κανέιρ·
490 813 622 878 πέλεκυν
640 815 673 877 δὲ
687 814 911 893 μενεπτόλεμος
927 811 1130 893 Θρασυμήδης

311 916 383 995 ὀξὺν
399 918 478 1000 έχων
493 919 525 982 έν
540 915 618 1001 χειρὶ
637 918 812 998 παρίστατο,
828 922 906 996 βοῦν
921 918 1087 998 ἐπικόψων.

311 1020 447 1100 Περσεὺς
459 1020 483 1084 δ’
504 1022 611 1100 ἀμνίον
630 1020 704 1102 εἶχε·
728 1020 824 1102 γέρων
840 1020 864 1084 δ’
883 1019 1038 1097 ἱππηλάτα
1054 1018 1181 1100 Νέστωρ

310 1123 442 1206 χέρνιβά
455 1124 481 1187 τ’
496 1124 663 1206 οὐλοχύτας
678 1149 711 1188 τε
727 1127 899 1206 κατήρχετο,
918 1121 1061 1186 πολλδ“δ’
1078 1121 1190 1208 Ἀθήνη
1210 1149 1260 1200 445

311 1226 407 1308 εὔχετ’
426 1228 643 1310 ἀπαρχόμενος,
660 1229 797 1308 κεφαλῆς
813 1231 921 1308 τρίχας·
933 1229 966 1291 έν
981 1224 1051 1307 πυρὶ
1065 1225 1205 1306 βάλλων.

339 1329 455 1410 Ἀὐτάρ
470 1331 538 1394 ε’πεί
550 1331 581 1414 ῤ’
599 1328 722 1408 εὔξαντο
739 1331 787 1393 καὶ
804 1329 969 1410 οὐλοχύτας
985 1328 1186 1409 προβάλοντο,

311 1433 415 1496 αὐτίκα
430 1433 584 1516 Νέστορος
599 1435 674 1506 υἱός,
690 1434 858 1514 ὑπέρθυμος
874 1431 1086 1512 Θρασυμήδης,

309 1537 426 1615 ἤλασεν
441 1537 513 1619 ἄγχι
529 1535 611 1602 στάς·
636 1537 763 1602 πέλεκυς
779 1535 803 1599 δ’
820 1537 958 1617 ἀπέκοψε
973 1535 1111 1602 τένοντας

310 1639 475 1722 αὐχενίους,
491 1646 587 1705 λῦσεν
601 1643 633 1703 δὲ
648 1640 723 1720 βοδς
737 1641 836 1717 μένος·
859 1641 891 1703 αἱ
906 1637 932 1704 δ’
949 1639 1101 1718 ὀλόλυξαν
1208 1668 1261 1717 45⁰

310 1743 468 1825 θυγατέρες
482 1770 516 1807 τε
534 1743 600 1806 νυοί
614 1768 648 1807 τε
664 1742 713 1806 καὶ
727 1744 824 1820 αίδοίη
843 1743 1013 1822 παράκοιτις

310 1846 474 1929 Νέστορος,
494 1847 649 1927 Εὐρυδίκη,
665 1848 788 1927 πρέσβα
804 1846 972 1927 Κλυμένοιο
986 1851 1148 1928 θυγατρῶν.

310 1952 339 2013 οἱ
354 1954 409 2031 μὲν
424 1950 516 2015 ἔπειτ’
533 1951 692 2016 ἀνελόντες
708 1952 767 2014 ἀπὸ
782 1955 893 2034 χθονδς
909 1952 1074 2030 εὐρυοδείης

310 2055 415 2137 ἔσχον·
439 2054 512 2135 ἀτὰρ
528 2053 646 2132 σφάξεν
662 2054 894 2135 Πεισίστρατος,
911 2055 1043 2136 ὄρχαμος
1059 2055 1181 2132 ἀνδρῶν.

310 2161 363 2236 τῆς
379 2158 403 2222 δ’
420 2157 485 2222 ἐπεὶ
502 2161 533 2222 έκ
548 2159 646 2237 μέλαν
662 2159 735 2234 αἷμα
748 2159 814 2240 ῥύη,
830 2159 901 2221 λίπε
919 2156 944 2220 δ’
962 2155 1054 2219 όστέα
1070 2159 1173 2236 θυμός,
1208 2185 1258 2236 4⁵5

310 2263 378 2344 αἶψ’
394 2263 451 2343 άρα
465 2289 517 2342 μιν
532 2262 679 2344 διέχευαν,
696 2262 777 2343 άφαρ
794 2261 818 2324 δ’
835 2263 868 2324 έκ
882 2260 974 2340 μηρία
989 2260 1101 2339 τάμνον

309 2365 407 2429 πάντα
423 2365 498 2430 κατὰ
513 2371 631 2447 μοῖραν,
647 2366 723 2429 κατά
738 2390 771 2429 τε
789 2365 877 2450 κνίσῃ
893 2362 1051 2443 ἐκάλυψαν

310 2471 440 2553 δίπτυχα
455 2468 645 2548 ποιήσαντες,
663 2469 709 2532 ἐπ’
724 2469 821 2533 αὐτῶν
839 2467 863 2532 δ’
881 2467 1084 2546 ὠμοθέτησαν.

311 2579 376 2637 καῖε
392 2573 417 2637 δ’
434 2572 482 2636 ἐπὶ
498 2574 605 2658 σχίζῃς
621 2576 637 2636 ό
652 2573 758 2655 γέρων,
774 2569 823 2635 έπὶ
839 2571 864 2636 δ’
883 2575 995 2636 αἴθοπα
1011 2571 1094 2638 οίνον

308 2682 408 2756 λεῖβε·
430 2678 492 2742 νέοι
506 2681 540 2741 δὲ
556 2676 623 2758 παρ’
641 2676 730 2740 αὐτὸν
746 2676 818 2758 έχον
833 2675 1027 2753 πεμπώβολα
1041 2677 1158 2758 χερσίν.
1207 2689 1258 2751 460

310 2782 401 2861 αὐτὰρ
416 2779 482 2844 ἐπεὶ
498 2779 572 2845 κατὰ
588 2779 655 2862 μῆρ’
673 2778 744 2858 έκάη
762 2779 811 2842 καὶ
829 2777 983 2862 σπλάγχν’
1001 2781 1160 2853 ἐπάσαντο,

309 2885 478 2964 μίστυλλόν
493 2884 520 2948 τ’
536 2883 593 2966 ἀρα
609 2885 709 2948 τάλλο
725 2885 774 2946 καὶ
791 2880 866 2963 ἀμφ’
884 2883 1044 2961 ὀβελοῖσιν
1061 2883 1191 2963 ἔπειραν,

310 2989 416 3051 ὤπτων
433 2988 457 3052 δ’
475 2990 657 3069 ἀκροπόρους
673 2986 803 3067 ὀβελοὺς
819 2988 851 3049 έν
866 2984 974 3069 χερσὶν
989 2987 1118 3067 ἔχοντες.

352 3092 460 3173 Τόφρα
477 3093 510 3154 δὲ
525 3092 707 3174 Τηλέμαχον
721 3096 835 3154 λοῦσεν
851 3089 927 3167 καλὴ
945 3088 1138 3167 Πολυκάστη,

310 3194 464 3275 Νέστορος
481 3195 633 3271 ὁπλοτάτη
649 3192 780 3275 θυγάτηρ
796 3191 983 3272 Νηληϊάδαο.
1209 3207 1256 3272 4⁶⁵

309 3296 402 3378 αὐτάρ
418 3299 483 3361 ἐπεὶ
498 3298 612 3362 λοῦσέν
627 3321 660 3360 τε
676 3298 725 3360 καὶ
741 3297 864 3380 ἔχρισεν
879 3295 944 3359 λίπ’
960 3295 1064 3381 έλαίιρ,

310 3401 388 3481 ἀμφὶ
405 3399 438 3464 δέ
451 3427 503 3480 μιν
518 3406 615 3482 φᾶρος
631 3400 725 3463 καλὸν
740 3399 841 3481 βάλεν
856 3402 909 3480 ἠδὲ
925 3405 1047 3484 χιτῶνα,

310 3506 342 3568 ἔκ
357 3503 384 3585 ῥ’
402 3505 570 3584 ἀσαμίνθου
585 3507 628 3584 βῆ
646 3503 737 3583 δέμας
754 3505 950 3569 ἀθανάτοισιν
965 3505 1076 3584 ὁμοῖος·

309 3608 369 3689 πὰρ
386 3608 410 3671 δ’
428 3609 445 3671 ό
461 3632 496 3689 γε
513 3606 642 3688 Νέστορ’
662 3608 715 3672 ίιδν
732 3607 794 3672 κατ’
812 3607 857 3688 ἀρ’
875 3605 967 3685 έζετο,
984 3607 1110 3689 ποιμένα
1125 3614 1219 3674 λαῶν.

353 3714 393 3777 Οἱ
409 3711 434 3775 δ’
452 3712 518 3774 ἐπεὶ
534 3711 675 3789 ὤπτησαν
692 3710 752 3793 κρέ’
769 3711 915 3791 ὐπέρτερα
934 3712 983 3776 καὶ
999 3713 1153 3794 ἐρύσαντο,
1207 3733 1257 3789 470
