2792 4232
469 379 516 438 14.
542 365 712 424 ΙΛΙΑΔΟΣ
736 363 773 426 Ξ.
1036 359 1097 440 α87

153 528 208 608 νὺξ
220 528 357 611 ἐκάλυφε
371 525 511 607 μέλαινα·
534 526 629 603 βέλος
644 524 671 592 δ’
688 527 732 592 ἔτι
748 528 842 608 θυμὸν
858 530 980 607 ἐδάμνα.

195 633 329 715 Ἀργεῖοι
343 633 368 697 δ’
386 633 425 699 ἀς
440 633 493 698 οὖν
507 635 573 696 ἴδον
584 631 717 712 Ἕκτορα
732 635 827 712 νόσφι
844 625 955 710 κιόντα,
1047 657 1098 704 440

153 741 272 814 μᾶλλον
288 736 338 801 ἐπὶ
350 737 493 817 Τρώεσσι
509 735 607 816 θόρον,
623 733 778 814 μνήσαντο
793 735 826 796 δὲ
840 733 967 816 χάρμης.

154 839 226 902 ἔνθα
240 837 320 902 πολὺ
335 839 503 919 πρώτιστος
516 837 641 914 Ὀϊλῆος
655 837 748 920 ταχὺς
764 839 840 902 Αἴας

154 942 282 1006 Σάτνιον
301 942 411 1007 οὔτασε
426 942 510 1022 δουρὶ
523 940 710 1022 μετάλμενος
725 940 861 1020 ὀξυόεντι

154 1042 332 1123 Ἠνοπίδην,
348 1044 384 1108 δν
398 1045 456 1126 ἀρα
471 1044 571 1125 νύμφη
588 1043 656 1108 τέκε
671 1043 735 1122 νηίς
751 1043 873 1123 ἀμύμων
946 1113 950 1125 ,

150 1147 266 1213 Ἤνοπι
279 1147 480 1228 βουκολέοντι
496 1148 566 1229 παρ’
585 1150 678 1231 ὄχθος
693 1149 901 1214 Σατνιόεντος.
1051 1171 1099 1220 εις

153 1251 206 1315 τὸν
221 1254 276 1331 μὲν
289 1250 449 1330 Ὀϊλιάδης
464 1252 656 1332 δουρικλυτὸς
671 1250 798 1334 ἐγγύθεν
813 1251 913 1315 ἐλθδν

154 1355 226 1417 οάτα
241 1354 317 1418 κατὰ
330 1354 479 1436 λαπάρην·
503 1357 520 1418 ὁ
536 1353 563 1420 δ’
579 1353 764 1435 ἀνετράπετ’,
780 1354 858 1433 ἀμφὶ
874 1349 901 1416 δ’
916 1352 961 1433 ἀρ’
978 1353 1057 1437 αύτῷ

153 1461 254 1537 Τρῶες
270 1459 319 1521 καὶ
335 1459 451 1522 Δαναοὶ
467 1459 600 1540 σύναγον
615 1457 760 1539 κρατερῆν
774 1459 912 1537 ὑσμίνην.

154 1563 195 1644 τῷ
211 1557 238 1624 δ’
254 1561 304 1624 ἐπὶ
319 1558 522 1640 Πουλυδάμας
537 1559 733 1644 ἐγχέσπαλος
748 1559 842 1640 ἦλθεν
858 1559 995 1641 ἀμύντωρ

156 1663 336 1742 Πανθοΐδης,
352 1664 434 1743 βάλε
450 1667 484 1729 δὲ
498 1663 698 1745 Προθοήνορα
713 1664 813 1742 δεξιδν
831 1661 921 1742 ὦμον,
1050 1687 1100 1737 450

154 1766 220 1830 υἱὸν
233 1766 436 1847 Ἀρηϊλύκοιο,
452 1766 491 1831 δι’
508 1767 589 1848 ὤμου
604 1767 629 1832 δ’
647 1771 777 1849 ὄβριμον
793 1767 885 1850 ἔγχος

158 1871 261 1954 ἔσχεν,
278 1873 295 1934 ὁ
311 1869 336 1934 δ’
354 1872 387 1933 ἐν
402 1871 522 1957 κονίῃσι
540 1871 644 1935 πεσιδν
660 1872 713 1936 ἔλε
727 1875 818 1952 γαῖον
834 1872 966 1952 ἀγοστῷ.

155 1972 356 2051 Πουλυδάμας
371 1971 397 2036 δ’
413 1973 568 2055 ἔκπαγλον
582 1971 728 2052 ἐπεύξατο
743 1972 857 2054 μακρὸν
875 1970 980 2037 ἀύσας·

156 2084 174 2112 “
186 2075 219 2139 ού
233 2078 294 2155 μάν
310 2073 373 2138 αὖτ’
389 2073 443 2138 ὀίω
458 2077 631 2158 μεγαθύμου
647 2072 823 2141 Πανθοΐδαο

153 2177 255 2260 χειρδς
269 2177 330 2241 ἀπο
349 2182 498 2259 στιβαρῆς
513 2178 602 2243 άλιον
617 2183 751 2257 πηδῆσαι
767 2178 888 2250 ἄκοντα,
1051 2201 1101 2251 455

155 2278 237 2343 ἀλλά
252 2305 297 2346 τις
313 2278 459 2362 Ἀργείων
474 2281 581 2360 κόμισε
596 2279 676 2364 χροί,
692 2283 745 2344 καί
758 2305 810 2360 μιν
825 2277 878 2342 ὀίω

155 2384 232 2467 αὐτῷ
249 2384 461 2462 σκηπτόμενον
475 2385 598 2462 κατίμεν
613 2385 706 2463 δόμον
717 2383 822 2449 Ἀϊδος
838 2381 941 2446 είσω.”

190 2486 255 2552 Ὣς
270 2485 368 2566 ἔφατ’,
382 2484 550 2568 Ἀργείοισι
566 2485 592 2549 δ’
608 2486 684 2569 ἄχος
697 2484 796 2568 γένετ’
811 2484 997 2566 εὐξαμένοιο·

155 2592 260 2652 Αἴαντι
275 2591 309 2651 δὲ
323 2586 460 2666 μάλιστα
473 2586 617 2668 δαίφρονι
631 2587 724 2666 θυμδν
740 2591 828 2670 ὄρινε,

155 2694 195 2776 τῷ
213 2689 442 2776 Τελαμωνιάδῃ·
465 2695 518 2753 τοῦ
533 2693 591 2772 γὰρ
606 2690 701 2754 πέσεν
716 2691 791 2774 άγχι
805 2691 949 2771 μάλιστα.
1051 2701 1102 2767 460

155 2795 348 2874 καρπαλίμως
363 2791 389 2858 δ’
405 2794 547 2860 ἀπιόντος
562 2795 707 2859 ἀκόντισε
723 2795 805 2874 δουρὶ
821 2795 948 2878 φαεινῷ.

155 2897 356 2978 Πουλυδάμας
372 2895 399 2961 δ’
415 2897 503 2963 αὐτὸς
516 2899 573 2977 μὲν
589 2897 719 2961 ἀλεύατο
734 2902 809 2980 κῆρα
823 2897 972 2975 μέλαιναν
1008 2941 1013 2952 ·

154 3003 289 3084 λικριφὶς
306 2999 402 3080 ἀίξας,
419 3004 545 3080 κόμισεν
560 2999 586 3064 δ’
602 2998 785 3081 Ἀντήνορος
800 3002 864 3066 υίδς

153 3105 352 3188 Ἀρχέλοχος·
373 3107 415 3190 τῷ
429 3103 487 3186 γάρ
502 3106 541 3187 ῥα
556 3105 620 3168 θεοὶ
637 3104 812 3183 βούλευσαν
828 3105 964 3183 όλεθρον.

153 3207 208 3269 τόν
223 3205 256 3289 ῤ’
273 3207 389 3286 ἔβαλεν
404 3208 539 3288 κεφαλῆς
554 3232 586 3271 τε
602 3206 652 3270 καὶ
667 3204 794 3288 αὐχένος
810 3207 843 3268 ἐν
859 3206 1027 3290 συνεοχμῷ,
1051 3219 1101 3282 465

154 3310 273 3374 νείατον
288 3308 494 3392 ἀστράγαλον,
510 3309 570 3373 ἀπὸ
584 3308 609 3374 δ’
626 3308 717 3390 ἀμφω
736 3308 825 3389 κέρσε
840 3306 971 3372 τένοντε·

30 3447 31 3450 ¹
153 3417 208 3473 τοῦ
222 3413 254 3476 δὲ
270 3412 350 3476 πολὺ
365 3413 511 3494 πρότερον
526 3412 645 3492 κεφαλὴ
662 3412 761 3489 στόμα
776 3435 809 3474 τε
823 3409 904 3492 ῥῖνές
918 3433 953 3475 τε

153 3516 237 3578 ούδεϊ
250 3511 360 3594 πλῆντ’
376 3514 395 3594 ῆ
407 3539 463 3596 περ
479 3515 586 3592 κνῆμαι
601 3513 652 3576 καὶ
666 3516 760 3594 γοῦνα
775 3511 933 3576 πεσόντος.

153 3620 230 3683 Αἴας
245 3615 270 3681 δ’
287 3616 350 3685 αὕτ’
367 3615 515 3699 ἐγέγωνεν
531 3613 658 3693 αμύμονι
673 3607 916 3688 Πουλυδάμαντι·

31 3745 32 3750 ’
153 3730 175 3758 “
185 3720 307 3802 φράζεο,
327 3717 519 3800 Πουλυδάμα,
536 3717 586 3783 καί
599 3739 651 3793 μοι
666 3714 807 3794 νημερτὲς
823 3715 954 3797 ἐνίσπες,
1050 3735 1103 3789 470
