2758 4228
422 359 472 421 νη.
503 346 740 407 ΟΔὙΣΣΕΙΑΣ
768 347 809 406 Ως
1044 341 1107 426 899

156 513 258 594 δεξιοί,
274 517 319 581 οῖς
333 515 448 597 χαίρων
463 515 519 593 μέν
534 515 611 600 ἐγὼν
627 513 806 593 ἀπέπεμπον
820 515 943 588 ἐκεῖνον,

156 624 243 704 χαῖρε
258 621 291 682 δέ
307 623 401 684 κεῖνος
418 618 479 682 ῖύν·
503 622 594 697 θυμὸς
609 617 634 681 δ’
651 619 696 681 ἐτι
711 623 785 682 νῶϊν
800 617 911 681 ἐώλπει
938 619 940 624 ’
963 627 978 661 ²

156 721 298 802 μίξεσθαι
314 721 397 808 ξενίη
413 722 458 801 ἠδ’
474 722 575 803 ἀγλαὰ
590 726 671 804 δῶρα
685 717 857 785 διδύσειν.”
1092 755 1095 770 1

193 824 257 892 Ὣς
272 825 362 906 φάτο,
377 831 428 890 τὸν
444 824 469 889 δ’
486 825 575 908 άχεος
591 825 705 907 νεφέλη
722 823 857 906 ἐκάλυψε
872 823 1011 903 μέλαινα·
1059 852 1108 902 315

157 927 396 1014 ἀμφοτέρῃσι.δέ
411 925 520 1012 χερσῖν
534 929 614 992 ἔλδν
629 929 712 992 κόνιν
727 929 938 994 αἰθαλόεσσαν
988 935 989 938 ’
1094 967 1096 978 1

156 1031 266 1115 χεύατο
281 1035 337 1096 κδκΙ
353 1035 487 1112 κεφαλῆς
503 1034 622 1110 πολιῆς,
637 1030 724 1095 ἁδινὰ
740 1032 934 1115 στεναχίζων.

158 1140 210 1197 τοῦ
226 1135 251 1198 δ’
267 1134 388 1216 ὧρίνετο
403 1135 504 1213 θυμός,
519 1136 577 1200 ἀνὰ
594 1137 679 1216 ῥῖνας
697 1133 730 1200 δέ
746 1136 775 1198 οἱ
791 1134 847 1213 ἤδη

159 1238 244 1319 δριμὺ
258 1237 347 1316 μένος
362 1239 518 1320 προῦτυψε
533 1239 629 1318 φίλον
644 1237 948 1320 πατέρ”είσαρόωντι

159 1343 254 1406 κύσσε
269 1342 302 1406 δέ
317 1369 369 1421 μιν
385 1343 513 1424 περιφὺς
529 1341 711 1423 ἐπιάλμενος
724 1341 779 1420 ῆδέ
795 1343 961 1422 προσηύδα
999 1351 1002 1356 ’
1060 1369 1108 1416 320

160 1451 179 1481 “
190 1451 286 1512 κεῖνος
302 1446 358 1524 μέν
373 1471 419 1509 τοι
435 1445 479 1509 ὅδ’
495 1445 582 1526 αὐτὸς
598 1446 668 1524 ἐγκύ,
684 1444 787 1527 πάτερ,
803 1445 838 1509 δν
853 1445 892 1510 σὺ
909 1447 1073 1530 μεταλλᾷς,

158 1548 272 1628 ἤλυθον
288 1549 418 1635 εἰκοστῷ
433 1549 494 1614 ἔτεϊ
509 1553 540 1616 ἐς
557 1551 685 1631 πατρίδα
700 1555 799 1630 γαῖαν.

160 1651 229 1716 ἀλλ’
244 1656 333 1736 ίσχεο
350 1657 515 1732 κλαυθμοῖο
529 1653 616 1732 γόοιό
631 1678 664 1716 τε
679 1655 884 1735 δακρυόεντος.

161 1759 194 1820 ἐκ
210 1757 328 1839 γάρτοι
345 1757 426 1838 ἐρέω·
450 1757 533 1835 μάλα
549 1759 582 1820 δέ
597 1757 656 1840 χρῆ
673 1757 843 1834 σπευδέμεν
859 1757 964 1835 ἔμπης·

159 1863 332 1943 μνηστῆρας
348 1859 537 1940 κατέπεφνον
553 1861 585 1922 ἐν
601 1859 773 1939 ῆμετέροισι
789 1860 919 1938 δόμοισι,
936 1891 938 1896 ’
959 1915 961 1922 ,
1062 1885 1109 1934 3²5

161 1965 269 2044 λόβην
283 1964 437 2041 τινύμενος
454 1964 611 2043 θυμαλγέα
627 1959 676 2025 καὶ
693 1966 769 2025 κακὰ
785 1961 887 2044 ἔργα.”

204 2071 267 2130 Τδν
282 2066 307 2129 δ’
322 2065 359 2128 αῖι
374 2065 509 2145 Λαέρτης
525 2066 712 2144 ἀπαμείβετο
728 2067 872 2146 φύνησέν
886 2087 928 2130 τε·

162 2176 182 2206 “
192 2172 220 2235 εί
233 2172 288 2249 μὲν
306 2169 342 2248 δὴ
358 2167 506 2234 Ὀδυσεύς
521 2195 556 2249 γε
573 2168 644 2248 ἐμός
660 2167 731 2235 πάϊς
746 2169 847 2233 ἐνθάδ’
863 2170 985 2248 ἱκάνεις,

162 2274 244 2353 σῆμά
258 2273 291 2336 τί
302 2298 353 2351 μοι
368 2276 421 2336 νῦν
437 2273 503 2336 είπέ
518 2272 690 2353 ἀριφραδές,
707 2274 790 2354 ὄφρα
804 2271 971 2338 πεποίθω.”
1062 2273 1064 2278 ’

204 2381 266 2440 Τὸν
282 2376 307 2440 δ’
323 2377 567 2455 ἀπαμειβόμενος
583 2375 726 2456 προσέφη
743 2377 909 2455 πολύμητις
923 2377 1101 2443 Ὀδυσσεύς·

163 2485 184 2514 “
196 2480 289 2558 οὐλὴν
303 2483 493 2561 μὲνπρῶτον
508 2478 596 2558 τήνδε
612 2479 729 2559 φράσοι
746 2481 947 2560 ὀφθαλμοῖσι,
1061 2509 1108 2556 331

162 2584 217 2662 τῆν
233 2585 265 2646 ἐν
281 2585 434 2669 Παρνησῷ
446 2583 477 2662 μ’
493 2583 607 2648 ἔλασεν
623 2589 678 2650 οὓς
693 2585 793 2669 λευκηῖ
808 2585 908 2648 ὀδόντι

164 2688 331 2769 οἰχόμενον·
355 2687 395 2750 σὺ
411 2687 443 2751 δέ
458 2714 496 2766 με
511 2686 627 2768 προΐεις
644 2688 693 2751 καὶ
709 2687 818 2751 πότνια
832 2686 930 2768 μήτηρ

164 2793 194 2858 ἐς
210 2791 311 2872 πατέρ’
327 2791 501 2856 Αύτόλυκον
515 2791 626 2873 μητρὸς
642 2792 745 2871 φίλον,
761 2790 830 2873 ὄφρ’
847 2791 886 2856 θν
899 2793 1027 2872 ἑλοίμην
1123 2871 1125 2878 y

164 2900 252 2976 δῶρα,
269 2897 306 2958 τά
322 2900 408 2976 δεῦρο
421 2895 526 2972 μολόν
543 2919 595 2973 μοι
610 2894 761 2979 ὑπέσχετο
778 2897 827 2959 καὶ
843 2895 1034 2961 κατένευσεν.
1060 2923 1110 2974 ¹335

167 3001 194 3064 εἰ
210 2999 235 3062 δ’
250 2999 305 3080 άγε
321 3024 368 3062 τοι
384 3000 434 3062 καὶ
450 2998 560 3079 δένδρε’
577 2997 748 3080 ἐϋκτιμένην
764 2998 828 3062 κατ’
844 2999 947 3079 ἀλωῆν

165 3104 249 3182 εἴπω,
265 3103 284 3166 ά
299 3103 351 3185 μοι’
364 3102 431 3166 ποτ’
448 3103 569 3178 ἔδωκας,
586 3103 645 3184 ἐγὼ
660 3101 687 3164 δ’
701 3101 793 3189 ᾔτεόν
806 3128 845 3166 σε
860 3103 974 3167 ἔκαστο
1069 3155 1071 3162 ,

164 3206 287 3273 παιδνὸς
303 3207 369 3284 ἐόν,
386 3205 461 3270 κατὰ
476 3209 573 3284 κῆπον
587 3208 801 3288 ἐπισπόμενος·
825 3211 873 3271 διὰ
888 3205 914 3271 δ’
929 3209 1026 3272 αὐτῶν
1109 3249 1111 3258 ,

165 3312 353 3388 ἱκνεύμεσθα,
370 3309 409 3373 σὺ
424 3310 449 3375 δ’
465 3309 624 3390 ὧνόμασας
639 3307 687 3374 καὶ
704 3312 802 3376 ἔειπες
818 3312 941 3375 ἕκαστα,
1050 3317 1056 3372 ,ζ
1099 3312 1112 3357 ’·

165 3416 278 3498 ὄγχνας
296 3439 348 3493 μοι
363 3419 459 3479 δῶκας
473 3415 665 3496 τρισκαίδεκα
681 3411 728 3478 καὶ
745 3415 817 3479 δέκα
831 3417 958 3494 μηλέας,
999 3446 1002 3454 ’
1047 3443 1113 3494 ,ηηο

166 3516 273 3582 συκέας
289 3516 517 3599 τεσσαράκοντ’·
541 3519 650 3599 ὄρχους
666 3517 701 3582 δέ
717 3543 769 3598 μοι
785 3518 835 3582 ὧδ’
847 3519 995 3600 ὀνόμηνας
1037 3573 1039 3580 ,
1109 3537 1112 3548 ’

166 3621 275 3686 δύσειν
290 3619 486 3699 πεντῆκοντα,
501 3621 669 3704 διατρύγιος
685 3625 718 3686 δὲ
734 3623 862 3690 ἔκαστος

164 3723 231 3806 ἤην·
255 3725 329 3790 ἔνθα
344 3723 369 3788 δ’
387 3723 444 3788 ἀνὰ
460 3727 615 3808 σταφυλαὶ
631 3730 769 3808 παντοῖαι
784 3727 882 3808 ἔασιν,

592 3844 617 3895 ο
632 3848 689 3913 g2
