2848 4296
532 314 582 360 21.
608 299 779 358 ιΛιΑΔοΣ
803 300 840 358 ο.
1093 317 1157 377 429

210 466 319 550 τεύχεά
333 463 361 528 τ’
377 464 594 548 ἆμφαράβησε·
617 465 757 550 γέλασσε
772 469 806 532 δέ
836 470 968 536 Παλλὰς
982 467 1107 548 Ἀθήνη,

212 570 262 633 καί
276 573 304 632 οἱ
321 568 509 650 ἐπευχομένη
525 570 601 633 ἐπεα
615 571 780 650 πτερόεντα
795 571 961 654 προσηύδα·

210 681 228 708 “
240 672 366 752 νηπύτι’,
384 670 453 736 οὐδέ
468 673 503 738 νύ
518 673 564 736 πώ
580 699 636 754 περ
652 672 817 755 ἐπεφράσω
834 675 932 738 ὅσσον
947 676 1056 755 ἆρείων
1113 703 1163 750 4¹0

212 776 313 859 εὔχομ’
331 777 409 859 ἐγών
425 776 537 855 ἔμεναι,
555 777 601 839 ότι
615 802 668 855 μοι
682 776 773 856 μένας
789 779 984 859 ἰσοφαρίζεις.

212 883 287 943 οὕτω
305 906 356 945 κεν
371 881 422 956 τῆς
436 885 546 961 μητρὸς
562 880 679 961 ἐρινύας
695 878 893 958 ἐξαποτίνοις,

212 983 232 1061 ἥ
248 1007 293 1046 τοι
308 982 446 1066 χωομένη
463 985 539 1046 κοκδ
553 982 688 1062 μήδεται,
703 981 799 1050 οὕνεκ’
815 983 960 1068 Ἀχαιοὺς

213 1087 368 1163 κάλλιπες,
385 1087 476 1168 αὐτὰρ
491 1088 613 1169 Τρωσὶν
627 1087 865 1170 ὑπερφιάλοισιν
883 1087 1032 1168 άμύνεις.”

250 1189 312 1256 Ὣς
327 1191 384 1271 ἄρα
399 1189 572 1271 φωνήσασα
587 1189 681 1256 πάλιν
696 1190 804 1273 τρέπεν
818 1193 897 1256 ὄσσε
912 1193 1038 1272 φαεινώ·
1113 1219 1162 1268 4¹5

213 1300 265 1357 τὸν
280 1293 304 1357 δ’
322 1293 377 1376 άγε
392 1293 494 1377 χειρὸς
510 1298 626 1358 ἑλοῦσα
645 1301 719 1361 Διὸς
734 1293 866 1378 θυγάτηρ
880 1295 1046 1377 Ἀφροδίτη

213 1395 309 1459 πυκνά
323 1396 407 1475 μάλα
423 1397 618 1480 στενάχοντα·
642 1398 730 1480 μόγις
745 1401 771 1462 δ’
788 1400 963 1480 ἐσαγείρετο
978 1399 1081 1479 θυμόν.

214 1498 269 1577 τὴν
287 1496 313 1562 δ’
328 1499 367 1566 ὣς
383 1500 436 1564 οὖν
451 1501 561 1578 ἐνόησε
578 1504 632 1565 θεδ
647 1503 833 1568 λευκώλενος
845 1501 937 1583 Ἥρη,

213 1599 305 1665 αὐτίκ’
322 1601 488 1682 Ἀθηναίην
503 1605 578 1668 ἔπεα
594 1605 758 1686 πτερόεντα
772 1606 938 1687 προσηύδα·

215 1704 266 1768 “cb
282 1707 383 1782 πόποι,
400 1708 552 1791 αἰγιόχοιο
568 1713 642 1773 Διὸς
657 1707 752 1784 τέκος,
770 1706 948 1790 Ἀτρυτώνη,
1113 1735 1164 1782 420

214 1810 262 1873 καὶ
277 1809 313 1888 δὴ
330 1807 395 1874 οὗθ’
411 1810 429 1888 ή
447 1811 591 1890 κυνάμυια
608 1809 675 1892 ἄγει
689 1818 894 1893 βροτολοιγὸν
906 1811 1006 1893 Ἀρηα

213 1911 297 1991 δηίου
313 1915 346 1976 ἐκ
362 1913 508 1993 πολέμοιο
525 1917 600 1977 κατδ
617 1915 736 1980 κλόνον·
757 1916 840 1979 ἀλλὰ
853 1911 1012 1995 μέτελθε.”

252 2015 312 2083 ’Ὣς
327 2014 409 2098 φάτ’,
431 2015 574 2096 Ἀθηναίη
590 2021 624 2082 δὲ
638 2017 817 2098 μετέσσυτο,
834 2023 922 2101 χοῖρε
938 2021 971 2082 δὲ
990 2019 1083 2103 θυμῷ,

215 2121 265 2182 καί
276 2118 303 2200 ῤ’
320 2119 514 2201 ἐπιεισαμένη
532 2121 606 2204 πρὸς
621 2120 737 2200 στήθεα
751 2122 830 2204 χειρὶ
848 2123 960 2208 παχείῃ

213 2220 320 2299 ἤλασε·
343 2227 394 2301 τῆς
410 2224 437 2287 δ’
454 2225 545 2288 αὐτοῦ
559 2226 632 2288 λύτο
648 2225 779 2308 γούνατα
794 2225 844 2289 καὶ
860 2229 954 2305 φίλον
971 2224 1052 2306 ἦτορ.
1113 2251 1162 2300 4²5

214 2328 253 2389 τὼ
269 2327 325 2405 μὲν
339 2325 387 2408 ἄρ’
406 2327 496 2409 ἄμφω
513 2334 611 2394 κεῖντο
626 2330 677 2394 ἐπὶ
693 2330 780 2412 χθονὶ
801 2330 1034 2415 πουλυβοτείρῃ,

214 2429 232 2508 ἡ
248 2430 273 2493 δ’
291 2429 336 2511 ἄρ’
352 2432 539 2515 ἐπευχομένη
556 2434 631 2497 ἐπεα
648 2432 799 2514 πτερόεντ’
817 2434 953 2516 ἀγόρευε·

214 2539 230 2566 “
239 2540 368 2599 τοιοῦτοι
386 2540 438 2600 νῦν
454 2535 572 2612 πάντες,
590 2539 659 2600 ὅσοι
673 2538 835 2620 Τρώεσσιν
852 2538 974 2620 ἀρωγοί,

215 2639 283 2715 εἶεν,
300 2638 344 2702 ὅτ’
359 2637 527 2723 Ἀργείοισι
542 2641 691 2725 μαχοίατο
707 2642 906 2727 θωρηκτῇσιν,

215 2742 272 2806 ὧδέ
290 2768 324 2807 τε
339 2742 504 2824 θαρσαλέοι
520 2745 569 2807 καὶ
590 2741 747 2822 τλήμονες,
761 2745 800 2811 ὥς
815 2741 980 2825 Ἀφροδίτη
1114 2771 1164 2820 430

215 2844 307 2925 ἦλθεν
320 2846 396 2933 'App
412 2849 569 2929 ἐπίκουρος
585 2848 644 2932 ἐμῷ
660 2847 743 2927 μένει
759 2848 922 2912 ἀντιόωσα·

214 2952 255 3034 τῷ
271 2975 322 3014 κεν
336 2951 372 3030 δή
389 2949 485 3015 πάλαι
501 2951 597 3030 άμμες
613 2950 810 3031 ἐπαυσάμεθα
825 2949 1001 3030 πτολέμοιο,

216 3049 309 3118 Ἰλίαν
323 3051 524 3134 ἐκπέρσαντες
540 3056 715 3134 ἐϋκτίμενον
730 3052 937 3135 πτολίεθρον.”

251 3155 314 3222 Ὣς
328 3156 418 3238 φάτο,
433 3159 578 3237 μείδησεν
594 3161 627 3221 δὲ
644 3157 698 3221 θεὰ
713 3157 899 3222 λευκώλενος
910 3155 1002 3238 Ἥρη·

213 3259 305 3341 αὐτὰρ
318 3260 505 3326 Ἀπόλλωνα
519 3258 660 3342 προσέφη
677 3261 784 3341 κρείων
805 3261 981 3341 ἐνοσίχθων·
1114 3288 1163 3336 435

215 3371 232 3398 “
241 3367 348 3444 Φοῖβε,
363 3365 412 3445 τίη
429 3366 465 3444 δὴ
482 3371 536 3428 νῶϊ
551 3360 732 3443 διέσταμεν;
756 3363 823 3426 οὐδὲ
840 3363 937 3427 ἔοικεν

214 3465 367 3548 ἀρξάντων
382 3466 500 3549 ἑτέρων·
524 3467 559 3534 τδ
573 3469 629 3547 μὲν
646 3469 779 3550 οίσχιον,
795 3469 829 3529 αἴ
843 3466 870 3529 κ’
888 3464 1020 3549 ἀμαχητὶ

213 3573 298 3649 ’ίομεν
312 3572 513 3649 Οὔλυμπόνδε
530 3571 604 3636 Διὸς
619 3567 689 3633 ποτὶ
704 3570 897 3651 χαλκοβατὲς
913 3574 962 3634 δῶ.

215 3673 298 3756 ἄρχε·
322 3672 361 3736 σὺ
376 3673 434 3755 γάρ
450 3677 577 3755 γενεῆφι
592 3674 743 3753 νεώτερος·
768 3673 874 3755 οὐγὰρ
892 3673 994 3757 ἔμοιγε
