<?xml version="1.0" encoding="UTF-8"?>
<!DOCTYPE html PUBLIC "-//W3C//DTD XHTML 1.0 Transitional//EN"
    "http://www.w3.org/TR/xhtml1/DTD/xhtml1-transitional.dtd">
<html xmlns="http://www.w3.org/1999/xhtml" xml:lang="en" lang="en">
 <head>
  <title>
</title>
<meta http-equiv="Content-Type" content="text/html;charset=utf-8" />
  <meta name='ocr-system' content='tesseract 3.04.00' />
  <meta name='ocr-capabilities' content='ocr_page ocr_carea ocr_par ocr_line ocrx_word'/>
</head>
<body>
  <div class='ocr_page' id='page_1' title='image "./homerioperaetre00homegoog_0916.png"; bbox 0 0 2758 4228; ppageno 0'>
   <div class='ocr_carea' id='block_1_1' title="bbox 491 299 1130 422">
    <p class='ocr_par' dir='ltr' id='par_1_1' title="bbox 491 299 1130 422">
     <span class='ocr_line' id='line_1_1' title="bbox 491 299 1130 422; baseline 0 -22"><span class='ocrx_word' id='word_1_1' title='bbox 491 343 559 400; x_wconf 73' lang='grc' dir='ltr'>αις</span> <span class='ocrx_word' id='word_1_2' title='bbox 583 299 830 402; x_wconf 73' lang='grc' dir='ltr'>Δυυειτςκα.</span> <span class='ocrx_word' id='word_1_3' title='bbox 1070 357 1130 422; x_wconf 87' lang='lat'>911</span> 
     </span>
    </p>
   </div>
   <div class='ocr_carea' id='block_1_2' title="bbox 181 507 1010 2767">
    <p class='ocr_par' dir='ltr' id='par_1_2' title="bbox 186 507 992 903">
     <span class='ocr_line' id='line_1_2' title="bbox 186 507 967 593; baseline 0 -21"><span class='ocrx_word' id='word_1_4' title='bbox 186 515 280 574; x_wconf 82' lang='grc' dir='ltr'>καλὸν</span> <span class='ocrx_word' id='word_1_5' title='bbox 298 509 413 592; x_wconf 89' lang='grc' dir='ltr'>ἀθυρμα</span> <span class='ocrx_word' id='word_1_6' title='bbox 427 515 549 590; x_wconf 82' lang='grc' dir='ltr'>λαβεῖν·</span> <span class='ocrx_word' id='word_1_7' title='bbox 572 507 648 593; x_wconf 92' lang='grc' dir='ltr'>χάνε</span> <span class='ocrx_word' id='word_1_8' title='bbox 663 510 696 572; x_wconf 84' lang='grc' dir='ltr'>δὲ</span> <span class='ocrx_word' id='word_1_9' title='bbox 711 508 794 592; x_wconf 81' lang='grc' dir='ltr'>χθδν</span> <span class='ocrx_word' id='word_1_10' title='bbox 811 507 967 588; x_wconf 75' lang='grc' dir='ltr'>εὐρυάγυια</span> 
     </span>
     <span class='ocr_line' id='line_1_3' title="bbox 186 609 992 699; baseline 0.002 -25"><span class='ocrx_word' id='word_1_11' title='bbox 186 613 305 677; x_wconf 79' lang='grc' dir='ltr'>Νύσιον</span> <span class='ocrx_word' id='word_1_12' title='bbox 319 611 360 694; x_wconf 81' lang='grc' dir='ltr'>ἀμ</span> <span class='ocrx_word' id='word_1_13' title='bbox 375 614 486 688; x_wconf 89' lang='grc' dir='ltr'>πεδίον,</span> <span class='ocrx_word' id='word_1_14' title='bbox 503 640 538 699; x_wconf 78' lang='grc' dir='ltr'>τη</span> <span class='ocrx_word' id='word_1_15' title='bbox 555 615 683 694; x_wconf 85' lang='grc' dir='ltr'>ὄρουσεν</span> <span class='ocrx_word' id='word_1_16' title='bbox 698 609 777 690; x_wconf 83' lang='grc' dir='ltr'>ἄναξ</span> <span class='ocrx_word' id='word_1_17' title='bbox 789 611 992 694; x_wconf 75' lang='grc' dir='ltr'>Πολυδέγμων</span> 
     </span>
     <span class='ocr_line' id='line_1_4' title="bbox 186 715 923 798; baseline -0.007 -18"><span class='ocrx_word' id='word_1_18' title='bbox 186 719 290 782; x_wconf 84' lang='grc' dir='ltr'>ίπποις</span> <span class='ocrx_word' id='word_1_19' title='bbox 305 715 493 795; x_wconf 80' lang='grc' dir='ltr'>ἀθανάτοισι,</span> <span class='ocrx_word' id='word_1_20' title='bbox 510 719 626 798; x_wconf 87' lang='grc' dir='ltr'>Κρόνου</span> <span class='ocrx_word' id='word_1_21' title='bbox 640 717 836 794; x_wconf 79' lang='grc' dir='ltr'>πολυώνυμος</span> <span class='ocrx_word' id='word_1_22' title='bbox 850 716 923 782; x_wconf 81' lang='grc' dir='ltr'>υἱός.</span> 
     </span>
     <span class='ocr_line' id='line_1_5' title="bbox 186 818 924 903; baseline -0.001 -20"><span class='ocrx_word' id='word_1_23' title='bbox 186 819 320 900; x_wconf 75' lang='grc' dir='ltr'>ἁρπάξας</span> <span class='ocrx_word' id='word_1_24' title='bbox 336 823 361 884; x_wconf 92' lang='grc' dir='ltr'>δ’</span> <span class='ocrx_word' id='word_1_25' title='bbox 377 820 527 886; x_wconf 74' lang='grc' dir='ltr'>ἀέκουσαν</span> <span class='ocrx_word' id='word_1_26' title='bbox 542 821 593 884; x_wconf 81' lang='grc' dir='ltr'>ἐπὶ</span> <span class='ocrx_word' id='word_1_27' title='bbox 609 818 786 903; x_wconf 83' lang='grc' dir='ltr'>χρυσέοισιν</span> <span class='ocrx_word' id='word_1_28' title='bbox 802 819 924 900; x_wconf 84' lang='grc' dir='ltr'>ὄχοισιν</span> 
     </span>
    </p>

    <p class='ocr_par' dir='ltr' id='par_1_3' title="bbox 184 921 985 1317">
     <span class='ocr_line' id='line_1_6' title="bbox 185 921 962 1007; baseline 0.005 -23"><span class='ocrx_word' id='word_1_29' title='bbox 185 921 233 1005; x_wconf 80' lang='grc' dir='ltr'>ἥγ’</span> <span class='ocrx_word' id='word_1_30' title='bbox 248 923 486 1004; x_wconf 77' lang='grc' dir='ltr'>ὀλοφυρομένην·</span> <span class='ocrx_word' id='word_1_31' title='bbox 511 923 621 1007; x_wconf 84' lang='grc' dir='ltr'>ίάχησε</span> <span class='ocrx_word' id='word_1_32' title='bbox 635 923 661 988; x_wconf 90' lang='grc' dir='ltr'>δ’</span> <span class='ocrx_word' id='word_1_33' title='bbox 676 922 721 1002; x_wconf 83' lang='grc' dir='ltr'>ἀρ’</span> <span class='ocrx_word' id='word_1_34' title='bbox 738 923 824 1002; x_wconf 86' lang='grc' dir='ltr'>ὄρθια</span> <span class='ocrx_word' id='word_1_35' title='bbox 839 923 936 1007; x_wconf 77' lang='grc' dir='ltr'>φωνῇ,</span> <span class='ocrx_word' id='word_1_36' title='bbox 959 981 962 988; x_wconf 95' lang='grc'><em>.</em></span> 
     </span>
     <span class='ocr_line' id='line_1_7' title="bbox 186 1024 985 1108; baseline 0 -20"><span class='ocrx_word' id='word_1_37' title='bbox 186 1026 349 1108; x_wconf 80' lang='grc' dir='ltr'>κεκλομένη</span> <span class='ocrx_word' id='word_1_38' title='bbox 366 1025 480 1108; x_wconf 90' lang='grc' dir='ltr'>πατέρα</span> <span class='ocrx_word' id='word_1_39' title='bbox 495 1029 643 1108; x_wconf 76' lang='grc' dir='ltr'>Κρονίδην</span> <span class='ocrx_word' id='word_1_40' title='bbox 657 1027 771 1090; x_wconf 82' lang='grc' dir='ltr'>ὕπατον</span> <span class='ocrx_word' id='word_1_41' title='bbox 787 1024 836 1089; x_wconf 81' lang='grc' dir='ltr'>καὶ</span> <span class='ocrx_word' id='word_1_42' title='bbox 851 1025 985 1106; x_wconf 86' lang='grc' dir='ltr'>άριοτον.</span> 
     </span>
     <span class='ocr_line' id='line_1_8' title="bbox 185 1129 880 1210; baseline -0.003 -16"><span class='ocrx_word' id='word_1_43' title='bbox 185 1129 253 1194; x_wconf 81' lang='grc' dir='ltr'>οάδέ</span> <span class='ocrx_word' id='word_1_44' title='bbox 267 1154 313 1196; x_wconf 89' lang='grc' dir='ltr'>τις</span> <span class='ocrx_word' id='word_1_45' title='bbox 328 1130 486 1196; x_wconf 79' lang='grc' dir='ltr'>ἀθανάτων</span> <span class='ocrx_word' id='word_1_46' title='bbox 499 1132 568 1196; x_wconf 74' lang='grc' dir='ltr'>οὐδὲ</span> <span class='ocrx_word' id='word_1_47' title='bbox 585 1136 700 1208; x_wconf 79' lang='grc' dir='ltr'>θνητῶν</span> <span class='ocrx_word' id='word_1_48' title='bbox 715 1129 880 1210; x_wconf 75' lang='grc' dir='ltr'>ἀνθρώπων</span> 
     </span>
     <span class='ocr_line' id='line_1_9' title="bbox 184 1233 868 1317; baseline -0.001 -21"><span class='ocrx_word' id='word_1_49' title='bbox 184 1233 314 1312; x_wconf 86' lang='grc' dir='ltr'>ἤκουσεν</span> <span class='ocrx_word' id='word_1_50' title='bbox 329 1237 441 1315; x_wconf 76' lang='grc' dir='ltr'>φωνῆς,</span> <span class='ocrx_word' id='word_1_51' title='bbox 457 1235 518 1299; x_wconf 78' lang='grc' dir='ltr'>οὔδ’</span> <span class='ocrx_word' id='word_1_52' title='bbox 534 1235 741 1317; x_wconf 88' lang='grc' dir='ltr'>ἀγλαόκαρποι</span> <span class='ocrx_word' id='word_1_53' title='bbox 759 1235 868 1297; x_wconf 86' lang='grc' dir='ltr'>ἐλαῖαι·</span> 
     </span>
    </p>

    <p class='ocr_par' dir='ltr' id='par_1_4' title="bbox 185 1335 880 1420">
     <span class='ocr_line' id='line_1_10' title="bbox 185 1335 880 1420; baseline -0.003 -20"><span class='ocrx_word' id='word_1_54' title='bbox 185 1339 213 1400; x_wconf 87' lang='grc' dir='ltr'>εί</span> <span class='ocrx_word' id='word_1_55' title='bbox 222 1337 262 1415; x_wconf 79' lang='grc' dir='ltr'>μὴ</span> <span class='ocrx_word' id='word_1_56' title='bbox 279 1338 432 1418; x_wconf 82' lang='grc' dir='ltr'>Περσαίου</span> <span class='ocrx_word' id='word_1_57' title='bbox 450 1339 580 1420; x_wconf 81' lang='grc' dir='ltr'>θυγάτηρ</span> <span class='ocrx_word' id='word_1_58' title='bbox 596 1339 694 1402; x_wconf 86' lang='grc' dir='ltr'>ἀταλά</span> <span class='ocrx_word' id='word_1_59' title='bbox 709 1335 880 1417; x_wconf 88' lang='grc' dir='ltr'>φρονέουσα</span> 
     </span>
    </p>

    <p class='ocr_par' dir='ltr' id='par_1_5' title="bbox 184 1438 850 1523">
     <span class='ocr_line' id='line_1_11' title="bbox 184 1438 850 1523; baseline 0.005 -20"><span class='ocrx_word' id='word_1_60' title='bbox 184 1438 249 1504; x_wconf 80' lang='grc' dir='ltr'>άίεν</span> <span class='ocrx_word' id='word_1_61' title='bbox 264 1439 301 1520; x_wconf 82' lang='grc' dir='ltr'>ἐξ</span> <span class='ocrx_word' id='word_1_62' title='bbox 313 1441 427 1522; x_wconf 88' lang='grc' dir='ltr'>άυτρου,</span> <span class='ocrx_word' id='word_1_63' title='bbox 442 1440 553 1521; x_wconf 86' lang='grc' dir='ltr'>Ἑκάτη</span> <span class='ocrx_word' id='word_1_64' title='bbox 568 1439 850 1523; x_wconf 79' lang='grc' dir='ltr'>λιπαροκρήδεμνος,</span> 
     </span>
    </p>

    <p class='ocr_par' dir='ltr' id='par_1_6' title="bbox 184 1542 864 1627">
     <span class='ocr_line' id='line_1_12' title="bbox 184 1542 864 1627; baseline 0.009 -23"><span class='ocrx_word' id='word_1_65' title='bbox 184 1543 308 1610; x_wconf 87' lang='grc' dir='ltr'>Ἠέλιός</span> <span class='ocrx_word' id='word_1_66' title='bbox 323 1569 356 1608; x_wconf 90' lang='grc' dir='ltr'>τε</span> <span class='ocrx_word' id='word_1_67' title='bbox 371 1543 456 1625; x_wconf 82' lang='grc' dir='ltr'>άναξ,</span> <span class='ocrx_word' id='word_1_68' title='bbox 471 1542 646 1627; x_wconf 71' lang='grc' dir='ltr'>Ὑπερίονος</span> <span class='ocrx_word' id='word_1_69' title='bbox 663 1546 776 1624; x_wconf 82' lang='grc' dir='ltr'>ἀγλαὸς</span> <span class='ocrx_word' id='word_1_70' title='bbox 789 1544 864 1622; x_wconf 74' lang='grc' dir='ltr'>υἱός,</span> 
     </span>
    </p>

    <p class='ocr_par' dir='ltr' id='par_1_7' title="bbox 183 1647 1002 1938">
     <span class='ocr_line' id='line_1_13' title="bbox 185 1647 1002 1732; baseline 0.005 -22"><span class='ocrx_word' id='word_1_71' title='bbox 185 1649 290 1730; x_wconf 77' lang='grc' dir='ltr'>κούρης</span> <span class='ocrx_word' id='word_1_72' title='bbox 307 1648 486 1730; x_wconf 88' lang='grc' dir='ltr'>κεκλομένης</span> <span class='ocrx_word' id='word_1_73' title='bbox 500 1651 614 1731; x_wconf 87' lang='grc' dir='ltr'>πατέρα</span> <span class='ocrx_word' id='word_1_74' title='bbox 629 1651 786 1732; x_wconf 89' lang='grc' dir='ltr'>Κρονίδην·</span> <span class='ocrx_word' id='word_1_75' title='bbox 809 1649 826 1710; x_wconf 87' lang='grc' dir='ltr'>ὁ</span> <span class='ocrx_word' id='word_1_76' title='bbox 841 1649 874 1710; x_wconf 77' lang='grc' dir='ltr'>δὲ</span> <span class='ocrx_word' id='word_1_77' title='bbox 889 1647 1002 1727; x_wconf 82' lang='grc' dir='ltr'>νόσφιν</span> 
     </span>
     <span class='ocr_line' id='line_1_14' title="bbox 183 1751 878 1836; baseline 0.001 -23"><span class='ocrx_word' id='word_1_78' title='bbox 183 1751 261 1830; x_wconf 87' lang='grc' dir='ltr'>ἤστο</span> <span class='ocrx_word' id='word_1_79' title='bbox 276 1757 352 1816; x_wconf 81' lang='grc' dir='ltr'>θεῶν</span> <span class='ocrx_word' id='word_1_80' title='bbox 367 1752 517 1818; x_wconf 85' lang='grc' dir='ltr'>ἀπάνευθε</span> <span class='ocrx_word' id='word_1_81' title='bbox 531 1754 728 1836; x_wconf 80' lang='grc' dir='ltr'>πολυλλίστῳ</span> <span class='ocrx_word' id='word_1_82' title='bbox 744 1753 789 1817; x_wconf 84' lang='grc' dir='ltr'>ἐνὶ</span> <span class='ocrx_word' id='word_1_83' title='bbox 805 1753 878 1835; x_wconf 69' lang='grc' dir='ltr'>νηῷ,</span> 
     </span>
     <span class='ocr_line' id='line_1_15' title="bbox 184 1853 917 1938; baseline -0.001 -20"><span class='ocrx_word' id='word_1_84' title='bbox 184 1853 326 1938; x_wconf 83' lang='grc' dir='ltr'>δέγμενος</span> <span class='ocrx_word' id='word_1_85' title='bbox 343 1855 407 1937; x_wconf 86' lang='grc' dir='ltr'>ίερά</span> <span class='ocrx_word' id='word_1_86' title='bbox 424 1860 501 1922; x_wconf 80' lang='grc' dir='ltr'>καλὰ</span> <span class='ocrx_word' id='word_1_87' title='bbox 516 1860 597 1937; x_wconf 77' lang='grc' dir='ltr'>παρὰ</span> <span class='ocrx_word' id='word_1_88' title='bbox 611 1861 728 1936; x_wconf 81' lang='grc' dir='ltr'>θνητῶν</span> <span class='ocrx_word' id='word_1_89' title='bbox 744 1855 917 1933; x_wconf 84' lang='grc' dir='ltr'>ἀυθρόπων.</span> 
     </span>
    </p>

    <p class='ocr_par' dir='ltr' id='par_1_8' title="bbox 181 1958 984 2662">
     <span class='ocr_line' id='line_1_16' title="bbox 184 1958 846 2044; baseline -0.003 -22"><span class='ocrx_word' id='word_1_90' title='bbox 184 1959 239 2038; x_wconf 78' lang='grc' dir='ltr'>τὴν</span> <span class='ocrx_word' id='word_1_91' title='bbox 253 1958 279 2022; x_wconf 91' lang='grc' dir='ltr'>δ’</span> <span class='ocrx_word' id='word_1_92' title='bbox 295 1959 496 2038; x_wconf 80' lang='grc' dir='ltr'>ἀεκαζομένην</span> <span class='ocrx_word' id='word_1_93' title='bbox 511 1959 584 2042; x_wconf 84' lang='grc' dir='ltr'>ἤγεν</span> <span class='ocrx_word' id='word_1_94' title='bbox 601 1961 675 2025; x_wconf 91' lang='grc' dir='ltr'>Διὸς</span> <span class='ocrx_word' id='word_1_95' title='bbox 690 1960 846 2044; x_wconf 75' lang='grc' dir='ltr'>ἐννεσίῃσι</span> 
     </span>
     <span class='ocr_line' id='line_1_17' title="bbox 183 2059 946 2145; baseline -0.004 -19"><span class='ocrx_word' id='word_1_96' title='bbox 183 2064 469 2145; x_wconf 89' lang='grc' dir='ltr'>πατροκασίγνητος,</span> <span class='ocrx_word' id='word_1_97' title='bbox 484 2061 725 2144; x_wconf 87' lang='grc' dir='ltr'>πολυσημάντωρ</span> <span class='ocrx_word' id='word_1_98' title='bbox 740 2059 946 2141; x_wconf 90' lang='grc' dir='ltr'>πολυδέγμων,</span> 
     </span>
     <span class='ocr_line' id='line_1_18' title="bbox 183 2165 920 2247; baseline -0.004 -18"><span class='ocrx_word' id='word_1_99' title='bbox 183 2171 287 2232; x_wconf 79' lang='grc' dir='ltr'>ἵπποις</span> <span class='ocrx_word' id='word_1_100' title='bbox 304 2165 490 2245; x_wconf 80' lang='grc' dir='ltr'>ἀθανάτοισι,</span> <span class='ocrx_word' id='word_1_101' title='bbox 506 2167 623 2247; x_wconf 91' lang='grc' dir='ltr'>Κρόνου</span> <span class='ocrx_word' id='word_1_102' title='bbox 636 2166 830 2244; x_wconf 75' lang='grc' dir='ltr'>πολυώνυμος</span> <span class='ocrx_word' id='word_1_103' title='bbox 845 2165 920 2230; x_wconf 78' lang='grc' dir='ltr'>υἱός.</span> 
     </span>
     <span class='ocr_line' id='line_1_19' title="bbox 183 2268 953 2352; baseline 0 -20"><span class='ocrx_word' id='word_1_104' title='bbox 183 2272 264 2351; x_wconf 89' lang='grc' dir='ltr'>όφρα</span> <span class='ocrx_word' id='word_1_105' title='bbox 278 2271 334 2350; x_wconf 78' lang='grc' dir='ltr'>μὲν</span> <span class='ocrx_word' id='word_1_106' title='bbox 348 2270 401 2332; x_wconf 77' lang='grc' dir='ltr'>οὖν</span> <span class='ocrx_word' id='word_1_107' title='bbox 415 2269 504 2352; x_wconf 83' lang='grc' dir='ltr'>γαῖάν</span> <span class='ocrx_word' id='word_1_108' title='bbox 518 2296 554 2334; x_wconf 95' lang='grc' dir='ltr'>τε</span> <span class='ocrx_word' id='word_1_109' title='bbox 570 2271 617 2334; x_wconf 85' lang='grc' dir='ltr'>καὶ</span> <span class='ocrx_word' id='word_1_110' title='bbox 632 2269 759 2350; x_wconf 78' lang='grc' dir='ltr'>οὐρανὸν</span> <span class='ocrx_word' id='word_1_111' title='bbox 773 2268 953 2349; x_wconf 83' lang='grc' dir='ltr'>ἀστερόεντα</span> 
     </span>
     <span class='ocr_line' id='line_1_20' title="bbox 181 2371 902 2457; baseline 0 -23"><span class='ocrx_word' id='word_1_112' title='bbox 181 2379 299 2437; x_wconf 81' lang='grc' dir='ltr'>λεῦσσε</span> <span class='ocrx_word' id='word_1_113' title='bbox 314 2372 367 2437; x_wconf 82' lang='grc' dir='ltr'>θεά</span> <span class='ocrx_word' id='word_1_114' title='bbox 379 2371 428 2438; x_wconf 80' lang='grc' dir='ltr'>καὶ</span> <span class='ocrx_word' id='word_1_115' title='bbox 443 2375 555 2439; x_wconf 83' lang='grc' dir='ltr'>πόντον</span> <span class='ocrx_word' id='word_1_116' title='bbox 570 2373 719 2456; x_wconf 85' lang='grc' dir='ltr'>ἀγάρροον</span> <span class='ocrx_word' id='word_1_117' title='bbox 733 2373 902 2457; x_wconf 76' lang='grc' dir='ltr'>ἰχθυόεντα,</span> 
     </span>
     <span class='ocr_line' id='line_1_21' title="bbox 182 2475 984 2559; baseline 0.006 -20"><span class='ocrx_word' id='word_1_118' title='bbox 182 2476 274 2559; x_wconf 79' lang='grc' dir='ltr'>αὐγάς</span> <span class='ocrx_word' id='word_1_119' title='bbox 289 2478 314 2540; x_wconf 87' lang='grc' dir='ltr'>τ’</span> <span class='ocrx_word' id='word_1_120' title='bbox 328 2477 442 2557; x_wconf 90' lang='grc' dir='ltr'>ήελίον,</span> <span class='ocrx_word' id='word_1_121' title='bbox 457 2478 503 2542; x_wconf 84' lang='grc' dir='ltr'>ἔτι</span> <span class='ocrx_word' id='word_1_122' title='bbox 519 2477 546 2541; x_wconf 87' lang='grc' dir='ltr'>δ’</span> <span class='ocrx_word' id='word_1_123' title='bbox 560 2475 674 2556; x_wconf 82' lang='grc' dir='ltr'>ἤλπετο</span> <span class='ocrx_word' id='word_1_124' title='bbox 689 2478 801 2558; x_wconf 84' lang='grc' dir='ltr'>μητέρα</span> <span class='ocrx_word' id='word_1_125' title='bbox 816 2475 922 2554; x_wconf 79' lang='grc' dir='ltr'>κεδνήν</span> <span class='ocrx_word' id='word_1_126' title='bbox 980 2535 984 2544; x_wconf 94' lang='grc'><em>.</em></span> 
     </span>
     <span class='ocr_line' id='line_1_22' title="bbox 183 2580 807 2662; baseline 0.002 -19"><span class='ocrx_word' id='word_1_127' title='bbox 183 2582 317 2661; x_wconf 80' lang='grc' dir='ltr'>ὄψεσθαι</span> <span class='ocrx_word' id='word_1_128' title='bbox 332 2581 379 2644; x_wconf 77' lang='grc' dir='ltr'>καί</span> <span class='ocrx_word' id='word_1_129' title='bbox 395 2586 479 2662; x_wconf 89' lang='grc' dir='ltr'>φῦλα</span> <span class='ocrx_word' id='word_1_130' title='bbox 495 2586 572 2644; x_wconf 72' lang='grc' dir='ltr'>θεῶν</span> <span class='ocrx_word' id='word_1_131' title='bbox 587 2580 807 2658; x_wconf 87' lang='grc' dir='ltr'>αίειγενετάων,</span> 
     </span>
    </p>

    <p class='ocr_par' dir='ltr' id='par_1_9' title="bbox 181 2680 1010 2767">
     <span class='ocr_line' id='line_1_23' title="bbox 181 2680 1010 2767; baseline 0.001 -21"><span class='ocrx_word' id='word_1_132' title='bbox 181 2685 281 2765; x_wconf 86' lang='grc' dir='ltr'>τόφρα</span> <span class='ocrx_word' id='word_1_133' title='bbox 296 2687 326 2748; x_wconf 77' lang='grc' dir='ltr'>οἱ</span> <span class='ocrx_word' id='word_1_134' title='bbox 342 2681 429 2750; x_wconf 78' lang='grc' dir='ltr'>ἐλπίς</span> <span class='ocrx_word' id='word_1_135' title='bbox 443 2685 551 2767; x_wconf 80' lang='grc' dir='ltr'>ἔθελγε</span> <span class='ocrx_word' id='word_1_136' title='bbox 563 2683 660 2766; x_wconf 88' lang='grc' dir='ltr'>μέγαν</span> <span class='ocrx_word' id='word_1_137' title='bbox 674 2684 746 2749; x_wconf 90' lang='grc' dir='ltr'>νόον</span> <span class='ocrx_word' id='word_1_138' title='bbox 761 2680 930 2767; x_wconf 90' lang='grc' dir='ltr'>ἀχνυμένης</span> <span class='ocrx_word' id='word_1_139' title='bbox 945 2704 1010 2764; x_wconf 90' lang='grc' dir='ltr'>περ·</span> 
     </span>
    </p>
   </div>
   <div class='ocr_carea' id='block_1_3' title="bbox 179 2888 1128 3600">
    <p class='ocr_par' dir='ltr' id='par_1_10' title="bbox 181 2888 914 2976">
     <span class='ocr_line' id='line_1_24' title="bbox 181 2888 914 2976; baseline -0.001 -21"><span class='ocrx_word' id='word_1_140' title='bbox 181 2890 301 2976; x_wconf 87' lang='grc' dir='ltr'>ἤχησαν</span> <span class='ocrx_word' id='word_1_141' title='bbox 316 2890 342 2955; x_wconf 91' lang='grc' dir='ltr'>δ’</span> <span class='ocrx_word' id='word_1_142' title='bbox 358 2891 452 2973; x_wconf 88' lang='grc' dir='ltr'>ἀρέων</span> <span class='ocrx_word' id='word_1_143' title='bbox 466 2888 592 2972; x_wconf 74' lang='grc' dir='ltr'>κορυφαί</span> <span class='ocrx_word' id='word_1_144' title='bbox 609 2893 658 2955; x_wconf 83' lang='grc' dir='ltr'>καὶ</span> <span class='ocrx_word' id='word_1_145' title='bbox 672 2890 788 2970; x_wconf 83' lang='grc' dir='ltr'>βένθεα</span> <span class='ocrx_word' id='word_1_146' title='bbox 802 2891 914 2954; x_wconf 89' lang='grc' dir='ltr'>πόντου</span> 
     </span>
    </p>

    <p class='ocr_par' dir='ltr' id='par_1_11' title="bbox 182 2992 949 3082">
     <span class='ocr_line' id='line_1_25' title="bbox 182 2992 949 3082; baseline 0.001 -25"><span class='ocrx_word' id='word_1_147' title='bbox 182 2997 269 3081; x_wconf 77' lang='grc' dir='ltr'>φωνῇ</span> <span class='ocrx_word' id='word_1_148' title='bbox 283 2995 333 3060; x_wconf 77' lang='grc' dir='ltr'>ἀπ’</span> <span class='ocrx_word' id='word_1_149' title='bbox 347 2993 491 3082; x_wconf 82' lang='grc' dir='ltr'>ἀθανάτῃ,</span> <span class='ocrx_word' id='word_1_150' title='bbox 506 2996 555 3071; x_wconf 79' lang='grc' dir='ltr'>τῆς</span> <span class='ocrx_word' id='word_1_151' title='bbox 572 2994 597 3058; x_wconf 91' lang='grc' dir='ltr'>δ’</span> <span class='ocrx_word' id='word_1_152' title='bbox 615 2995 703 3058; x_wconf 91' lang='grc' dir='ltr'>ἐκλυε</span> <span class='ocrx_word' id='word_1_153' title='bbox 717 2995 826 3058; x_wconf 85' lang='grc' dir='ltr'>πότνια</span> <span class='ocrx_word' id='word_1_154' title='bbox 842 2992 949 3075; x_wconf 85' lang='grc' dir='ltr'>μήτηρ.</span> 
     </span>
    </p>

    <p class='ocr_par' dir='ltr' id='par_1_12' title="bbox 180 3095 1128 3288">
     <span class='ocr_line' id='line_1_26' title="bbox 181 3095 1128 3182; baseline 0 -22"><span class='ocrx_word' id='word_1_155' title='bbox 181 3098 235 3178; x_wconf 79' lang='grc' dir='ltr'>ἀξδ</span> <span class='ocrx_word' id='word_1_156' title='bbox 249 3099 284 3163; x_wconf 87' lang='grc' dir='ltr'>δέ</span> <span class='ocrx_word' id='word_1_157' title='bbox 297 3126 350 3182; x_wconf 90' lang='grc' dir='ltr'>μιν</span> <span class='ocrx_word' id='word_1_158' title='bbox 365 3100 489 3182; x_wconf 88' lang='grc' dir='ltr'>κραδίην</span> <span class='ocrx_word' id='word_1_159' title='bbox 503 3100 579 3182; x_wconf 90' lang='grc' dir='ltr'>άχος</span> <span class='ocrx_word' id='word_1_160' title='bbox 594 3100 741 3178; x_wconf 81' lang='grc' dir='ltr'>ἔλλαβεν,</span> <span class='ocrx_word' id='word_1_161' title='bbox 758 3095 836 3179; x_wconf 78' lang='grc' dir='ltr'>ἀμφὶ</span> <span class='ocrx_word' id='word_1_162' title='bbox 854 3099 887 3160; x_wconf 77' lang='grc' dir='ltr'>δὲ</span> <span class='ocrx_word' id='word_1_163' title='bbox 902 3099 1021 3180; x_wconf 84' lang='grc' dir='ltr'>χαίταις</span> <span class='ocrx_word' id='word_1_164' title='bbox 1094 3127 1128 3176; x_wconf 87' lang='lat'>40</span> 
     </span>
     <span class='ocr_line' id='line_1_27' title="bbox 180 3199 900 3288; baseline 0 -24"><span class='ocrx_word' id='word_1_165' title='bbox 180 3204 363 3283; x_wconf 85' lang='grc' dir='ltr'>ἀμβροσίαις</span> <span class='ocrx_word' id='word_1_166' title='bbox 379 3201 526 3286; x_wconf 87' lang='grc' dir='ltr'>κρήδεμνα</span> <span class='ocrx_word' id='word_1_167' title='bbox 539 3201 658 3280; x_wconf 74' lang='grc' dir='ltr'>δαΐζετο</span> <span class='ocrx_word' id='word_1_168' title='bbox 672 3199 762 3285; x_wconf 81' lang='grc' dir='ltr'>χερσὶ</span> <span class='ocrx_word' id='word_1_169' title='bbox 777 3202 900 3288; x_wconf 82' lang='grc' dir='ltr'>φίλῃσι,</span> 
     </span>
    </p>

    <p class='ocr_par' dir='ltr' id='par_1_13' title="bbox 179 3303 1027 3600">
     <span class='ocr_line' id='line_1_28' title="bbox 182 3303 1014 3386; baseline -0.001 -18"><span class='ocrx_word' id='word_1_170' title='bbox 182 3305 306 3370; x_wconf 90' lang='grc' dir='ltr'>κυάνεον</span> <span class='ocrx_word' id='word_1_171' title='bbox 321 3308 354 3370; x_wconf 79' lang='grc' dir='ltr'>δέ</span> <span class='ocrx_word' id='word_1_172' title='bbox 369 3306 509 3386; x_wconf 89' lang='grc' dir='ltr'>κάλυμμα</span> <span class='ocrx_word' id='word_1_173' title='bbox 524 3305 586 3370; x_wconf 87' lang='grc' dir='ltr'>κοτ’</span> <span class='ocrx_word' id='word_1_174' title='bbox 603 3303 778 3386; x_wconf 85' lang='grc' dir='ltr'>ἀμφοτέρων</span> <span class='ocrx_word' id='word_1_175' title='bbox 792 3303 902 3385; x_wconf 89' lang='grc' dir='ltr'>βάλετ’</span> <span class='ocrx_word' id='word_1_176' title='bbox 917 3305 1014 3385; x_wconf 80' lang='grc' dir='ltr'>ὤμων,</span> 
     </span>
     <span class='ocr_line' id='line_1_29' title="bbox 180 3405 1027 3491; baseline 0.001 -20"><span class='ocrx_word' id='word_1_177' title='bbox 180 3409 290 3472; x_wconf 86' lang='grc' dir='ltr'>σεόατο</span> <span class='ocrx_word' id='word_1_178' title='bbox 305 3408 342 3487; x_wconf 85' lang='grc' dir='ltr'>δ’,</span> <span class='ocrx_word' id='word_1_179' title='bbox 357 3411 397 3476; x_wconf 78' lang='grc' dir='ltr'>ὥς</span> <span class='ocrx_word' id='word_1_180' title='bbox 412 3409 437 3470; x_wconf 89' lang='grc' dir='ltr'>τ’</span> <span class='ocrx_word' id='word_1_181' title='bbox 447 3409 568 3486; x_wconf 82' lang='grc' dir='ltr'>ὀίωνός,</span> <span class='ocrx_word' id='word_1_182' title='bbox 585 3407 636 3474; x_wconf 83' lang='grc' dir='ltr'>ἐπὶ</span> <span class='ocrx_word' id='word_1_183' title='bbox 650 3408 802 3491; x_wconf 82' lang='grc' dir='ltr'>τραφερήν</span> <span class='ocrx_word' id='word_1_184' title='bbox 818 3431 852 3472; x_wconf 86' lang='grc' dir='ltr'>τε</span> <span class='ocrx_word' id='word_1_185' title='bbox 868 3405 917 3472; x_wconf 80' lang='grc' dir='ltr'>καὶ</span> <span class='ocrx_word' id='word_1_186' title='bbox 932 3408 1027 3489; x_wconf 78' lang='grc' dir='ltr'>ὑγρὴν</span> 
     </span>
     <span class='ocr_line' id='line_1_30' title="bbox 179 3510 894 3600; baseline -0.003 -24"><span class='ocrx_word' id='word_1_187' title='bbox 179 3510 335 3592; x_wconf 89' lang='grc' dir='ltr'>μαιομένη·</span> <span class='ocrx_word' id='word_1_188' title='bbox 357 3515 392 3600; x_wconf 72' lang='grc' dir='ltr'>τῇ</span> <span class='ocrx_word' id='word_1_189' title='bbox 407 3512 434 3576; x_wconf 92' lang='grc' dir='ltr'>δ’</span> <span class='ocrx_word' id='word_1_190' title='bbox 449 3513 484 3576; x_wconf 75' lang='grc' dir='ltr'>οὔ</span> <span class='ocrx_word' id='word_1_191' title='bbox 498 3537 544 3579; x_wconf 91' lang='grc' dir='ltr'>τις</span> <span class='ocrx_word' id='word_1_192' title='bbox 559 3511 688 3591; x_wconf 85' lang='grc' dir='ltr'>ἐτήτυμα</span> <span class='ocrx_word' id='word_1_193' title='bbox 701 3512 894 3590; x_wconf 82' lang='grc' dir='ltr'>μυθήσασθαι</span> 
     </span>
    </p>
   </div>
   <div class='ocr_carea' id='block_1_4' title="bbox 181 3625 1128 3797">
    <p class='ocr_par' dir='ltr' id='par_1_14' title="bbox 181 3625 1128 3797">
     <span class='ocr_line' id='line_1_31' title="bbox 214 3625 1128 3732; baseline 0 -16"><span class='ocrx_word' id='word_1_194' title='bbox 214 3670 245 3718; x_wconf 81' lang='grc' dir='ltr'>ι8</span> <span class='ocrx_word' id='word_1_195' title='bbox 261 3667 417 3716; x_wconf 80' lang='grc' dir='ltr'>τολυκλίστω</span> <span class='ocrx_word' id='word_1_196' title='bbox 434 3669 480 3730; x_wconf 87' lang='grc' dir='ltr'>Μ;</span> <span class='ocrx_word' id='word_1_197' title='bbox 498 3669 639 3720; x_wconf 78' lang='lat' dir='ltr'><strong>emendavit</strong></span> <span class='ocrx_word' id='word_1_198' title='bbox 651 3667 781 3717; x_wconf 84' lang='lat' dir='ltr'><strong>Ruhnken.</strong></span> <span class='ocrx_word' id='word_1_199' title='bbox 868 3677 898 3732; x_wconf 74' lang='lat'>3&#39;1&#39;</span> <span class='ocrx_word' id='word_1_200' title='bbox 916 3625 1031 3716; x_wconf 78' lang='grc' dir='ltr'>Ιαευυαάι</span> <span class='ocrx_word' id='word_1_201' title='bbox 1043 3667 1128 3716; x_wconf 76' lang='lat' dir='ltr'><strong>statuit</strong></span> 
     </span>
     <span class='ocr_line' id='line_1_32' title="bbox 181 3746 320 3797; baseline 0.022 -3"><span class='ocrx_word' id='word_1_202' title='bbox 181 3746 320 3797; x_wconf 75' lang='lat' dir='ltr'><strong>Hermann.</strong></span> 
     </span>
    </p>
   </div>
   <div class='ocr_carea' id='block_1_5' title="bbox 0 0 1384 4228">
    <p class='ocr_par' dir='ltr' id='par_1_15' title="bbox 0 0 1384 4228">
     <span class='ocr_line' id='line_1_33' title="bbox 0 0 1384 4228; baseline 0 2"><span class='ocrx_word' id='word_1_203' title='bbox 0 0 1384 4228; x_wconf 95' lang='lat' dir='ltr'> </span> 
     </span>
    </p>
   </div>
  </div>
 </body>
</html>
