<?xml version="1.0" encoding="UTF-8"?>
<!DOCTYPE html PUBLIC "-//W3C//DTD XHTML 1.0 Transitional//EN"
    "http://www.w3.org/TR/xhtml1/DTD/xhtml1-transitional.dtd">
<html xmlns="http://www.w3.org/1999/xhtml" xml:lang="en" lang="en">
 <head>
  <title>
</title>
<meta http-equiv="Content-Type" content="text/html;charset=utf-8" />
  <meta name='ocr-system' content='tesseract 3.04.00' />
  <meta name='ocr-capabilities' content='ocr_page ocr_carea ocr_par ocr_line ocrx_word'/>
</head>
<body>
  <div class='ocr_page' id='page_1' title='image "./homerioperaetre00homegoog_0441.png"; bbox 0 0 2848 4296; ppageno 0'>
   <div class='ocr_carea' id='block_1_1' title="bbox 529 338 1195 416">
    <p class='ocr_par' dir='ltr' id='par_1_1' title="bbox 529 338 1195 416">
     <span class='ocr_line' id='line_1_1' title="bbox 529 338 1195 416; baseline 0.005 -16"><span class='ocrx_word' id='word_1_1' title='bbox 529 351 580 400; x_wconf 75' lang='grc' dir='ltr'>ιι.</span> <span class='ocrx_word' id='word_1_2' title='bbox 605 338 777 398; x_wconf 86' lang='grc' dir='ltr'><strong>ΙΛΙΑΔΟΣ</strong></span> <span class='ocrx_word' id='word_1_3' title='bbox 799 338 837 396; x_wconf 89' lang='grc' dir='ltr'>Φ.</span> <span class='ocrx_word' id='word_1_4' title='bbox 1091 353 1154 416; x_wconf 86' lang='lat'>427</span> <span class='ocrx_word' id='word_1_5' title='bbox 1193 407 1195 412; x_wconf 71' lang='grc'>,</span> 
     </span>
    </p>
   </div>
   <div class='ocr_carea' id='block_1_2' title="bbox 203 503 1154 1000">
    <p class='ocr_par' dir='ltr' id='par_1_2' title="bbox 203 503 1154 794">
     <span class='ocr_line' id='line_1_2' title="bbox 203 503 1154 590; baseline 0.004 -20"><span class='ocrx_word' id='word_1_6' title='bbox 203 506 388 580; x_wconf 83' lang='grc' dir='ltr'>πολλούς,οί</span> <span class='ocrx_word' id='word_1_7' title='bbox 400 507 438 589; x_wconf 91' lang='grc' dir='ltr'>ῥα</span> <span class='ocrx_word' id='word_1_8' title='bbox 454 504 517 569; x_wconf 88' lang='grc' dir='ltr'>κατ’</span> <span class='ocrx_word' id='word_1_9' title='bbox 531 504 621 569; x_wconf 86' lang='grc' dir='ltr'>αύτδν</span> <span class='ocrx_word' id='word_1_10' title='bbox 636 504 705 570; x_wconf 85' lang='grc' dir='ltr'>άλις</span> <span class='ocrx_word' id='word_1_11' title='bbox 722 504 805 577; x_wconf 85' lang='grc' dir='ltr'>ἔσαν,</span> <span class='ocrx_word' id='word_1_12' title='bbox 823 503 873 570; x_wconf 74' lang='grc' dir='ltr'>οὓς</span> <span class='ocrx_word' id='word_1_13' title='bbox 889 504 969 569; x_wconf 92' lang='grc' dir='ltr'>κτάν’</span> <span class='ocrx_word' id='word_1_14' title='bbox 981 503 1154 590; x_wconf 87' lang='grc' dir='ltr'>Ἀχιλλεύς·</span> 
     </span>
     <span class='ocr_line' id='line_1_3' title="bbox 204 605 1154 691; baseline -0.002 -19"><span class='ocrx_word' id='word_1_15' title='bbox 204 614 263 673; x_wconf 79' lang='grc' dir='ltr'>πᾶν</span> <span class='ocrx_word' id='word_1_16' title='bbox 278 608 304 672; x_wconf 87' lang='grc' dir='ltr'>δ’</span> <span class='ocrx_word' id='word_1_17' title='bbox 320 605 467 690; x_wconf 74' lang='grc' dir='ltr'>ἐξηράνθη</span> <span class='ocrx_word' id='word_1_18' title='bbox 484 609 597 685; x_wconf 87' lang='grc' dir='ltr'>πεδίον,</span> <span class='ocrx_word' id='word_1_19' title='bbox 608 607 702 691; x_wconf 91' lang='grc' dir='ltr'>σχέτο</span> <span class='ocrx_word' id='word_1_20' title='bbox 718 606 743 671; x_wconf 87' lang='grc' dir='ltr'>δ’</span> <span class='ocrx_word' id='word_1_21' title='bbox 756 607 874 690; x_wconf 82' lang='grc' dir='ltr'>ἆγλαδν</span> <span class='ocrx_word' id='word_1_22' title='bbox 888 608 974 689; x_wconf 82' lang='grc' dir='ltr'>ὕδωρ.</span> <span class='ocrx_word' id='word_1_23' title='bbox 1106 635 1154 684; x_wconf 85' lang='lat'>345</span> 
     </span>
     <span class='ocr_line' id='line_1_4' title="bbox 204 709 900 794; baseline -0.001 -20"><span class='ocrx_word' id='word_1_24' title='bbox 204 712 242 777; x_wconf 84' lang='grc' dir='ltr'>ὡς</span> <span class='ocrx_word' id='word_1_25' title='bbox 256 712 283 776; x_wconf 90' lang='grc' dir='ltr'>δ’</span> <span class='ocrx_word' id='word_1_26' title='bbox 298 709 342 775; x_wconf 83' lang='grc' dir='ltr'>ὅτ’</span> <span class='ocrx_word' id='word_1_27' title='bbox 358 711 505 794; x_wconf 80' lang='grc' dir='ltr'>ὀπωρινὸς</span> <span class='ocrx_word' id='word_1_28' title='bbox 520 711 632 793; x_wconf 89' lang='grc' dir='ltr'>Βορέης</span> <span class='ocrx_word' id='word_1_29' title='bbox 648 709 781 793; x_wconf 82' lang='grc' dir='ltr'>νεοαρδέ’</span> <span class='ocrx_word' id='word_1_30' title='bbox 796 711 900 791; x_wconf 78' lang='grc' dir='ltr'>άλωὴν</span> 
     </span>
    </p>

    <p class='ocr_par' dir='ltr' id='par_1_3' title="bbox 204 805 924 901">
     <span class='ocr_line' id='line_1_5' title="bbox 204 805 924 901; baseline -0.003 -22"><span class='ocrx_word' id='word_1_31' title='bbox 204 815 270 896; x_wconf 81' lang='grc' dir='ltr'>αἶψ’</span> <span class='ocrx_word' id='word_1_32' title='bbox 288 805 450 901; x_wconf 79' lang='grc' dir='ltr'>ἀγξηράνῃ·</span> <span class='ocrx_word' id='word_1_33' title='bbox 472 815 574 896; x_wconf 82' lang='grc' dir='ltr'>χαίρει</span> <span class='ocrx_word' id='word_1_34' title='bbox 589 813 624 878; x_wconf 94' lang='grc' dir='ltr'>δέ</span> <span class='ocrx_word' id='word_1_35' title='bbox 637 839 690 893; x_wconf 95' lang='grc' dir='ltr'>μιν</span> <span class='ocrx_word' id='word_1_36' title='bbox 705 817 738 880; x_wconf 86' lang='grc' dir='ltr'>ὅς</span> <span class='ocrx_word' id='word_1_37' title='bbox 753 839 799 880; x_wconf 91' lang='grc' dir='ltr'>τις</span> <span class='ocrx_word' id='word_1_38' title='bbox 814 815 924 901; x_wconf 77' lang='grc' dir='ltr'>ἐθείρῃ·</span> 
     </span>
    </p>

    <p class='ocr_par' dir='ltr' id='par_1_4' title="bbox 205 916 941 1000">
     <span class='ocr_line' id='line_1_6' title="bbox 205 916 941 1000; baseline 0.007 -19"><span class='ocrx_word' id='word_1_39' title='bbox 205 919 244 984; x_wconf 77' lang='grc' dir='ltr'>ὣς</span> <span class='ocrx_word' id='word_1_40' title='bbox 259 917 407 1000; x_wconf 76' lang='grc' dir='ltr'>ἐξηράνθη</span> <span class='ocrx_word' id='word_1_41' title='bbox 423 919 528 982; x_wconf 82' lang='grc' dir='ltr'>πεδίον</span> <span class='ocrx_word' id='word_1_42' title='bbox 542 922 612 994; x_wconf 76' lang='grc' dir='ltr'>πᾶν,</span> <span class='ocrx_word' id='word_1_43' title='bbox 630 917 685 982; x_wconf 84' lang='grc' dir='ltr'>κὰδ</span> <span class='ocrx_word' id='word_1_44' title='bbox 702 916 730 982; x_wconf 85' lang='grc' dir='ltr'>δ’</span> <span class='ocrx_word' id='word_1_45' title='bbox 746 918 804 999; x_wconf 87' lang='grc' dir='ltr'>άρα</span> <span class='ocrx_word' id='word_1_46' title='bbox 819 919 941 998; x_wconf 82' lang='grc' dir='ltr'>νεκροὺς</span> 
     </span>
    </p>
   </div>
   <div class='ocr_carea' id='block_1_3' title="bbox 114 1021 1060 1105">
    <p class='ocr_par' dir='ltr' id='par_1_5' title="bbox 114 1021 1060 1105">
     <span class='ocr_line' id='line_1_7' title="bbox 114 1021 1060 1105; baseline 0.005 -20"><span class='ocrx_word' id='word_1_47' title='bbox 114 1023 118 1028; x_wconf 73' lang='grc'>’</span> <span class='ocrx_word' id='word_1_48' title='bbox 205 1027 284 1101; x_wconf 88' lang='grc' dir='ltr'>κῆεν·</span> <span class='ocrx_word' id='word_1_49' title='bbox 308 1024 325 1085; x_wconf 83' lang='grc' dir='ltr'>ά</span> <span class='ocrx_word' id='word_1_50' title='bbox 340 1023 366 1086; x_wconf 92' lang='grc' dir='ltr'>δ’</span> <span class='ocrx_word' id='word_1_51' title='bbox 383 1025 415 1089; x_wconf 81' lang='grc' dir='ltr'>ἔς</span> <span class='ocrx_word' id='word_1_52' title='bbox 430 1027 566 1102; x_wconf 79' lang='grc' dir='ltr'>ποταμὸν</span> <span class='ocrx_word' id='word_1_53' title='bbox 583 1021 679 1104; x_wconf 75' lang='grc' dir='ltr'>τρέφε</span> <span class='ocrx_word' id='word_1_54' title='bbox 696 1023 802 1105; x_wconf 94' lang='grc' dir='ltr'>φλόγα</span> <span class='ocrx_word' id='word_1_55' title='bbox 819 1025 1060 1104; x_wconf 88' lang='grc' dir='ltr'>παμφανόωσαν.</span> 
     </span>
    </p>
   </div>
   <div class='ocr_carea' id='block_1_4' title="bbox 204 1124 1157 3385">
    <p class='ocr_par' dir='ltr' id='par_1_6' title="bbox 206 1124 1155 1207">
     <span class='ocr_line' id='line_1_8' title="bbox 206 1124 1155 1207; baseline -0.001 -18"><span class='ocrx_word' id='word_1_56' title='bbox 206 1128 326 1191; x_wconf 83' lang='grc' dir='ltr'>καίοντο</span> <span class='ocrx_word' id='word_1_57' title='bbox 341 1125 467 1191; x_wconf 85' lang='grc' dir='ltr'>πτελέαι</span> <span class='ocrx_word' id='word_1_58' title='bbox 482 1152 516 1190; x_wconf 92' lang='grc' dir='ltr'>τε</span> <span class='ocrx_word' id='word_1_59' title='bbox 532 1127 582 1191; x_wconf 86' lang='grc' dir='ltr'>καὶ</span> <span class='ocrx_word' id='word_1_60' title='bbox 597 1124 675 1190; x_wconf 85' lang='grc' dir='ltr'>ίτέαι</span> <span class='ocrx_word' id='word_1_61' title='bbox 691 1126 743 1204; x_wconf 76' lang='grc' dir='ltr'>ἠδὲ</span> <span class='ocrx_word' id='word_1_62' title='bbox 757 1131 887 1207; x_wconf 86' lang='grc' dir='ltr'>μυρῖκαι,</span> <span class='ocrx_word' id='word_1_63' title='bbox 1108 1154 1155 1201; x_wconf 78' lang='lat'>350</span> 
     </span>
    </p>

    <p class='ocr_par' dir='ltr' id='par_1_7' title="bbox 205 1228 914 1310">
     <span class='ocr_line' id='line_1_9' title="bbox 205 1228 914 1310; baseline 0.003 -16"><span class='ocrx_word' id='word_1_64' title='bbox 205 1233 304 1295; x_wconf 91' lang='grc' dir='ltr'>καίετο</span> <span class='ocrx_word' id='word_1_65' title='bbox 320 1230 466 1304; x_wconf 69' lang='grc' dir='ltr'>δἐλωτός</span> <span class='ocrx_word' id='word_1_66' title='bbox 480 1255 514 1293; x_wconf 90' lang='grc' dir='ltr'>τε</span> <span class='ocrx_word' id='word_1_67' title='bbox 529 1231 575 1294; x_wconf 81' lang='grc' dir='ltr'>ίδὲ</span> <span class='ocrx_word' id='word_1_68' title='bbox 591 1230 681 1310; x_wconf 88' lang='grc' dir='ltr'>θρύον</span> <span class='ocrx_word' id='word_1_69' title='bbox 696 1229 749 1308; x_wconf 78' lang='grc' dir='ltr'>ἠδὲ</span> <span class='ocrx_word' id='word_1_70' title='bbox 765 1228 914 1310; x_wconf 88' lang='grc' dir='ltr'>κύπειρον,</span> 
     </span>
    </p>

    <p class='ocr_par' dir='ltr' id='par_1_8' title="bbox 204 1323 940 1416">
     <span class='ocr_line' id='line_1_10' title="bbox 204 1323 940 1416; baseline 0 -20"><span class='ocrx_word' id='word_1_71' title='bbox 204 1337 241 1397; x_wconf 84' lang='grc' dir='ltr'>τδ</span> <span class='ocrx_word' id='word_1_72' title='bbox 256 1335 324 1416; x_wconf 91' lang='grc' dir='ltr'>περὶ</span> <span class='ocrx_word' id='word_1_73' title='bbox 340 1323 419 1397; x_wconf 84' lang='grc' dir='ltr'>καλὰ</span> <span class='ocrx_word' id='word_1_74' title='bbox 432 1332 541 1416; x_wconf 83' lang='grc' dir='ltr'>ῥέεθρα</span> <span class='ocrx_word' id='word_1_75' title='bbox 557 1332 626 1399; x_wconf 84' lang='grc' dir='ltr'>άλις</span> <span class='ocrx_word' id='word_1_76' title='bbox 641 1337 788 1413; x_wconf 84' lang='grc' dir='ltr'>ποταμοῖο</span> <span class='ocrx_word' id='word_1_77' title='bbox 804 1333 940 1414; x_wconf 84' lang='grc' dir='ltr'>πεφύκει·</span> 
     </span>
    </p>

    <p class='ocr_par' dir='ltr' id='par_1_9' title="bbox 204 1435 967 1520">
     <span class='ocr_line' id='line_1_11' title="bbox 204 1435 967 1520; baseline 0.004 -21"><span class='ocrx_word' id='word_1_78' title='bbox 204 1435 327 1519; x_wconf 85' lang='grc' dir='ltr'>τείροντ’</span> <span class='ocrx_word' id='word_1_79' title='bbox 345 1436 490 1520; x_wconf 75' lang='grc' dir='ltr'>ἐγχέλυές</span> <span class='ocrx_word' id='word_1_80' title='bbox 505 1461 539 1500; x_wconf 84' lang='grc' dir='ltr'>τε</span> <span class='ocrx_word' id='word_1_81' title='bbox 554 1438 604 1502; x_wconf 80' lang='grc' dir='ltr'>καὶ</span> <span class='ocrx_word' id='word_1_82' title='bbox 621 1436 722 1520; x_wconf 90' lang='grc' dir='ltr'>ίχθύες</span> <span class='ocrx_word' id='word_1_83' title='bbox 737 1436 766 1500; x_wconf 74' lang='grc' dir='ltr'>οἳ</span> <span class='ocrx_word' id='word_1_84' title='bbox 783 1435 858 1500; x_wconf 88' lang='grc' dir='ltr'>κατὰ</span> <span class='ocrx_word' id='word_1_85' title='bbox 874 1437 967 1509; x_wconf 87' lang='grc' dir='ltr'>δίνας,</span> 
     </span>
    </p>

    <p class='ocr_par' dir='ltr' id='par_1_10' title="bbox 206 1539 953 1622">
     <span class='ocr_line' id='line_1_12' title="bbox 206 1539 953 1622; baseline 0.001 -19"><span class='ocrx_word' id='word_1_86' title='bbox 206 1541 234 1603; x_wconf 73' lang='grc' dir='ltr'>οἳ</span> <span class='ocrx_word' id='word_1_87' title='bbox 250 1544 325 1604; x_wconf 82' lang='grc' dir='ltr'>κατὰ</span> <span class='ocrx_word' id='word_1_88' title='bbox 340 1540 419 1604; x_wconf 86' lang='grc' dir='ltr'>καλὰ</span> <span class='ocrx_word' id='word_1_89' title='bbox 433 1539 542 1622; x_wconf 84' lang='grc' dir='ltr'>ῥέεθρα</span> <span class='ocrx_word' id='word_1_90' title='bbox 557 1543 711 1619; x_wconf 82' lang='grc' dir='ltr'>κυβίστων</span> <span class='ocrx_word' id='word_1_91' title='bbox 726 1541 799 1604; x_wconf 85' lang='grc' dir='ltr'>ἔνθα</span> <span class='ocrx_word' id='word_1_92' title='bbox 814 1542 863 1604; x_wconf 88' lang='grc' dir='ltr'>καὶ</span> <span class='ocrx_word' id='word_1_93' title='bbox 879 1541 953 1604; x_wconf 91' lang='grc' dir='ltr'>ἔνθα</span> 
     </span>
    </p>

    <p class='ocr_par' dir='ltr' id='par_1_11' title="bbox 206 1642 1155 1731">
     <span class='ocr_line' id='line_1_13' title="bbox 206 1642 1155 1731; baseline -0.001 -24"><span class='ocrx_word' id='word_1_94' title='bbox 206 1646 295 1731; x_wconf 79' lang='grc' dir='ltr'>πνοιῇ</span> <span class='ocrx_word' id='word_1_95' title='bbox 310 1646 476 1728; x_wconf 92' lang='grc' dir='ltr'>τειρόμενοι</span> <span class='ocrx_word' id='word_1_96' title='bbox 490 1642 675 1725; x_wconf 83' lang='grc' dir='ltr'>πολυμήτιος</span> <span class='ocrx_word' id='word_1_97' title='bbox 692 1644 890 1725; x_wconf 88' lang='grc' dir='ltr'>Ἡφαίστοιο.</span> <span class='ocrx_word' id='word_1_98' title='bbox 1106 1669 1155 1718; x_wconf 82' lang='lat'>355</span> 
     </span>
    </p>

    <p class='ocr_par' dir='ltr' id='par_1_12' title="bbox 207 1746 1048 1830">
     <span class='ocr_line' id='line_1_14' title="bbox 207 1746 1048 1830; baseline 0 -20"><span class='ocrx_word' id='word_1_99' title='bbox 207 1748 307 1810; x_wconf 90' lang='grc' dir='ltr'>καίετο</span> <span class='ocrx_word' id='word_1_100' title='bbox 323 1747 348 1811; x_wconf 92' lang='grc' dir='ltr'>δ’</span> <span class='ocrx_word' id='word_1_101' title='bbox 361 1748 391 1813; x_wconf 80' lang='grc' dir='ltr'>ἲς</span> <span class='ocrx_word' id='word_1_102' title='bbox 406 1753 553 1828; x_wconf 84' lang='grc' dir='ltr'>ποταμοῖο</span> <span class='ocrx_word' id='word_1_103' title='bbox 570 1747 641 1814; x_wconf 91' lang='grc' dir='ltr'>ἔτος</span> <span class='ocrx_word' id='word_1_104' title='bbox 657 1747 681 1810; x_wconf 94' lang='grc' dir='ltr'>τ’</span> <span class='ocrx_word' id='word_1_105' title='bbox 700 1746 785 1827; x_wconf 85' lang='grc' dir='ltr'>ἔφατ’</span> <span class='ocrx_word' id='word_1_106' title='bbox 803 1749 836 1810; x_wconf 92' lang='grc' dir='ltr'>ἔκ</span> <span class='ocrx_word' id='word_1_107' title='bbox 851 1746 876 1830; x_wconf 83' lang='grc' dir='ltr'>τ’</span> <span class='ocrx_word' id='word_1_108' title='bbox 893 1747 1048 1827; x_wconf 81' lang='grc' dir='ltr'>ὀνόμαζεν·</span> 
     </span>
    </p>

    <p class='ocr_par' dir='ltr' id='par_1_13' title="bbox 206 1848 1055 1932">
     <span class='ocr_line' id='line_1_15' title="bbox 206 1848 1055 1932; baseline 0 -19"><span class='ocrx_word' id='word_1_109' title='bbox 206 1848 392 1931; x_wconf 88' lang='grc' dir='ltr'>“Ἥφαιστ’,</span> <span class='ocrx_word' id='word_1_110' title='bbox 409 1850 443 1914; x_wconf 88' lang='grc' dir='ltr'>ού</span> <span class='ocrx_word' id='word_1_111' title='bbox 458 1876 503 1916; x_wconf 93' lang='grc' dir='ltr'>τις</span> <span class='ocrx_word' id='word_1_112' title='bbox 519 1852 621 1932; x_wconf 88' lang='grc' dir='ltr'>σοίγε</span> <span class='ocrx_word' id='word_1_113' title='bbox 637 1854 714 1916; x_wconf 79' lang='grc' dir='ltr'>θεῶν</span> <span class='ocrx_word' id='word_1_114' title='bbox 729 1850 827 1914; x_wconf 88' lang='grc' dir='ltr'>δύνατ’</span> <span class='ocrx_word' id='word_1_115' title='bbox 844 1851 1055 1932; x_wconf 83' lang='grc' dir='ltr'>ἀντιφερίζειν,</span> 
     </span>
    </p>

    <p class='ocr_par' dir='ltr' id='par_1_14' title="bbox 205 1957 1044 2041">
     <span class='ocr_line' id='line_1_16' title="bbox 205 1957 1044 2041; baseline 0.001 -21"><span class='ocrx_word' id='word_1_116' title='bbox 205 1959 265 2021; x_wconf 80' lang='grc' dir='ltr'>οὐδ’</span> <span class='ocrx_word' id='word_1_117' title='bbox 282 1957 320 2021; x_wconf 87' lang='grc' dir='ltr'>ἂν</span> <span class='ocrx_word' id='word_1_118' title='bbox 338 1959 397 2040; x_wconf 81' lang='grc' dir='ltr'>έγιδ</span> <span class='ocrx_word' id='word_1_119' title='bbox 414 1957 507 2039; x_wconf 87' lang='grc' dir='ltr'>σοίγ’</span> <span class='ocrx_word' id='word_1_120' title='bbox 525 1961 582 2022; x_wconf 86' lang='grc' dir='ltr'>ὧδε</span> <span class='ocrx_word' id='word_1_121' title='bbox 598 1959 668 2040; x_wconf 88' lang='grc' dir='ltr'>πυρὶ</span> <span class='ocrx_word' id='word_1_122' title='bbox 684 1957 867 2041; x_wconf 86' lang='grc' dir='ltr'>φλεγέθοντι</span> <span class='ocrx_word' id='word_1_123' title='bbox 882 1959 1044 2039; x_wconf 89' lang='grc' dir='ltr'>μαχοίμην.</span> 
     </span>
    </p>

    <p class='ocr_par' dir='ltr' id='par_1_15' title="bbox 205 2059 1012 2144">
     <span class='ocr_line' id='line_1_17' title="bbox 205 2059 1012 2144; baseline 0.002 -20"><span class='ocrx_word' id='word_1_124' title='bbox 205 2061 274 2144; x_wconf 89' lang='grc' dir='ltr'>λῆγ’</span> <span class='ocrx_word' id='word_1_125' title='bbox 291 2062 399 2142; x_wconf 80' lang='grc' dir='ltr'>ἔριδος,</span> <span class='ocrx_word' id='word_1_126' title='bbox 413 2065 519 2142; x_wconf 83' lang='grc' dir='ltr'>Τρῶας</span> <span class='ocrx_word' id='word_1_127' title='bbox 535 2063 567 2124; x_wconf 70' lang='grc' dir='ltr'>δὲ</span> <span class='ocrx_word' id='word_1_128' title='bbox 584 2062 633 2124; x_wconf 88' lang='grc' dir='ltr'>καὶ</span> <span class='ocrx_word' id='word_1_129' title='bbox 649 2061 755 2123; x_wconf 81' lang='grc' dir='ltr'>αὐτίκα</span> <span class='ocrx_word' id='word_1_130' title='bbox 771 2064 833 2126; x_wconf 80' lang='grc' dir='ltr'>δῖος</span> <span class='ocrx_word' id='word_1_131' title='bbox 847 2059 1012 2141; x_wconf 80' lang='grc' dir='ltr'>Ἀχιλλεὺς</span> 
     </span>
    </p>

    <p class='ocr_par' dir='ltr' id='par_1_16' title="bbox 206 2162 1157 2350">
     <span class='ocr_line' id='line_1_18' title="bbox 206 2162 1157 2246; baseline -0.001 -19"><span class='ocrx_word' id='word_1_132' title='bbox 206 2165 315 2231; x_wconf 89' lang='grc' dir='ltr'>άστεος</span> <span class='ocrx_word' id='word_1_133' title='bbox 330 2163 496 2242; x_wconf 73' lang='grc' dir='ltr'>ἐξελάσειε·</span> <span class='ocrx_word' id='word_1_134' title='bbox 520 2166 551 2226; x_wconf 90' lang='grc' dir='ltr'>τί</span> <span class='ocrx_word' id='word_1_135' title='bbox 563 2190 615 2243; x_wconf 92' lang='grc' dir='ltr'>μοι</span> <span class='ocrx_word' id='word_1_136' title='bbox 631 2163 728 2246; x_wconf 90' lang='grc' dir='ltr'>ἔριδος</span> <span class='ocrx_word' id='word_1_137' title='bbox 743 2162 792 2228; x_wconf 84' lang='grc' dir='ltr'>καὶ</span> <span class='ocrx_word' id='word_1_138' title='bbox 808 2165 926 2245; x_wconf 90' lang='grc' dir='ltr'>άρωγῆς</span> <span class='ocrx_word' id='word_1_139' title='bbox 935 2189 944 2240; x_wconf 79' lang='lat'><em>3</em></span> <span class='ocrx_word' id='word_1_140' title='bbox 954 2163 970 2191; x_wconf 89' lang='lat'>’&#39;</span> <span class='ocrx_word' id='word_1_141' title='bbox 1108 2177 1157 2237; x_wconf 80' lang='lat'>360</span> 
     </span>
     <span class='ocr_line' id='line_1_19' title="bbox 249 2265 1021 2350; baseline 0 -20"><span class='ocrx_word' id='word_1_142' title='bbox 249 2272 297 2347; x_wconf 88' lang='grc' dir='ltr'>Φῆ</span> <span class='ocrx_word' id='word_1_143' title='bbox 313 2268 384 2349; x_wconf 86' lang='grc' dir='ltr'>πυρὶ</span> <span class='ocrx_word' id='word_1_144' title='bbox 400 2267 567 2347; x_wconf 88' lang='grc' dir='ltr'>καιόμενος,</span> <span class='ocrx_word' id='word_1_145' title='bbox 585 2267 642 2332; x_wconf 86' lang='grc' dir='ltr'>άνὰ</span> <span class='ocrx_word' id='word_1_146' title='bbox 657 2267 682 2331; x_wconf 93' lang='grc' dir='ltr'>δ’</span> <span class='ocrx_word' id='word_1_147' title='bbox 700 2268 797 2349; x_wconf 86' lang='grc' dir='ltr'>ἔφλυε</span> <span class='ocrx_word' id='word_1_148' title='bbox 813 2271 892 2331; x_wconf 80' lang='grc' dir='ltr'>καλὰ</span> <span class='ocrx_word' id='word_1_149' title='bbox 905 2265 1021 2350; x_wconf 85' lang='grc' dir='ltr'>ῥέεθρα.</span> 
     </span>
    </p>

    <p class='ocr_par' dir='ltr' id='par_1_17' title="bbox 207 2370 995 2455">
     <span class='ocr_line' id='line_1_20' title="bbox 207 2370 995 2455; baseline -0.004 -20"><span class='ocrx_word' id='word_1_150' title='bbox 207 2372 246 2437; x_wconf 80' lang='grc' dir='ltr'>ὣς</span> <span class='ocrx_word' id='word_1_151' title='bbox 261 2373 293 2436; x_wconf 79' lang='grc' dir='ltr'>δὲ</span> <span class='ocrx_word' id='word_1_152' title='bbox 308 2370 405 2451; x_wconf 80' lang='grc' dir='ltr'>λέβης</span> <span class='ocrx_word' id='word_1_153' title='bbox 422 2372 467 2447; x_wconf 80' lang='grc' dir='ltr'>ζεῖ</span> <span class='ocrx_word' id='word_1_154' title='bbox 480 2370 567 2436; x_wconf 82' lang='grc' dir='ltr'>ἔνδον</span> <span class='ocrx_word' id='word_1_155' title='bbox 583 2373 778 2453; x_wconf 78' lang='grc' dir='ltr'>ἐπειγόμενος</span> <span class='ocrx_word' id='word_1_156' title='bbox 793 2371 862 2452; x_wconf 89' lang='grc' dir='ltr'>πυρὶ</span> <span class='ocrx_word' id='word_1_157' title='bbox 878 2372 995 2455; x_wconf 77' lang='grc' dir='ltr'>πολλῷ,</span> 
     </span>
    </p>

    <p class='ocr_par' dir='ltr' id='par_1_18' title="bbox 208 2474 908 2556">
     <span class='ocr_line' id='line_1_21' title="bbox 208 2474 908 2556; baseline 0 -19"><span class='ocrx_word' id='word_1_158' title='bbox 208 2475 314 2554; x_wconf 89' lang='grc' dir='ltr'>κνίσην</span> <span class='ocrx_word' id='word_1_159' title='bbox 328 2474 514 2555; x_wconf 90' lang='grc' dir='ltr'>μελδόμενος</span> <span class='ocrx_word' id='word_1_160' title='bbox 530 2474 761 2556; x_wconf 79' lang='grc' dir='ltr'>ἁπαλοτρεφέος</span> <span class='ocrx_word' id='word_1_161' title='bbox 777 2475 908 2547; x_wconf 88' lang='grc' dir='ltr'>σιάλοιο,</span> 
     </span>
    </p>

    <p class='ocr_par' dir='ltr' id='par_1_19' title="bbox 208 2576 1043 2661">
     <span class='ocr_line' id='line_1_22' title="bbox 208 2576 1043 2661; baseline 0 -19"><span class='ocrx_word' id='word_1_162' title='bbox 208 2579 357 2644; x_wconf 88' lang='grc' dir='ltr'>πάντοθεν</span> <span class='ocrx_word' id='word_1_163' title='bbox 372 2576 560 2658; x_wconf 79' lang='grc' dir='ltr'>ἀμβολάδην,</span> <span class='ocrx_word' id='word_1_164' title='bbox 575 2581 634 2642; x_wconf 85' lang='grc' dir='ltr'>ὑπὸ</span> <span class='ocrx_word' id='word_1_165' title='bbox 649 2580 682 2643; x_wconf 77' lang='grc' dir='ltr'>δὲ</span> <span class='ocrx_word' id='word_1_166' title='bbox 698 2577 775 2656; x_wconf 80' lang='grc' dir='ltr'>ξύλα</span> <span class='ocrx_word' id='word_1_167' title='bbox 789 2578 924 2661; x_wconf 87' lang='grc' dir='ltr'>κάγκανα</span> <span class='ocrx_word' id='word_1_168' title='bbox 940 2583 1043 2654; x_wconf 85' lang='grc' dir='ltr'>κεῖται,</span> 
     </span>
    </p>

    <p class='ocr_par' dir='ltr' id='par_1_20' title="bbox 209 2680 1155 2764">
     <span class='ocr_line' id='line_1_23' title="bbox 209 2680 1155 2764; baseline 0 -20"><span class='ocrx_word' id='word_1_169' title='bbox 209 2683 247 2749; x_wconf 78' lang='grc' dir='ltr'>ὣς</span> <span class='ocrx_word' id='word_1_170' title='bbox 261 2689 313 2746; x_wconf 84' lang='grc' dir='ltr'>τοῦ</span> <span class='ocrx_word' id='word_1_171' title='bbox 329 2685 408 2746; x_wconf 85' lang='grc' dir='ltr'>κολδ</span> <span class='ocrx_word' id='word_1_172' title='bbox 421 2683 529 2764; x_wconf 90' lang='grc' dir='ltr'>ῥέεθρα</span> <span class='ocrx_word' id='word_1_173' title='bbox 544 2684 613 2763; x_wconf 85' lang='grc' dir='ltr'>πυρὶ</span> <span class='ocrx_word' id='word_1_174' title='bbox 632 2681 775 2764; x_wconf 87' lang='grc' dir='ltr'>φλέγετο,</span> <span class='ocrx_word' id='word_1_175' title='bbox 793 2682 840 2760; x_wconf 77' lang='grc' dir='ltr'>ζέε</span> <span class='ocrx_word' id='word_1_176' title='bbox 854 2680 880 2748; x_wconf 87' lang='grc' dir='ltr'>δ’</span> <span class='ocrx_word' id='word_1_177' title='bbox 895 2684 981 2763; x_wconf 82' lang='grc' dir='ltr'>ὕδωρ·</span> <span class='ocrx_word' id='word_1_178' title='bbox 1107 2695 1155 2756; x_wconf 78' lang='lat'>3⁶5</span> 
     </span>
    </p>

    <p class='ocr_par' dir='ltr' id='par_1_21' title="bbox 208 2785 1012 2869">
     <span class='ocr_line' id='line_1_24' title="bbox 208 2785 1012 2869; baseline 0.001 -21"><span class='ocrx_word' id='word_1_179' title='bbox 208 2787 267 2850; x_wconf 83' lang='grc' dir='ltr'>οὐδ’</span> <span class='ocrx_word' id='word_1_180' title='bbox 283 2788 371 2852; x_wconf 89' lang='grc' dir='ltr'>ἔθελε</span> <span class='ocrx_word' id='word_1_181' title='bbox 386 2786 532 2868; x_wconf 88' lang='grc' dir='ltr'>προρέειν,</span> <span class='ocrx_word' id='word_1_182' title='bbox 550 2785 620 2850; x_wconf 74' lang='grc' dir='ltr'>ἀλλ’</span> <span class='ocrx_word' id='word_1_183' title='bbox 635 2789 752 2869; x_wconf 89' lang='grc' dir='ltr'>ίσχετο·</span> <span class='ocrx_word' id='word_1_184' title='bbox 779 2792 858 2868; x_wconf 85' lang='grc' dir='ltr'>τεῖρε</span> <span class='ocrx_word' id='word_1_185' title='bbox 874 2785 899 2850; x_wconf 91' lang='grc' dir='ltr'>δ’</span> <span class='ocrx_word' id='word_1_186' title='bbox 917 2787 1012 2865; x_wconf 80' lang='grc' dir='ltr'>ιἰύτμῆ</span> 
     </span>
    </p>

    <p class='ocr_par' dir='ltr' id='par_1_22' title="bbox 207 2888 1049 2972">
     <span class='ocr_line' id='line_1_25' title="bbox 207 2888 1049 2972; baseline 0.002 -21"><span class='ocrx_word' id='word_1_187' title='bbox 207 2889 393 2970; x_wconf 88' lang='grc' dir='ltr'>Ἡφαίστοιο</span> <span class='ocrx_word' id='word_1_188' title='bbox 411 2891 506 2972; x_wconf 82' lang='grc' dir='ltr'>βίηφι</span> <span class='ocrx_word' id='word_1_189' title='bbox 521 2890 723 2970; x_wconf 91' lang='grc' dir='ltr'>πολύφρονος.</span> <span class='ocrx_word' id='word_1_190' title='bbox 769 2890 861 2972; x_wconf 82' lang='grc' dir='ltr'>αὐτὰρ</span> <span class='ocrx_word' id='word_1_191' title='bbox 876 2890 894 2952; x_wconf 87' lang='grc' dir='ltr'>ὅ</span> <span class='ocrx_word' id='word_1_192' title='bbox 908 2890 936 2972; x_wconf 87' lang='grc' dir='ltr'>γ’</span> <span class='ocrx_word' id='word_1_193' title='bbox 948 2888 1049 2971; x_wconf 88' lang='grc' dir='ltr'>Ἥρην</span> 
     </span>
    </p>

    <p class='ocr_par' dir='ltr' id='par_1_23' title="bbox 208 2993 960 3075">
     <span class='ocr_line' id='line_1_26' title="bbox 208 2993 960 3075; baseline -0.003 -19"><span class='ocrx_word' id='word_1_194' title='bbox 208 2995 311 3056; x_wconf 81' lang='grc' dir='ltr'>πολλὰ</span> <span class='ocrx_word' id='word_1_195' title='bbox 325 2993 511 3073; x_wconf 86' lang='grc' dir='ltr'>λισσόμενος</span> <span class='ocrx_word' id='word_1_196' title='bbox 527 2993 603 3056; x_wconf 86' lang='grc' dir='ltr'>ἔπεα</span> <span class='ocrx_word' id='word_1_197' title='bbox 617 2995 781 3075; x_wconf 90' lang='grc' dir='ltr'>πτερόεντα</span> <span class='ocrx_word' id='word_1_198' title='bbox 796 2993 960 3073; x_wconf 89' lang='grc' dir='ltr'>προσηύδα·</span> 
     </span>
    </p>

    <p class='ocr_par' dir='ltr' id='par_1_24' title="bbox 208 3095 974 3179">
     <span class='ocr_line' id='line_1_27' title="bbox 208 3095 974 3179; baseline 0.004 -22"><span class='ocrx_word' id='word_1_199' title='bbox 208 3095 326 3177; x_wconf 85' lang='grc' dir='ltr'>“Ἥρη,</span> <span class='ocrx_word' id='word_1_200' title='bbox 342 3097 428 3160; x_wconf 88' lang='grc' dir='ltr'>τίπτε</span> <span class='ocrx_word' id='word_1_201' title='bbox 444 3096 499 3162; x_wconf 89' lang='grc' dir='ltr'>σδς</span> <span class='ocrx_word' id='word_1_202' title='bbox 514 3098 577 3161; x_wconf 82' lang='grc' dir='ltr'>υἱὸς</span> <span class='ocrx_word' id='word_1_203' title='bbox 593 3096 665 3176; x_wconf 81' lang='grc' dir='ltr'>έμδν</span> <span class='ocrx_word' id='word_1_204' title='bbox 678 3099 751 3179; x_wconf 92' lang='grc' dir='ltr'>ῥόον</span> <span class='ocrx_word' id='word_1_205' title='bbox 766 3097 857 3177; x_wconf 83' lang='grc' dir='ltr'>ἔχραε</span> <span class='ocrx_word' id='word_1_206' title='bbox 873 3095 974 3174; x_wconf 84' lang='grc' dir='ltr'>κήδειν</span> 
     </span>
    </p>

    <p class='ocr_par' dir='ltr' id='par_1_25' title="bbox 208 3198 1157 3281">
     <span class='ocr_line' id='line_1_28' title="bbox 208 3198 1157 3281; baseline -0.001 -18"><span class='ocrx_word' id='word_1_207' title='bbox 208 3199 245 3279; x_wconf 82' lang='grc' dir='ltr'>ἔξ</span> <span class='ocrx_word' id='word_1_208' title='bbox 257 3201 380 3276; x_wconf 69' lang='grc' dir='ltr'>ἄλλους</span> <span class='ocrx_word' id='word_1_209' title='bbox 404 3199 437 3262; x_wconf 82' lang='grc' dir='ltr'>οὗ</span> <span class='ocrx_word' id='word_1_210' title='bbox 452 3198 570 3279; x_wconf 92' lang='grc' dir='ltr'>μέν-τοι</span> <span class='ocrx_word' id='word_1_211' title='bbox 586 3201 645 3281; x_wconf 74' lang='grc' dir='ltr'>ἐγὼ</span> <span class='ocrx_word' id='word_1_212' title='bbox 660 3201 754 3263; x_wconf 89' lang='grc' dir='ltr'>τόσον</span> <span class='ocrx_word' id='word_1_213' title='bbox 769 3201 865 3265; x_wconf 90' lang='grc' dir='ltr'>αίτιός</span> <span class='ocrx_word' id='word_1_214' title='bbox 881 3202 951 3279; x_wconf 84' lang='grc' dir='ltr'>είμι,</span> <span class='ocrx_word' id='word_1_215' title='bbox 1108 3227 1157 3276; x_wconf 82' lang='lat'>370</span> 
     </span>
    </p>

    <p class='ocr_par' dir='ltr' id='par_1_26' title="bbox 208 3303 991 3385">
     <span class='ocr_line' id='line_1_29' title="bbox 208 3303 991 3385; baseline 0 -19"><span class='ocrx_word' id='word_1_216' title='bbox 208 3307 305 3368; x_wconf 89' lang='grc' dir='ltr'>ὅσσον</span> <span class='ocrx_word' id='word_1_217' title='bbox 321 3307 350 3368; x_wconf 79' lang='grc' dir='ltr'>οἱ</span> <span class='ocrx_word' id='word_1_218' title='bbox 366 3304 457 3368; x_wconf 81' lang='grc' dir='ltr'>ἄλλοι</span> <span class='ocrx_word' id='word_1_219' title='bbox 476 3303 595 3378; x_wconf 88' lang='grc' dir='ltr'>πάντες,</span> <span class='ocrx_word' id='word_1_220' title='bbox 612 3305 681 3368; x_wconf 83' lang='grc' dir='ltr'>ὅσοι</span> <span class='ocrx_word' id='word_1_221' title='bbox 695 3305 856 3385; x_wconf 75' lang='grc' dir='ltr'>Τρώεσσιν</span> <span class='ocrx_word' id='word_1_222' title='bbox 870 3304 991 3385; x_wconf 77' lang='grc' dir='ltr'>ἀρωγοί.</span> 
     </span>
    </p>
   </div>
   <div class='ocr_carea' id='block_1_5' title="bbox 207 3405 1156 3892">
    <p class='ocr_par' dir='ltr' id='par_1_27' title="bbox 208 3405 1048 3490">
     <span class='ocr_line' id='line_1_30' title="bbox 208 3405 1048 3490; baseline 0.005 -22"><span class='ocrx_word' id='word_1_223' title='bbox 208 3405 278 3469; x_wconf 79' lang='grc' dir='ltr'>ἀλλ’</span> <span class='ocrx_word' id='word_1_224' title='bbox 294 3407 314 3486; x_wconf 79' lang='grc' dir='ltr'><em>ἦ</em></span> <span class='ocrx_word' id='word_1_225' title='bbox 336 3431 383 3470; x_wconf 88' lang='grc' dir='ltr'>τοι</span> <span class='ocrx_word' id='word_1_226' title='bbox 398 3410 454 3488; x_wconf 77' lang='grc' dir='ltr'>μὲν</span> <span class='ocrx_word' id='word_1_227' title='bbox 470 3408 549 3490; x_wconf 84' lang='grc' dir='ltr'>έγδν</span> <span class='ocrx_word' id='word_1_228' title='bbox 563 3407 789 3485; x_wconf 79' lang='grc' dir='ltr'>ἀποπαύσομαι,</span> <span class='ocrx_word' id='word_1_229' title='bbox 808 3409 835 3470; x_wconf 83' lang='grc' dir='ltr'>εἰ</span> <span class='ocrx_word' id='word_1_230' title='bbox 852 3405 890 3468; x_wconf 81' lang='grc' dir='ltr'>σὺ</span> <span class='ocrx_word' id='word_1_231' title='bbox 906 3406 1048 3482; x_wconf 90' lang='grc' dir='ltr'>κελεύεις,</span> 
     </span>
    </p>

    <p class='ocr_par' dir='ltr' id='par_1_28' title="bbox 208 3506 1061 3594">
     <span class='ocr_line' id='line_1_31' title="bbox 208 3506 1061 3594; baseline 0.001 -21"><span class='ocrx_word' id='word_1_232' title='bbox 208 3511 350 3574; x_wconf 85' lang='grc' dir='ltr'>παυέσθω</span> <span class='ocrx_word' id='word_1_233' title='bbox 367 3513 399 3574; x_wconf 80' lang='grc' dir='ltr'>δὲ</span> <span class='ocrx_word' id='word_1_234' title='bbox 416 3510 463 3576; x_wconf 82' lang='grc' dir='ltr'>καὶ</span> <span class='ocrx_word' id='word_1_235' title='bbox 479 3513 573 3578; x_wconf 79' lang='grc' dir='ltr'>οὗτος·</span> <span class='ocrx_word' id='word_1_236' title='bbox 597 3513 656 3594; x_wconf 84' lang='grc' dir='ltr'>ἔγδ</span> <span class='ocrx_word' id='word_1_237' title='bbox 673 3508 700 3576; x_wconf 90' lang='grc' dir='ltr'>δ’</span> <span class='ocrx_word' id='word_1_238' title='bbox 715 3511 766 3574; x_wconf 86' lang='grc' dir='ltr'>ἔπὶ</span> <span class='ocrx_word' id='word_1_239' title='bbox 782 3511 832 3574; x_wconf 88' lang='grc' dir='ltr'>καὶ</span> <span class='ocrx_word' id='word_1_240' title='bbox 847 3506 907 3573; x_wconf 86' lang='grc' dir='ltr'>τόδ’</span> <span class='ocrx_word' id='word_1_241' title='bbox 925 3510 1061 3590; x_wconf 84' lang='grc' dir='ltr'>ὀμοῦμαι,</span> 
     </span>
    </p>

    <p class='ocr_par' dir='ltr' id='par_1_29' title="bbox 207 3612 962 3696">
     <span class='ocr_line' id='line_1_32' title="bbox 207 3612 962 3696; baseline -0.001 -17"><span class='ocrx_word' id='word_1_242' title='bbox 207 3613 247 3692; x_wconf 87' lang='grc' dir='ltr'>μή</span> <span class='ocrx_word' id='word_1_243' title='bbox 264 3619 331 3679; x_wconf 92' lang='grc' dir='ltr'>ποτ’</span> <span class='ocrx_word' id='word_1_244' title='bbox 347 3617 397 3679; x_wconf 78' lang='grc' dir='ltr'>ἐπὶ</span> <span class='ocrx_word' id='word_1_245' title='bbox 412 3615 573 3696; x_wconf 76' lang='grc' dir='ltr'>Τρώεσσιν</span> <span class='ocrx_word' id='word_1_246' title='bbox 589 3612 752 3693; x_wconf 81' lang='grc' dir='ltr'>ἀλεξήσειν</span> <span class='ocrx_word' id='word_1_247' title='bbox 768 3613 859 3679; x_wconf 86' lang='grc' dir='ltr'>κακὸν</span> <span class='ocrx_word' id='word_1_248' title='bbox 875 3613 962 3696; x_wconf 85' lang='grc' dir='ltr'>ῆμαρ,</span> 
     </span>
    </p>

    <p class='ocr_par' dir='ltr' id='par_1_30' title="bbox 207 3716 1156 3892">
     <span class='ocr_line' id='line_1_33' title="bbox 207 3716 1156 3804; baseline 0.002 -21"><span class='ocrx_word' id='word_1_249' title='bbox 207 3716 276 3798; x_wconf 89' lang='grc' dir='ltr'>μηδ’</span> <span class='ocrx_word' id='word_1_250' title='bbox 292 3717 375 3784; x_wconf 84' lang='grc' dir='ltr'>ὁπότ’</span> <span class='ocrx_word' id='word_1_251' title='bbox 393 3718 430 3785; x_wconf 83' lang='grc' dir='ltr'>δν</span> <span class='ocrx_word' id='word_1_252' title='bbox 445 3722 537 3800; x_wconf 89' lang='grc' dir='ltr'>Τροίη</span> <span class='ocrx_word' id='word_1_253' title='bbox 552 3719 673 3804; x_wconf 77' lang='grc' dir='ltr'>μαλερῷ</span> <span class='ocrx_word' id='word_1_254' title='bbox 693 3720 763 3801; x_wconf 83' lang='grc' dir='ltr'>πυρὶ</span> <span class='ocrx_word' id='word_1_255' title='bbox 779 3723 865 3784; x_wconf 80' lang='grc' dir='ltr'>πᾶσα</span> <span class='ocrx_word' id='word_1_256' title='bbox 879 3717 986 3798; x_wconf 88' lang='grc' dir='ltr'>δάηται</span> <span class='ocrx_word' id='word_1_257' title='bbox 1108 3739 1156 3791; x_wconf 78' lang='lat'>375</span> 
     </span>
     <span class='ocr_line' id='line_1_34' title="bbox 651 3822 708 3892; baseline 0 0"><span class='ocrx_word' id='word_1_258' title='bbox 651 3827 671 3877; x_wconf 84' lang='lat' dir='ltr'>P</span> <span class='ocrx_word' id='word_1_259' title='bbox 687 3822 708 3892; x_wconf 87' lang='grc'><em>5</em></span> 
     </span>
    </p>
   </div>
   <div class='ocr_carea' id='block_1_6' title="bbox 0 0 1434 4296">
    <p class='ocr_par' dir='ltr' id='par_1_31' title="bbox 0 0 1434 4296">
     <span class='ocr_line' id='line_1_35' title="bbox 0 0 1434 4296; baseline 0 0"><span class='ocrx_word' id='word_1_260' title='bbox 0 0 1434 4296; x_wconf 95' lang='lat' dir='ltr'> </span> 
     </span>
    </p>
   </div>
  </div>
 </body>
</html>
