2738 4226
459 328 509 374 10.
534 314 704 376 ΙΛΙΑΔΟΣ
728 312 764 376 Κ.
1021 327 1079 375 201

143 477 160 555 ἢ
176 479 243 561 ὅγε
258 480 368 561 δίφρον
383 479 470 552 ἑλών,
488 480 537 543 όθι
552 479 677 546 ποικίλα
692 477 789 562 τεύχε’
807 479 913 555 ἔκειτο,

141 585 231 662 ῥυμοῦ
246 580 394 666 ε’ξερύοιῆ
411 582 534 664 ἐκφέροι
548 581 642 664 θψάσ’
659 584 769 664 ἀείρας,
1037 610 1085 659 505

142 683 216 762 ήέτι
231 691 291 750 τῶν
304 685 443 750 πλεόνων
459 689 587 773 Θρῃκῶν
603 684 662 750 ἀπὸ
679 683 772 766 θυμδν
787 685 897 750 ἔλοιτο.

143 788 194 868 ἧος
215 791 232 852 ά
249 788 331 852 ταῦθ’
348 789 477 870 ὥρμαινε
494 791 569 852 κατὰ
584 788 690 871 φρένα,
706 790 806 869 τόφρα
821 787 845 852 δ’
862 785 976 867 Ἀθήνη

141 892 266 976 ἐγγύθεν
282 891 428 972 ἱσταμένη
444 891 586 976 προσέφη
605 891 759 972 Διομήδεα
775 896 848 957 δῖον·

142 1002 159 1029 “
170 997 280 1060 νόστον
295 996 331 1074 δή
347 999 469 1076 μνῆσαι,
485 995 658 1078 μεγαθύμου
672 994 784 1060 Τυδέος
799 993 855 1067 νῖἔ,

141 1100 214 1176 νῆας
228 1099 279 1162 ἔπι
293 1098 461 1181 γλαφυράς,
477 1098 518 1179 μή
535 1100 584 1162 καὶ
599 1096 815 1179 πεφοβημένος
831 1098 932 1184 ἔλθῃς,
1036 1125 1084 1174 510

140 1200 180 1280 μή
196 1201 255 1266 πού
268 1227 313 1268 τις
328 1203 377 1268 καὶ
392 1207 497 1284 Τρῶας
513 1203 667 1288 ἐγείρῃσιν
685 1201 753 1267 θεὸς
768 1198 893 1266 άλλος.”

177 1301 240 1370 Ὧς
255 1303 336 1385 φάθ’,
354 1306 370 1368 ά
386 1308 418 1369 δὲ
434 1302 560 1387 ξυνέηκε
576 1307 646 1370 θεᾶς
662 1305 722 1366 όπα
737 1301 932 1383 φωνησάσης,

142 1409 334 1486 καρπαλίμως
349 1405 374 1473 δ’
391 1409 492 1473 ἵππων
508 1405 691 1486 ἐπεβήσετο·
715 1406 794 1487 κόψε
809 1403 835 1470 δ’
851 1403 1019 1472 Ὀδυσσεύς

141 1507 228 1595 τόξῳ·
251 1513 298 1576 τοὶ
313 1509 340 1576 δ’
359 1511 502 1577 ἐπέτοντο
517 1511 590 1578 θοάς
605 1511 654 1575 ἐπὶ
671 1513 744 1590 νῆας
760 1506 900 1591 Ἀχαιῶν.

183 1612 257 1678 Οὐδ’
273 1615 483 1694 ἀλαοσκοπιὴν
499 1612 557 1697 εἶχ’
574 1611 772 1696 ἀργυρότοξος
787 1612 958 1683 Ἀπόλλων,
1035 1639 1082 1689 515

141 1717 180 1782 ὠς
194 1714 233 1780 ἴδ’
250 1715 413 1797 Ἀθηναίην
427 1720 504 1797 μετδ
517 1715 629 1784 Τυδέος
645 1716 710 1782 υἵδν
726 1716 869 1780 έπονσαν·

141 1820 175 1904 τῇ
192 1819 304 1884 κοτέων
317 1805 430 1901 Τρώων
445 1819 623 1886 κατεδύσετο
639 1818 754 1884 πουλὺν
769 1820 885 1898 ὅμιλον,

141 1921 239 2004 ὠρσεν
253 1926 286 1987 δέ
302 1927 431 2011 Θρῃκῶν
445 1924 644 2005 βουληφόρον
658 1921 873 2001 Ἱπποκόωντα,

140 2024 250 2103 Ῥήσου
266 2026 395 2108 ἀνεψιὸν
410 2027 534 2092 ἐσθλόν·
558 2028 574 2090 ά
591 2023 619 2091 δ’
635 2024 672 2104 ἐξ
683 2026 778 2090 ύπυου
793 2024 968 2106 ἀνορούσας,

141 2128 180 2194 ὠς
193 2131 240 2194 ἵδε
254 2135 356 2212 χῶρον
371 2132 490 2212 ἐρῆμον,
507 2127 553 2193 ὅθ’
569 2129 704 2194 ἔστασαν
720 2127 809 2193 ὠκέες
825 2130 922 2200 ἵπποι,
1036 2157 1084 2206 520

140 2230 249 2312 ἄνδρας
264 2228 290 2293 τ’
307 2232 511 2314 ἀσπαίροντας
526 2234 559 2294 ἔν
575 2229 745 2318 ἀργαλέῃσι
760 2233 901 2318 φονῇσιν,

141 2331 264 2417 ᾤμωξέν
278 2331 304 2397 τ’
321 2330 367 2415 ἀρ’
382 2334 487 2398 ἔπειτα
503 2334 597 2415 φίλον
611 2331 638 2396 τ’
653 2334 800 2414 ὀνόμηνεν
816 2338 943 2415 ἑταῖρον.

139 2437 251 2518 Τρόωυ
267 2438 300 2500 δὲ
316 2435 433 2520 κλαγγή
450 2462 483 2502 τε
498 2438 549 2500 καὶ
563 2437 696 2504 ἄσπετος
711 2435 787 2518 ὠρτο
804 2437 941 2517 κυδοιμὸς

141 2541 291 2604 θυνόντων
307 2539 420 2619 ἄμυδις·
445 2543 569 2618 θηεῦντο
585 2541 618 2602 δὲ
632 2538 764 2622 μέρμερα
779 2542 860 2622 ἔργα,

140 2640 211 2705 άσσ’
227 2643 333 2725 ἀνδρες
345 2641 486 2726 ῥέξαντες
502 2644 580 2725 ἔβαν
595 2644 700 2710 κοίλας
715 2643 765 2708 ἐπὶ
780 2647 861 2722 νῆας.
1036 2667 1083 2718 5²⁵

182 2747 223 2808 Οἵ
239 2743 266 2808 δ’
282 2747 333 2808 άτε
349 2743 385 2824 δή
399 2742 429 2828 ῤ’
445 2748 548 2811 ἵκανον
564 2748 613 2810 άθι
628 2745 745 2810 σκοπὸν
755 2744 901 2826 Ἕκτορος
918 2744 1014 2821 ἔκταν,

141 2847 201 2910 ἔνθ’
216 2845 362 2914 Ὀδυσεύς
375 2851 433 2928 μὲν
448 2846 533 2931 ἔρυξε
549 2848 684 2929 διίφιλος
700 2847 794 2914 ὠκέας
809 2850 928 2918 ἵππους,

138 2949 283 3030 Τυδείδης
298 2954 331 3015 δὲ
346 2953 463 3034 χαμᾶζε
478 2953 575 3034 θορών
589 2952 681 3033 ἔναρα
695 2952 863 3034 βροτόεντα

140 3054 174 3116 ἐν
187 3052 327 3138 χείρεσσ’
344 3051 473 3132 Ὀδυσῆϊ
487 3057 572 3130 τίθει,
592 3053 765 3135 ἐπεβήσετο
780 3053 806 3118 δ’
822 3057 932 3118 ἵππων·
1008 3111 1012 3116 .

138 3153 286 3234 μάστιξεν
302 3154 327 3220 δ’
345 3158 465 3229 ἵππους,
481 3157 522 3219 τώ
538 3154 565 3222 δ’
581 3156 632 3221 οὐκ
649 3157 773 3222 ἀέκοντε
787 3156 939 3235 πετέσθην
1037 3183 1085 3232 530

140 3260 211 3334 νῆας
228 3259 278 3323 ἔπι
293 3259 462 3342 γλαφυράς·
486 3262 521 3346 τῇ
537 3259 595 3340 γὰρ
610 3264 704 3342 φίλον
720 3261 830 3325 ἔπλετο
846 3264 937 3345 θυμῷ.

31 3397 32 3437 η
139 3360 269 3444 Νέστωρ
285 3365 318 3426 δὲ
334 3369 451 3444 πρῶτος
466 3363 578 3427 κτύπον
594 3363 641 3428 άϊε
657 3363 800 3445 φώνησέν
815 3382 856 3428 τε·

140 3463 196 3530 “ὠ
211 3466 310 3546 φίλοι,
327 3464 474 3548 Ἀργείων
488 3464 632 3548 ἡγήτορες
648 3467 701 3546 ήδέ
714 3466 864 3546 μέδοντες,

140 3569 305 3650 ψεύσομαι,
323 3567 342 3649 ή
358 3570 465 3652 ἔτυμον
481 3567 579 3650 έρέω,·
602 3568 722 3634 κέλεται
738 3568 771 3633 δέ
785 3595 823 3650 με
838 3571 939 3650 θυμός.

138 3672 241 3736 ἵππων
254 3669 286 3753 μ’
303 3673 465 3745 ὠκυπόδων
481 3674 558 3755 ἀμφὶ
575 3672 685 3740 κτύπος
700 3673 793 3748 οὔατα
807 3672 932 3755 βάλλει.
956 3747 959 3752 ,
1035 3703 1083 3752 535

587 3769 613 3816 Η
631 3772 650 3836 3
