2760 4232
473 364 541 423 ΕΙΣ
565 365 817 426 ΑΦΡΟΔΙΤΗΝ.
1057 363 1120 445 969

172 530 242 594 οάδέ
257 532 322 596 ποτ’
336 529 496 614 Ἀρτέμιδα
510 534 742 616 χρυσηλάκατον
758 537 932 614 κελαδεινὴν

66 678 68 682 -
172 633 317 715 δάμναται
333 637 365 698 ἐν
382 637 523 717 φιλότητι
539 639 740 718 φιλομμειδὴς
754 637 928 718 Ἀφροδίτη·

173 735 220 801 καί
235 737 293 820 γὰρ
308 739 344 824 τῇ
359 739 412 803 ἀδε
427 739 501 820 τόξα
517 739 565 806 καί
581 742 684 823 οὔρεσι
700 746 792 824 θῆρας
808 744 944 821 ἐναίρειν,

172 841 338 924 φόρμιγγές
353 868 386 906 τε
400 844 487 926 χοροί
501 869 533 907 τε
548 845 721 927 διαπρύσιοί
736 845 762 909 τ’
778 847 926 928 ὀλολυγαὶ

171 943 271 1008 ἀλσεό
286 971 319 1009 τε
333 947 473 1012 σκιόεντα
488 949 611 1014 δικαίων
626 976 659 1022 τε
675 951 784 1016 πτόλις
800 951 924 1031 ἀνδρῶν.
1089 977 1120 1012 20

172 1049 241 1111 οὐδὲ
254 1052 310 1127 μὲν
324 1052 421 1136 αἰδοίῃ
438 1052 526 1138 κούρῃ
543 1051 614 1116 ἀδεν
629 1051 692 1135 ἔργ’
705 1053 889 1136 Ἀφροδίτης

170 1151 276 1238 Ἱστίῃ,
291 1151 328 1232 ἣν
347 1155 466 1236 πρώτην
481 1154 583 1221 τέκετο
600 1157 713 1236 Κρόνος
730 1155 950 1238 ἀγκυλομήτης,

172 1255 255 1321 αὖτις
270 1256 296 1319 δ’
311 1257 492 1336 ὁπλοτάτην,
507 1262 609 1347 βουλῇ
627 1263 702 1326 Διὸς
718 1263 878 1343 αἰγιόχοιο,
949 1299 951 1304 -

171 1360 305 1438 πότνιαν,
321 1359 359 1439 ἣν
375 1365 506 1441 ἐμνῶντο
522 1363 702 1428 Ποσειδάων
718 1361 767 1427 καί
781 1363 956 1428 Ἀπόλλων·

170 1463 188 1541 ἡ
205 1465 238 1526 δὲ
252 1462 324 1542 μάλ’
340 1465 392 1528 οὐκ
410 1466 526 1544 ἔθελεν,
542 1466 624 1530 ἀλλά
639 1476 769 1548 στερεῶς
785 1467 937 1545 ἀπέειπεν,
1089 1495 1120 1542 25

171 1568 273 1647 ὤμοσε
288 1571 321 1632 δὲ
335 1567 432 1650 μέγαν
447 1571 545 1650 ὅρκον,
561 1569 578 1633 δ
593 1572 629 1649 δή
645 1572 859 1650 τετελεσμένος
875 1573 969 1647 ἐστίν,

170 1671 312 1753 ἁψαμένη
330 1677 467 1754 κεφαλῆς
481 1680 593 1755 πατρὸς
610 1681 684 1740 Διὸς
700 1677 861 1760 αἰγιόχοιο,

170 1769 316 1856 παρθένος
331 1778 479 1841 ἔσσεσθαι
495 1776 580 1842 πάντ’
594 1777 701 1860 ἤματα,
716 1783 765 1842 δῖα
781 1778 887 1842 θεάων.

171 1879 207 1963 τῇ
221 1881 254 1942 δὲ
269 1880 366 1960 πατὴρ
382 1880 457 1946 Ζεὺς
473 1885 550 1944 δῶκε
566 1888 659 1945 καλὸν
674 1879 764 1962 γέρας
778 1881 844 1944 ἀντὶ
859 1879 977 1962 γάμοιο,

172 1983 224 2046 καί
236 2009 268 2046 τε
284 1982 368 2067 μέσῳ
384 1985 455 2068 οίκιρ
471 1980 535 2046 κατ’
553 1981 599 2064 ἀρ’
614 1984 696 2061 ἕζετο
713 1989 784 2064 πῖαρ
803 1988 923 2048 ἑλοῦσα.
1089 2011 1122 2058 30

171 2090 265 2149 πᾶσιν
281 2083 307 2151 δ’
323 2089 356 2150 ἔν
371 2093 471 2164 νηοῖσι
487 2092 564 2151 θεῶν
579 2088 723 2170 τιμάοχός
740 2090 815 2163 ἐστι,
1005 2170 1007 2174 .

156 2192 220 2254 καὶ
235 2189 316 2271 παρὰ
331 2195 406 2255 πᾶσι
421 2197 562 2271 βροτοῖσι
578 2196 656 2256 θεῶν
672 2190 841 2271 πρέσβειρα
855 2192 999 2256 τέτυκται.

169 2294 248 2357 τάων
264 2295 298 2357 οὐ
314 2295 435 2374 δύναται
452 2300 591 2360 πεπιθεῖν
608 2295 720 2377 φρένας
736 2295 797 2360 οὐδ’
813 2296 975 2372 ἀπατῆσαι·

170 2398 269 2462 τῶνδ’
285 2399 391 2463 ἀλλων
405 2399 440 2462 οὕ
455 2398 511 2480 πέρ
527 2425 555 2462 τι
571 2399 765 2482 πεφυγμένον
781 2396 844 2462 ἔστ’
859 2395 1042 2480 Ἀφροδίτην
1116 2461 1118 2464 ,

171 2502 238 2567 οὔτε
255 2508 331 2566 θεῶν
345 2501 488 2585 μακάρων
503 2503 570 2567 οὔτε
587 2507 702 2582 θνητῶν
718 2503 892 2584 ἀνθρώπων.
1087 2529 1119 2578 35

172 2607 221 2669 καί
234 2632 266 2671 τε
282 2609 375 2688 παρὲκ
391 2607 489 2684 Ζηνὸς
504 2607 576 2672 νόον
590 2604 686 2688 ἤγαγε
701 2605 941 2688 τερπικεραύνου,

171 2710 203 2775 ός
218 2735 251 2774 τε
265 2711 408 2792 μέγιστός
424 2710 450 2772 τ’
466 2711 542 2786 ἐστί,
557 2711 703 2792 μεγίστης
718 2710 744 2773 τ’
760 2709 870 2791 ἔμμορε
884 2712 980 2788 τιμής·
1040 2773 1041 2776 ,

171 2815 222 2876 καί
234 2839 267 2876 τε
282 2818 343 2888 τοῦ,
359 2814 426 2877 εὖτε
442 2815 536 2891 θέλοι,
553 2813 677 2880 πυκινάς
694 2812 807 2895 φρένας
824 2811 1032 2894 ἐξαπαφοῦσα,

168 2918 289 2998 ῥηϊδίως
305 2915 445 2996 συνέμιξε
460 2919 662 3004 καταθνητῇσι
678 2916 823 2997 γυναιξίν,
843 2967 844 2974 1

167 3017 265 3101 Ἥρης
281 3023 489 3085 ἐκλελαθοῦσα
507 3021 688 3102 κασιγνήτης
704 3022 819 3104 ἀλόχου
834 3044 875 3095 τε,
1086 3046 1119 3094 40

169 3123 188 3202 ἣ
203 3124 282 3207 μέγα
298 3127 374 3190 εἶδος
389 3127 496 3206 ἀρίστη
513 3127 545 3188 ἐν
561 3123 729 3210 ἀθανάτῃσι
749 3122 847 3209 θεῇσι,

170 3230 311 3307 κυδίστην
325 3227 351 3293 δ’
366 3230 424 3311 ἀρα
438 3254 488 3309 μιν
504 3227 606 3291 τέκετο
623 3230 737 3310 Κρόνος
753 3225 971 3310 ἀγκυλομήτης,
1020 3285 1024 3294 ,
1058 3286 1062 3293 .

169 3330 265 3414 μήτηρ
282 3359 314 3397 τε
328 3331 418 3412 Ῥείη·
443 3331 518 3397 Ζεὺς
534 3331 560 3395 δ’
575 3330 689 3412 ἄφθιτα
703 3330 800 3412 μήδεα
816 3331 901 3396 εἰδὼς
919 3381 921 3389 ,
986 3407 989 3414 ἱ
1023 3359 1027 3367 ’

171 3437 287 3516 αἰδοίην
301 3436 416 3520 ἀλοχον
432 3434 582 3516 ποιήσατο
598 3435 675 3501 κέδν’
692 3438 814 3499 εἰδυῖαν.

205 3675 235 3723 18
247 3672 405 3737 τονλόχρνσα
416 3673 442 3723 δέ
454 3690 500 3740 pro
511 3672 551 3722 καὶ
562 3671 612 3738 γὰρ
622 3673 652 3736 τῇ
664 3671 705 3722 ἅδε
719 3673 754 3720 M.
808 3686 839 3722 ιο
851 3670 918 3721 πόλις
930 3690 959 3734 x;
978 3671 1059 3722 πόλεις
1070 3671 1099 3719 Μ
1110 3688 1119 3744 χ

171 3751 242 3802 τόνος
252 3769 285 3818 p;
302 3768 363 3802 corr.
377 3749 526 3804 Demetrius.
594 3767 624 3820 39
636 3762 660 3801 et
672 3767 703 3818 50
719 3749 783 3800 κατὰ
793 3751 899 3838 θνητοῖσι
913 3769 937 3818 p.

596 3833 670 3916 1i3
