2758 4228
488 359 553 418 τις
576 361 820 421 Αποκλαηι.
900 333 904 342 ’

178 528 347 606 Τελφοῦσα
363 527 484 608 κραδίην
498 529 676 610 ἐχολώσατο
690 527 757 594 εἶπέ
772 555 805 594 τε
820 534 921 617 μῦθον·

221 633 319 710 Φοῖβε
334 629 412 709 ἀναξ
426 631 557 714 ἑκάεργε,
573 633 645 700 ἔπος
659 635 691 696 τί
702 658 749 697 τοι
764 637 796 699 ἐν
812 633 904 715 φρεσὶ
918 632 1012 712 θήσω,
1121 655 1123 662 ’

179 731 278 795 ἐνθάδ’
293 730 357 796 ἐπεὶ
373 734 512 816 φρονέεις
526 734 628 814 τεῦξαι
644 737 829 818 περικαλλέα
844 737 925 814 νηόν,
1066 744 1135 811 [80]Ι

178 836 302 915 ἔμμεναι
317 837 484 917 ἀνθρώποις
499 838 687 920 χρηστήριον,
704 843 733 904 οἱ
748 840 782 905 δέ
796 866 842 905 τοι
857 837 915 904 alez

178 939 276 1002 ἐνθάδ’
291 939 471 1022 ἀγινήσουσι
486 943 657 1013 τεληέσσας
674 945 851 1023 ἑκατόμβας·
1077 955 1128 1006 ²60
1144 996 1145 1002 ι

179 1043 249 1104 ἀλλ’
265 1044 298 1107 ἔκ
313 1070 360 1108 τοι
375 1046 458 1126 ἐρέω,
475 1047 514 1110 σὺ
528 1048 554 1112 δ’
569 1046 612 1111 ἐνὶ
629 1046 721 1129 φρεσὶ
735 1048 856 1128 βάλλεο
872 1048 957 1132 σῇσι·

178 1147 322 1226 πημανέει
337 1148 368 1210 σ’
384 1151 443 1212 αίεὶ
459 1151 567 1216 κτύπος
581 1154 682 1214 ίππων
698 1151 839 1228 ὠκειάων,

178 1249 339 1330 ἀρδόμενοί
352 1252 377 1315 τ’
392 1253 496 1333 οὐρῆες
512 1255 592 1334 ἐμῶν
608 1256 695 1334 ἱερῶν
710 1254 770 1318 ἀπὸ
786 1255 916 1337 πηγέων·
1068 1261 1126 1326 [85]

178 1353 250 1417 ἔνθα
265 1381 309 1421 τις
325 1356 489 1438 ἀνθρώπων
504 1355 691 1436 βουλήσεται
709 1357 909 1438 εἰσοράασθαι

178 1457 293 1537 ἀρματό
308 1459 332 1521 τ’
350 1461 492 1540 εὐποίητα
508 1458 556 1524 καὶ
571 1460 732 1526 ὠκυπόδων
747 1462 859 1527 κτύπον
873 1454 983 1537 ἵππων,
1077 1473 1125 1538 265

176 1558 195 1637 ἢ
212 1562 285 1638 νηόν
300 1587 331 1626 τε
346 1562 441 1645 μέγαν
457 1565 506 1627 καὶ
523 1561 656 1642 κτήματα
670 1565 762 1628 πόλλ’
777 1565 908 1630 ἐνεόντα

177 1663 250 1726 ἀλλ’
265 1666 292 1727 εί
308 1665 343 1745 δή
358 1691 387 1729 τι
401 1670 511 1743 πίθοιο,
527 1667 567 1732 σὺ
581 1670 614 1732 δὲ
629 1671 779 1749 κρείσσων
794 1670 843 1732 καί
858 1670 967 1749 ἀρείων

178 1768 258 1837 ἐσσί,
275 1767 359 1847 ἄναξ,
376 1769 491 1850 ἐμέθεν,
508 1776 563 1834 σεῦ
578 1773 611 1835 δὲ
626 1772 736 1838 σθένος
751 1774 817 1836 ἐστὶ
831 1775 986 1853 μέγιστον,
1065 1781 1126 1853 [90]

177 1871 210 1933 ἐν
226 1872 323 1958 Κρίσῃ
339 1873 464 1950 ποίησαι
479 1877 537 1938 ἀπὸ
551 1873 843 1964 πτυχὶΠαρνησοῖο.

177 1970 238 2039 ἔνθ’
255 1976 315 2038 οὔθ’
336 1977 451 2057 ἀρματα
466 1981 545 2040 καλὰ
559 1977 728 2056 δονήσεται,
744 1979 810 2042 οὔτε
826 2005 874 2042 τοι
888 1980 989 2043 ίππων
1076 2006 1125 2054 ιγο

157 2077 339 2142 δ’·ὠκυπόδων
355 2080 462 2146 κτόπος
478 2081 565 2146 ἔσται
580 2079 722 2160 ἐΰδμητον
737 2079 805 2164 περὶ
820 2084 936 2163 βωμόν.

177 2183 259 2245 ἀλλὰ
275 2180 323 2247 καὶ
342 2186 381 2250 ὣς
397 2183 583 2266 προσάγοιεν
596 2184 761 2263 Ἰηπαιήονι
782 2192 861 2267 δῶρα

178 2286 343 2366 ἀνθρώπων
356 2292 450 2351 κλυτὰ
465 2293 559 2369 φῦλα,
579 2288 617 2351 σὺ
632 2293 664 2352 δὲ
681 2291 793 2370 φρένας
808 2291 1023 2373 ἀμφιγεγηθὼς
1066 2300 1126 2371 [95]

178 2388 270 2468 δέξαι’
289 2389 446 2471 ίεράικαλά
461 2394 657 2474 περικτιόνων
671 2395 845 2473 ἀνθρώπων.

215 2491 278 2560 Ὣς
293 2493 410 2559 είπαῢσ’
423 2494 551 2560 Ἑκάτου
566 2498 675 2562 πέπιθε
691 2497 812 2578 φρένας,
830 2500 912 2579 ὄφρα
928 2501 957 2562 οἱ
973 2495 1045 2585 αὐτῇ
1075 2521 1124 2574 275

177 2599 344 2684 Τελφούσῃ
361 2598 447 2665 κλέος
463 2603 509 2677 εἴη
526 2603 576 2665 ἐπὶ
591 2603 691 2683 χθονί,
706 2601 773 2680 μηδ’
789 2600 938 2666 Ἑκάτοιο.

179 2699 265 2765 ἔνθεν
281 2704 313 2764 δὲ
330 2705 464 2784 προτέρω
479 2704 566 2780 ἔκιες,
582 2706 746 2782 ἑκατηβόλ’
760 2703 929 2782 Ἀπολλον,

178 2801 240 2880 ίξες
257 2805 280 2868 δ’
301 2807 331 2871 ἐς
346 2807 493 2889 Φλεγύων
507 2809 623 2889 ἀνδρῶν
637 2811 729 2873 πόλιν
744 2809 927 2890 ὑβριστάων,
1048 2821 1126 2885 [τοο]

178 2906 207 2969 οδ
224 2914 297 2974 Διὸς
315 2910 366 2972 οὐκ
383 2911 543 2991 ἀλέγοντες
558 2913 608 2975 ἐπὶ
626 2914 714 2996 χθονὶ
729 2912 926 2979 ναιετάασκον

178 3012 211 3073 ἐν
227 3013 303 3099 καλῇ
318 3011 426 3100 βήσσῃ
443 3016 612 3094 Κηφισίδος
627 3017 732 3099 ἐγγύθι
746 3018 863 3096 λίμνης.
1076 3035 1125 3083 α8ο

178 3115 265 3179 ἔνθεν
281 3120 474 3197 καρπαλίμως
493 3120 649 3200 προσέβης
665 3126 738 3200 πρὸς
753 3121 873 3204 δειράδα
889 3123 975 3199 θόων,

177 3221 241 3284 ίκεο
257 3222 282 3285 δ’
302 3223 332 3288 ἐς
349 3224 465 3304 Κρίσην
479 3223 537 3288 ὑπὸ
552 3229 716 3305 Παρνησὸν
730 3227 884 3306 νιφόεντα,

177 3325 290 3404 κνημὸν
304 3327 377 3407 πρὸς
394 3327 520 3410 ζέφυρον
535 3328 746 3409 τετραμμένον,
761 3330 853 3412 αὐτὰρ
871 3332 998 3412 ὕπερθεν
1049 3342 1126 3408 [105]

177 3429 271 3509 πέτρη
288 3431 488 3511 ἐπικρέμαται,
505 3433 593 3509 κοίλη
608 3430 634 3495 δ’
648 3433 831 3516 ὑποδέδρομε
847 3438 964 3514 βῆσσα,

178 3533 307 3614 τρηχεῖ’·
330 3535 402 3597 ἔνθα
417 3535 496 3614 ἄναξ
507 3535 674 3617 τεκμήρατο
689 3541 806 3615 Φοῖβος
820 3538 984 3604 Ἀπόλλων
1076 3555 1124 3616 ²⁸5

178 3641 250 3714 νηὸν
265 3635 451 3716 ποιήσασθαι
467 3637 615 3720 ἐπήρατον
633 3639 702 3704 εἶπέ
717 3666 748 3705 τε
763 3647 867 3721 μῦθον·

507 3766 552 3819 ²⁷²
571 3772 608 3803 τοι
620 3772 666 3820 pro
677 3755 717 3804 καί
729 3758 766 3808 M.

604 3836 704 3920 Hh3
