2908 4232
398 309 461 378 502
726 305 776 368 24.
802 291 972 352 ΙΛΙΑΔΟΣ
995 292 1034 353 Ω.

400 461 545 544 εἰσορόων
561 461 636 541 ὄφιν
651 456 677 521 τ’
693 459 811 541 ἀγαθὴν
826 459 875 522 καὶ
888 462 984 538 μῢθον
999 458 1122 522 ἀκούων.

399 565 491 646 αὐτὰρ
507 563 573 627 ἐπεὶ
587 560 747 643 τάρπησαν
763 564 795 628 ἐς
809 559 963 640 ἀλλήλους
978 561 1130 641 ὁρόωντες,

398 667 450 731 τὸν
465 667 608 748 πρότερος
623 664 787 747 προσέειπε
801 664 898 747 γέρων
914 665 1050 744 Πρίαμος
1065 661 1200 742 θεοειδής·

399 778 419 807 “
428 768 520 848 λέξον
535 775 588 835 νῦν
601 795 640 848 με
654 767 795 851 τάχιστα,
812 766 976 850 διοτρεφές,
994 770 1082 848 ὄφρα
1090 769 1139 831 καὶ
1152 766 1203 846 ήδη
1244 831 1246 838 ,

397 874 480 958 ύπνιρ
495 874 553 937 ύπο
569 873 704 957 γλυκερῷ
721 872 900 953 ταρπώμεθα
916 868 1115 950 κοιμηθέντες·

399 976 433 1040 ού
448 975 505 1059 γάρ
520 1002 567 1040 πω
585 975 685 1055 μύσαν
700 978 778 1038 ὄσσε
792 976 851 1038 ὑπὸ
866 972 1074 1054 βλεφάροισιν
1089 975 1202 1052 ἐμοῖσιν

400 1079 436 1160 ἐξ
450 1081 484 1144 ού
500 1083 558 1166 σῇς
572 1081 630 1144 ὑπὸ
645 1079 755 1162 χερσὶν
771 1079 842 1157 ἐμὸς
857 1076 928 1144 πάϊς
944 1078 1043 1140 ὤλεσε
1060 1078 1162 1154 θυμόν,

399 1184 468 1248 ἀλλ’
485 1186 544 1249 αἰεὶ
560 1183 699 1266 στενάχω
716 1182 765 1248 καὶ
780 1182 872 1262 κήδεα
886 1183 976 1263 μυρία
990 1181 1108 1258 πέσσω,

399 1288 491 1365 αύλῆς
507 1290 539 1352 ἐν
553 1290 692 1370 χόρτοισι
708 1288 919 1366 κυλινδόμενος
935 1285 1009 1349 κατὰ
1026 1287 1146 1366 κόπρον.

399 1397 451 1456 νῦν
466 1391 502 1470 δή
518 1389 567 1454 καὶ
582 1393 668 1454 σίτου
683 1388 828 1468 πασάμην
844 1389 892 1453 καὶ
907 1391 1019 1453 αίθοπα
1034 1388 1118 1453 οἶνον

398 1494 561 1573 λαυκανίης
576 1493 716 1571 καθέηκα·
740 1491 833 1573 πάρος
847 1518 884 1574 γε
897 1495 953 1572 μέν
968 1491 1003 1555 ού
1018 1517 1047 1555 τι
1062 1488 1251 1571 πεπάσμην.”

437 1595 482 1658 Ἦ
496 1595 540 1679 ῤ’,
555 1595 698 1680 Ἀχιλεὺς
713 1592 739 1659 δ’
756 1594 910 1676 ἑτάροισιν
925 1597 970 1659 ίδέ
985 1597 1103 1682 δμωῇσι
1118 1594 1244 1658 κέλευσε

399 1700 491 1782 δέμνι’
507 1702 555 1766 ὑπ’
574 1704 702 1787 αἰθούσῃ
718 1700 841 1781 θέμεναι
856 1702 905 1764 καὶ
918 1699 1014 1783 ῥήγεα
1029 1703 1110 1764 καλὰ

399 1804 543 1887 πορφύρε’
558 1803 733 1887 ἐμβαλέειν,
750 1803 895 1886 στορέσαι
911 1801 936 1867 τ’
954 1803 1106 1885 ἐφύπερθε
1120 1801 1262 1882 τάπητας,

399 1909 528 1992 χλαίνας
543 1907 567 1970 τ’
585 1906 741 1988 ἐνθέμεναι
757 1907 849 1974 σύλας
865 1906 1049 1989 καθύπερθεν
1065 1906 1206 1970 έσασθαι.

400 2015 431 2076 αἱ
446 2012 471 2077 δ’
487 2015 559 2077 ίσαν
574 2013 606 2075 ἐκ
621 2009 765 2094 μεγάροιο
781 2010 852 2078 δάος
866 2014 943 2091 μετὰ
958 2012 1066 2093 χερσὶν
1082 2011 1219 2093 ἔχουσαι,

400 2117 478 2198 αἶψα
494 2114 518 2179 δ’
536 2115 593 2197 άρα
608 2115 760 2196 στόρεσαν
775 2116 846 2178 δοιὼ
862 2111 946 2200 λέχε’
963 2115 1167 2198 ἐγκονέουσαι.

399 2221 452 2286 τὸν
467 2218 492 2283 δ’
509 2217 728 2300 ἐπικερτομέων
743 2217 882 2300 προσέφη
899 2219 994 2285 πόδας
1009 2217 1085 2283 ὠκὺς
1098 2215 1274 2297 Ἀχιλλεύς·

401 2329 418 2360 “
428 2323 513 2390 ἐκτὸς
527 2325 582 2403 μὲν
598 2323 633 2403 δὴ
649 2322 732 2403 λέξο,
748 2323 838 2407 γέρον
855 2325 938 2405 φίλε,
951 2321 992 2404 μή
1008 2347 1053 2386 τις
1068 2323 1201 2397 Ἀχαιῶν

400 2425 497 2492 ἐνθάδ’
514 2425 681 2513 ἐπέλθῃσιν
695 2431 900 2509 βουληφόρος,
915 2428 946 2489 σί
959 2422 1053 2500 τέμοι
1068 2420 1126 2483 αἰεὶ

400 2532 516 2610 βουλδς
530 2532 715 2611 βουλεύουσι
730 2530 902 2614 παρήμενοι,
918 2524 936 2603 ἣ
954 2523 1034 2602 θέμις
1048 2521 1124 2583 ἐστί·

400 2641 459 2698 τῶν
474 2638 503 2700 εί
516 2636 561 2702 τίς
576 2663 613 2701 σε
628 2639 723 2700 ἴδοιτο
739 2633 812 2712 θοήν
826 2631 874 2694 διδ
889 2627 978 2692 νύκτα
990 2621 1147 2701 μέλαιναν,

400 2739 491 2803 αὐτίκ’
507 2739 544 2805 δν
560 2739 675 2820 ἐξείποι
693 2731 889 2818 Ἀγαμέμνονι
904 2722 1024 2802 ποιμένι
1038 2730 1130 2803 λαῶν,

398 2840 449 2903 καί
463 2866 514 2904 κεν
530 2839 701 2920 ἀνάβλησις
714 2829 820 2894 λύσιος
836 2826 952 2903 νεκροῖο
967 2821 1100 2904 γένηται.

398 2941 469 3006 ἀλλ’
485 2945 540 3027 άγε
554 2963 605 3024 μοι
620 2937 686 3002 τόδε
701 2930 765 2994 aaz
782 2924 830 2990 καὶ
845 2924 988 3006 ἀτρεκέως
1003 2925 1185 3006 κατάλεξον,

397 3049 558 3128 ποσσῆμαρ
571 3033 700 3121 μέμονας
716 3027 897 3109 κτερεϊζέμεν
908 3026 1040 3111 Ἕκτορα
1053 3034 1129 3104 δῖον,

398 3158 476 3237 ὄφρα
490 3139 560 3208 εέοιι
575 3133 661 3200 ούτός
675 3157 708 3195 τε
722 3129 799 3210 μένω
815 3129 864 3195 καὶ
879 3131 955 3196 λαὸν
971 3132 1109 3216 ἐρύκωίῖ)

435 3249 495 3320 Τδι
512 3239 537 3308 θ’
552 3231 686 3316 ’ἐμάθετ’
701 3234 805 3298 ἔπειτα
820 3233 918 3316 γέρων
932 3236 1069 3316 Πρίαμος
1087 3241 1245 3318 θεοειδής·

399 3365 416 3394 “
426 3359 452 3423 <z
466 3351 517 3438 μιν
531 3336 565 3418 δή
580 3342 611 3417 μ’
626 3337 742 3404 ἐθέλεις
756 3335 880 3402 τελέσαι
894 3336 994 3418 τάφον
1005 3339 1129 3424 Ἕκτορι
1151 3345 1223 3428 δίῳ,

401 3459 458 3526 ὧδέ
475 3451 504 3524 ιιί
518 3467 564 3530 '⁸⁰‘
578 3441 679 3522 ῥέζων,
695 3438 828 3525 Ἀχιλεῦ,
844 3443 1046 3523 κεχαρισμένα
1061 3447 1155 3526 θείης.

403 3567 492 3630 οἶσθα
507 3549 559 3642 γάρ
575 3544 613 3608 ὣς
630 3550 703 3611 κατὰ
717 3547 794 3612 άστυ
809 3543 945 3625 ἐέλμεθα,
960 3548 1067 3625 τηλόθι
1082 3549 1107 3613 δ’
1123 3553 1189 3631 ύλη

406 3669 511 3751 ἀξέμεν
524 3649 555 3734 ἐξ
568 3647 658 3728 ὄρεος,
674 3649 756 3728 μάλα
770 3654 804 3715 δέ
817 3655 917 3734 Τρῶες
931 3654 1075 3719 δεδίασιν.
