2738 4226
475 383 523 428 11.
550 369 721 429 ΙΛΙΑΔΟΣ
742 369 779 429 Λ.
1039 379 1099 445 217

161 537 225 601 οἶδα
239 538 298 620 γάρ
314 537 378 601 ὅττι
394 537 479 600 κακοὶ
493 538 549 618 μὶν
564 538 743 622 ἀποίχονται
758 536 914 620 πολέμοιο,

160 639 192 706 ὃς
206 639 240 704 δέ
256 638 281 702 κ’
298 639 475 726 ἀριστεύῃσι
489 639 572 727 μάχῃ
589 641 641 720 ἔνι,
656 641 710 706 τὸν
723 644 756 704 δὲ
770 640 853 719 μάλα
867 642 946 725 χρεὼ

160 740 323 823 ἑπόμεναι
338 749 494 825 κρατερῶς,
509 743 529 822 ή
544 742 571 805 τ’
587 744 693 822 ἔβλητ’
709 742 728 822 ή
743 743 768 806 τ’
786 743 874 824 ἔβαλ’
891 742 1018 808 ἀλλον.”
1054 769 1103 816 410

194 843 275 912 Ἧος
290 847 307 909 ό
322 845 404 909 ταῦθ’
420 847 550 928 ὥρμαινε
565 845 640 910 κατά
655 845 753 928 φρένα
770 847 818 910 καὶ
835 850 909 910 κατά
926 849 1027 926 θυμόν,

160 949 257 1030 τόφρα
272 949 297 1012 δ’
314 950 364 1012 ἐπὶ
379 949 491 1030 Τρώων
506 950 611 1032 στίχες
626 947 739 1028 ἤλυθον
755 949 944 1023 ἀσπιστάων,

160 1054 257 1116 ἔλσαν
272 1051 297 1116 δ’
313 1054 347 1114 ἔν
361 1051 518 1130 μέσσοισι,
533 1054 608 1131 μετὰ
625 1055 718 1134 σφίσι
734 1055 817 1132 πῆμα
831 1054 972 1120 τιθέντες.

160 1155 199 1222 ῶς
214 1155 239 1220 δ’
256 1157 307 1221 ὅτε
322 1155 449 1239 κάπριον
463 1158 541 1238 ἀμφὶ
557 1158 641 1224 κύνες
661 1160 785 1241 θαλεροί
799 1159 824 1222 τ’
842 1159 939 1239 αἰζηοὶ

161 1256 317 1331 σεύωνται,
334 1260 351 1322 ό
366 1259 400 1323 δέ
413 1259 439 1322 τ’
457 1259 518 1323 εἶσι
532 1261 662 1340 βαθείης
678 1262 711 1322 ἔκ
727 1259 871 1343 ξυλόχοιο
1055 1285 1103 1332 415

161 1358 260 1439 θήγων
274 1361 384 1426 λευκὸν
398 1363 507 1428 ὀδόντα
521 1366 596 1443 μετά
611 1365 786 1449 γναμπτῇσι
800 1362 956 1446 γένυσσιν,

161 1465 237 1546 ἀμφὶ
251 1463 286 1529 δέ
300 1463 327 1528 τ’
342 1464 514 1540 ἀΐσσονται,
528 1467 601 1532 ύπαὶ
617 1466 651 1530 δέ
665 1492 700 1530 τε
715 1466 829 1547 κόμπος
844 1467 976 1532 ὀδόντων

159 1567 305 1651 γίγνεται,
321 1571 350 1634 οἶ
365 1570 399 1633 δὲ
415 1568 559 1649 μένουσιν
574 1570 657 1651 ἄφαρ
672 1570 771 1634 δεινόν
786 1595 843 1651 περ
858 1571 955 1643 ἐόντα,

159 1673 198 1738 ῶς
212 1673 251 1755 ῥα
265 1671 326 1735 τότ’
343 1672 419 1753 ἀμφ’
434 1672 571 1752 Ὀδυσῆα
586 1675 723 1754 διίφιλον
739 1674 901 1738 ἐσσεύοντο

159 1780 267 1855 Τρῶες·
290 1777 307 1840 ό
323 1778 356 1840 δὲ
371 1778 559 1857 πρῶτονμὲν
575 1775 711 1855 ἀμύμονα
727 1776 896 1854 Δηϊοπίτην
1054 1802 1105 1850 420

160 1878 287 1944 οὔτασεν
301 1875 383 1960 ῶμον
397 1879 526 1960 ύπερθεν
541 1877 711 1957 ἐπάλμενος
725 1877 790 1956 ὀξέἳ
804 1881 896 1962 δουρί,

161 1981 251 2061 αὐτὰρ
268 1981 373 2046 ἔπειτα
388 1982 501 2046 Θόωνα
515 1982 564 2045 καὶ
577 1981 729 2062 Ἔννομον
744 1979 905 2061 ἐξενάριξε.

159 2078 391 2160 Χερσιδάμαντα
406 2078 433 2144 δ’
449 2079 562 2156 ἔπειτα,
579 2078 645 2143 καθ’
661 2081 762 2144 ἵππων
777 2079 912 2159 ἀίξαντα,

161 2183 241 2264 δουρὶ
258 2185 333 2246 κατὰ
347 2184 517 2264 πρότμησιν
531 2179 581 2247 ὑπ’
598 2183 727 2248 ἀσπίδος
742 2181 963 2263 ὀμφαλοέσσης

162 2283 256 2362 νύξεν·
276 2287 293 2347 ὁ
309 2282 336 2348 δ’
352 2287 385 2347 ἔν
400 2285 520 2371 κονίῃσι
534 2285 639 2349 πεσῶν
654 2285 708 2349 ἕλε
719 2290 812 2368 γαῖαν
827 2286 959 2369 ἀγοστῷ.
1056 2314 1105 2363 4²5

161 2387 227 2454 τοὺς
241 2388 298 2466 μὶν
314 2379 390 2464 ἔασ’,
408 2389 425 2451 ό
441 2387 465 2451 δ’
483 2387 527 2470 ἄρ’
544 2387 727 2468 Ἱππασίδην
742 2387 858 2470 Χάροπ’
875 2387 986 2452 οὔτασε
1002 2393 1093 2471 δουρί,

162 2491 418 2573 αὐτοκασίγνητον
434 2489 595 2572 εύηφενέος
611 2492 736 2556 Σιύκοιο.

161 2598 201 2679 τῷ
216 2594 241 2658 δ’
259 2593 459 2674 ἐπαλεξήσων
473 2599 575 2661 Σῶκος
591 2597 661 2674 κίεν,
678 2597 799 2661 ἰσόθεος
814 2595 890 2676 φύς,

162 2702 216 2776 στῆ
232 2701 265 2762 δὲ
279 2695 353 2777 μάλ’
369 2698 458 2781 ἔγγδς
474 2699 527 2762 ίῶν
544 2699 596 2762 καί
607 2724 660 2777 μιν
674 2699 750 2780 πρὸς
764 2703 859 2778 μῦθον
876 2701 986 2764 ἔειπεν·

162 2799 212 2864 “ῶ
226 2801 359 2866 Ὀδυσεΰ
373 2801 528 2874 πολύαινε,
547 2803 646 2865 δόλων
661 2801 705 2864 ἆτ’
722 2801 775 2880 ήδέ
791 2802 908 2877 πόνοιο,
1055 2831 1105 2878 430

163 2903 294 2987 σήμερον
309 2900 328 2982 ἢ
343 2909 473 2968 δοιοῖσιν
489 2902 628 2982 ἐπεύξεαι
643 2902 852 2990 Ἱππασίδῃσι,

163 3006 257 3070 τοιάδ’
273 3005 364 3087 άνδρε
380 3005 572 3072 κατακτείνας
588 3009 638 3070 καὶ
653 3006 749 3090 τεύχε’
767 3008 906 3088 ἀπούρας,

163 3107 181 3186 ή
194 3136 244 3174 κεν
260 3110 321 3192 ἔμῷ
337 3109 395 3172 ὑπὸ
411 3108 493 3189 δουρὶ
508 3109 611 3174 τυπεὶς
626 3110 686 3173 ἀπδ
702 3110 795 3188 θυμὸν
811 3108 975 3196 ὀλέσσῃς.”

197 3211 260 3278 Ὣς
275 3212 368 3275 είπῶν
384 3211 494 3291 ούτησε
509 3211 574 3274 κατ’
590 3213 705 3277 ἀσπίδα
720 3211 846 3279 πάντοσ’
864 3213 961 3295 ἐίσην.

164 3317 210 3377 διδ
223 3315 278 3394 μὲν
294 3315 424 3380 ἀσπίδος
439 3313 515 3393 ήλθε
531 3316 656 3395 φαεινῆς
672 3317 803 3396 ὄβριμον
818 3315 918 3398 ἔγχος,
1055 3344 1104 3394 ⁴35

166 3419 210 3480 καὶ
225 3419 275 3481 διὰ
294 3417 427 3499 θιύρηκος
442 3417 667 3482 πολυδαιδάλου
681 3418 851 3500 ἠρήρειστο,

166 3518 259 3583 πάντα
273 3523 299 3584 δ’
315 3520 375 3584 άπὸ
390 3527 529 3602 πλευρῶν
543 3522 622 3603 χρόα
639 3523 774 3604 ἔργαθεν,
792 3517 860 3585 ούδέ
875 3520 900 3584 τ’
918 3522 991 3590 ἔασε

166 3625 291 3690 Παλλάς
305 3622 452 3702 Ἀθηναίη
467 3623 650 3706 μιχθήμεναι
666 3625 774 3707 ἔγκασι
790 3626 900 3706 φωτός.

165 3731 223 3804 γνῶ
238 3724 264 3790 δ’
279 3725 429 3791 Ὀδυσεὺς
442 3726 461 3790 ὅ
476 3727 505 3789 οἱ
520 3727 555 3790 ού
570 3751 599 3790 τι
614 3725 703 3793 τέλος
718 3728 909 3809 κατακαίριον
924 3727 1027 3807 ἦλθεν,
