2760 4232
266 370 331 434 994
667 356 817 416 τωυοι.

265 518 347 584 αὐτοὶ
362 518 388 582 δ’
404 518 560 604 εὐνομίῃσι
575 519 667 584 πόλιν
683 519 759 584 κάτα
775 507 995 602 καλλιγύναικα
1079 533 1084 546 ’

186 670 189 676 -
271 621 464 704 κοιρανέουσ’,
480 623 577 702 ὄλβος
591 625 624 689 δὲ
639 623 735 689 πολύς
750 625 799 687 καὶ
815 629 944 690 πλοῦτος
958 625 1074 702 όπηδεῖ·

266 731 370 792 παῖδες
385 725 410 788 δ’
426 726 595 812 εὐφροσύνῃ
611 727 752 806 νεοθηλέι·
767 728 919 805 κυδιόωσι,

266 830 443 908 παρθενικαί
455 856 488 894 τε
502 835 605 912 χοροῖς
620 831 844 912 φεμεσανθέσιν
859 832 983 914 εὔφρονι
999 833 1082 917 θυμῷ

266 934 427 1011 παίζουσαι
443 936 601 1015 σκαίρουσι
618 933 682 998 κατ’
696 935 790 998 ἀνθεα
804 935 947 1013 μαλθακὰ
961 937 1061 1014 ποίης,
1186 963 1215 1012 ¹5

267 1038 317 1103 οθς
334 1063 366 1101 κε
382 1037 420 1100 σύ
435 1036 572 1125 τιμήσῃς,
589 1038 684 1119 σεμνὴ
701 1035 763 1114 θεά,
778 1037 897 1119 ἄφθονε
912 1044 1027 1118 δαῖμον.

311 1145 414 1223 Χαῖρε,
430 1146 507 1205 θεῶν
520 1139 626 1223 μήτηρ,
643 1140 732 1225 ἄλοχ’
747 1143 885 1223 Οὐρανοῦ
901 1145 1106 1225 ἀστερόεντος,

267 1245 412 1327 πρόφρων
426 1245 452 1308 δ’
469 1243 532 1309 ἀντ’
547 1243 624 1332 (ρ’δῆς
638 1247 747 1326 βίοτον
762 1244 882 1328 θυμήρε’
898 1247 1000 1325 ὄπαζε·

267 1349 358 1430 αὐτὰρ
374 1350 432 1430 ἐγὼ
449 1347 496 1412 καὶ
512 1355 579 1414 σεῖο
596 1352 644 1414 καὶ
661 1349 758 1428 ἀλλης
775 1349 907 1430 μνήσομ’
924 1351 1036 1429 ἀοιδῆς.

660 1717 825 1794 ΧΧΧΙ.

632 1907 694 1984 Εἷς
715 1901 857 1979 Ἥλιον.

307 2071 422 2135 Ἥλιον
437 2074 541 2152 ὑμνεῖν
554 2074 625 2137 αὐτε
641 2080 716 2139 Διὸς
731 2073 816 2139 τέκος
831 2073 923 2154 ἄρχεο
940 2076 1052 2135 Μοῦσα

269 2177 442 2255 Καλλιόπη,
456 2177 620 2259 φαέθοντα,
634 2183 686 2241 τὸν
701 2175 907 2258 Εὐρυφάεσσα
921 2182 1038 2257 βοιῖπις

268 2283 388 2364 γείνατο
403 2282 495 2359 Γαίης
510 2279 593 2345 παιδὶ
611 2283 659 2345 καὶ
674 2281 812 2362 Οὐρανοῦ
828 2277 1033 2360 ἀστερόεντος·

269 2388 345 2466 γῆμε
361 2387 417 2468 γὰρ
433 2384 655 2466 Εὐρυφάεσσαν
671 2384 854 2466 ἀγακλειτὴν
868 2379 1026 2464 Ὑπερίων,

267 2487 536 2571 αὐτοκασιγνήτην,
550 2489 570 2566 ἥ
587 2491 615 2552 οἱ
631 2487 695 2551 τέκε
710 2486 844 2567 κάλλιμα
858 2486 959 2564 τέκνα,

267 2587 333 2655 Ἠῶ
349 2617 381 2655 τε
395 2593 576 2674 ῥοδόπηχυν,
593 2591 783 2669 ἐῦπλόκαμόν
798 2616 833 2654 τε
849 2588 993 2669 Σελήνην,

268 2693 395 2759 Ἠέλιόν
411 2695 436 2756 τ’
452 2692 605 2772 ἀκάμαντ’,
622 2694 792 2760 ἐπιείκελον
808 2694 1012 2769 ἀθανάτοισιν,

269 2796 302 2863 δς
317 2799 418 2879 φαίνει
434 2802 571 2876 θνητοῖσι
587 2799 636 2861 καὶ
651 2797 830 2862 ἀθανάτοισι
846 2801 963 2861 θεοῖσιν

269 2902 373 2968 ἵπποις
390 2901 560 2980 ἔμβεβαός·
585 2901 732 2981 σμερδνὸν
747 2900 773 2966 δ’
789 2902 808 2963 ό
822 2927 857 2983 γε
873 2899 1008 2981 δέρκεται
1025 2902 1132 2964 ὄσσοις

268 3005 395 3090 χρυσέης
411 3004 442 3066 ἐκ
459 3005 591 3085 κόρυθος,
606 3005 741 3086 λαμπραὶ
756 3002 782 3069 δ’
798 3006 914 3069 ἀκτῖνες
930 3004 981 3068 ἀπ’
997 3003 1088 3066 αὐτοῦ
1185 3029 1215 3064 ιο

269 3111 394 3190 αίγλῆεν
410 3108 584 3187 στίλβουσι,
601 3107 681 3187 παρά
698 3107 855 3190 κροτάφων
871 3132 904 3172 τε
918 3109 1039 3188 παρειαί

269 3208 403 3292 λαμπραὶ
420 3211 479 3275 ἀπδ
495 3210 601 3292 κρατὸς
615 3213 722 3295 χαρίεν
737 3211 898 3293 κατέχουσι
914 3213 1078 3292 πρόσωπον

268 3313 424 3396 τηλαυγές·
447 3316 540 3381 καλὸν
554 3318 587 3380 δὲ
603 3316 671 3396 περὶ
685 3313 757 3398 χροὶ
770 3314 922 3396 λάμπεται
939 3315 1028 3380 ἔσθος

306 3523 335 3572 14
351 3507 526 3570 φερεσινθέσιν
538 3509 648 3567 Emesti3
666 3504 836 3569 περεσανθίσιν
847 3524 878 3566 κς
895 3506 947 3570 παρ’
958 3504 1082 3556 εὐανθέσιν
1094 3525 1117 3571 p.
1182 3521 1215 3569 ·15

268 3586 374 3650 παίζουσι
386 3586 458 3636 οοάά.
469 3604 475 3647 ;
487 3603 548 3638 corr.
558 3591 576 3636 1·
588 3603 653 3636 man.
667 3601 680 3634 ν
693 3594 718 3636 et
729 3587 878 3636 Demetrius.
923 3583 1035 3647 χαίρουσι
1047 3585 1136 3640 codd.;
1154 3601 1217 3636 corr.

268 3666 399 3714 Ruhnken.
525 3665 624 3714 XXXI.
649 3682 666 3728 4
683 3663 834 3726 ἀγακλειτὴν
851 3663 937 3718 οοάδ.;
962 3677 1024 3713 οοττ.
1045 3665 1070 3712 D
1088 3664 1217 3726 (Ambms.

267 3743 288 3791 B
300 3744 331 3805 98
344 3741 417 3806 ευρ).
