2738 4226
453 355 502 422 13.
526 343 698 401 ιλιΑΔον
721 343 761 407 Ν.

138 507 255 572 τούνεκα
270 506 320 571 κοί
334 509 434 594 βουλῇ
449 506 566 575 ἐθέλεις
580 509 765 590 περιίδμεναι
780 509 895 576 ἀλλων·

136 610 203 676 ἀλλ’
218 611 253 674 ού
268 637 331 678 πως
346 611 407 690 άμα
421 610 520 676 πάντα
534 609 677 690 δυνήσεαι
693 610 780 678 αάτδς
796 612 933 678 ἑλέσθαι.

135 715 216 800 άλλιρ
231 717 287 795 μὲν
301 717 360 797 γδιρ
376 713 467 779 ἔδωκε
486 713 553 780 θεδς
568 713 720 793 πολεμήϊα
736 714 817 796 ἔργα,
1030 733 1081 792 730

136 813 233 903 [ἀλλιρ
249 817 274 881 δ’
290 817 450 899 ὀρχηστύν,
467 815 557 902 ἑτέρῳ
574 817 691 898 κίθαριν
707 817 756 881 καὶ
771 813 900 903 ἀοιδήν,]

134 920 216 1005 άλλῳ
231 919 257 985 δ’
273 923 307 985 ἐν
322 919 471 998 στήθεσσι
486 925 564 985 τιθεῖ
578 921 650 984 νόον
668 921 800 1000 εὐρύοπα
815 920 891 986 Ζεδς

135 1025 253 1095 ἐσθλόν,
270 1028 322 1085 τοῦ
338 1022 371 1086 δέ
385 1047 419 1088 τε
434 1024 548 1087 πολλοὶ
563 1021 773 1104 ἐπαυρίσκοντ’
790 1023 951 1104 ἄνθρωποι,
994 1033 997 1036 ’

134 1125 182 1188 καί
197 1150 231 1189 τε
246 1124 362 1192 πολέας
376 1124 506 1198 ἐσάωσε,
522 1111 657 1206 μάλιστα
673 1124 706 1186 δὲ
722 1123 828 1190 καύτὸς
843 1123 968 1207 ἀνέγνω.

133 1227 221 1309 οὐτδρ
237 1228 316 1310 ἐγδν
331 1227 404 1310 ἐρέω
419 1231 459 1295 ὥς
469 1255 521 1309 μοι
537 1232 619 1294 δοκεῖ
634 1227 711 1292 εἶναι
726 1227 846 1309 άριστο·
1027 1250 1075 1306 735

132 1327 226 1414 πάντῃ
241 1330 299 1412 γάρ
315 1356 353 1395 σε
367 1331 435 1412 περὶ
450 1329 602 1413 στέφανος
617 1328 764 1409 πολέμοιο
780 1327 876 1408 δέδηε·

132 1436 229 1512 Τρῶες
244 1435 277 1496 δὲ
290 1431 465 1515 μεγάθυμοι,
482 1434 548 1498 ἐπεὶ
564 1434 639 1497 κοτδ
653 1437 755 1514 τεῖχος
770 1432 899 1512 ἔβησαν,

132 1537 228 1614 οἱμὲν
244 1537 418 1616 ἀφεστᾶσιν
433 1535 491 1602 σὺν
503 1535 655 1619 τεύχεσιν,
672 1537 701 1598 αἱ
716 1537 750 1600 δέ
764 1534 915 1618 μάχονται

132 1639 306 1719 παυρότεροι
321 1638 497 1718 πλεόνεσσι,
513 1637 709 1704 κεδασθέντες
724 1641 799 1702 κατὰ
815 1643 896 1718 νῆας.

132 1740 200 1804 ἀλλ’
216 1741 469 1824 ἀναχασσάμενος
484 1741 572 1806 κάλει
589 1738 695 1805 ἐνθάδε
711 1739 825 1808 πόντος
840 1742 990 1823 ἀρίστους·
1027 1766 1074 1818 για
1168 1795 1171 1808 .

132 1844 214 1907 ἔνθεν
228 1841 255 1908 δ’
271 1843 309 1907 δν
322 1843 407 1923 μάλα
421 1849 524 1910 πᾶσαν
539 1843 810 1925 ἐπιφρασσαίμεθα
824 1842 953 1923 βουλήν,

130 1945 148 2022 ἥ
162 1972 214 2012 κεν
228 1948 274 2012 ἐνὶ
290 1945 399 2026 νήεσσι
414 1945 600 2025 πολυκλήϊσι
615 1943 765 2026 πέσωμεν,

130 2053 161 2112 οἴ
174 2047 200 2112 κ’
215 2049 342 2135 ἐθέλῃσι
358 2049 425 2116 θεὸς
441 2051 564 2131 δόμεναι
580 2048 693 2129 κράτος,
710 2045 728 2126 ή
746 2075 798 2114 κευ
813 2048 917 2113 ἔπειτα

131 2156 187 2233 πὰρ
203 2159 282 2231 νηιδν
298 2153 433 2233 ἔλθωμεν
448 2151 610 2232 ἀπήμονες.
644 2151 735 2234 ήγδρ
753 2152 812 2235 ίγιί
827 2178 864 2233 γε

129 2259 213 2319 δείδω
228 2256 270 2334 μή
285 2255 320 2319 τδ
335 2255 440 2338 χθιζόν
455 2254 689 2334 ἀποστήσωνται
704 2253 825 2337 Ἀχαιοὶ
1025 2276 1072 2332 745

128 2364 236 2440 χρεῖος,
253 2359 319 2422 ἐπεὶ
335 2361 416 2441 πορδ
431 2360 538 2438 νηυσὶν
553 2358 627 2439 ἀνὴρ
642 2359 713 2424 ἆτος
728 2355 875 2436 πολέμοιο

127 2462 236 2541 μίμνει,
253 2460 289 2524 δν
307 2460 405 2524 οὐκέτι
420 2460 523 2544 πάγχυ
536 2460 635 2544 μάχης
651 2459 825 2542 σχήσεσθαι
841 2455 925 2524 ἀίω.”

163 2562 227 2629 Ὣς
241 2562 322 2643 φάτο
337 2563 547 2642 Πουλυδάμας,
564 2563 617 2628 άδε
632 2560 660 2627 δ’
670 2562 795 2644 Ἕκτορι
809 2568 902 2641 μῦθος
918 2561 1052 2643 ἀπήμων,

129 2662 249 2752 [αὐτίκα
263 2664 289 2730 δ’
305 2663 343 2744 ἐξ
355 2665 453 2748 ὀχέων
468 2664 524 2730 σὺν
539 2667 679 2748 τεύχεσιν
694 2667 770 2728 δλτο
785 2661 917 2755 χαμᾶζε]

127 2772 177 2832 καί
188 2795 241 2849 μιν
256 2766 402 2850 φωνήσας
417 2769 492 2833 έπεα
508 2769 673 2849 πτερόεντα
687 2769 854 2849 προσηύδα·
1024 2793 1072 2846 750

128 2878 145 2904 “
155 2868 350 2951 Πουλυδάμα,
366 2871 405 2934 σδ
418 2875 475 2952 μὲν
489 2870 580 2934 αὐτοῦ
595 2871 717 2952 ἐρύκακε
732 2869 847 2936 πάντας
863 2870 1012 2952 ἀρίστους,

126 2981 216 3064 αὐτὰρ
232 2983 291 3064 ἐγὼ
308 2979 386 3045 κεῖσ’
401 2982 461 3059 εἶμι
478 2982 527 3045 καὶ
542 2981 651 3046 ἀντιόω
666 2979 824 3060 πολέμοιο·

125 3085 205 3166 αἶψα
219 3081 246 3148 δ’
261 3083 425 3174 ἐλεύσομαι
441 3083 533 3162 αδτις,
548 3084 625 3162 ἐπήν
641 3083 673 3149 εδ
688 3088 750 3149 τοῖς
766 3078 937 3146 ἐπιτείλω.”

159 3187 205 3251 Ἦ
215 3190 264 3272 ῥα,
278 3187 327 3250 καὶ
342 3185 462 3268 ὡρμήθη
479 3188 543 3268 ὄρεϊ
557 3185 694 3267 νιφόεντι
710 3185 823 3260 ἐοικός,

126 3291 287 3373 κεκληγώς,
303 3293 354 3354 διδ
368 3292 401 3354 δὲ
415 3290 527 3372 Τροίων
541 3288 638 3353 πέτετ’
654 3287 701 3367 ἠδ’
715 3288 892 3370 ἐπικούρων.
1024 3311 1072 3366 755

125 3395 153 3455 οἱ
169 3392 195 3456 δ’
212 3396 243 3460 ἐς
259 3390 433 3473 Πανθοΐδην
449 3390 625 3476 ἀγαπήνορα
639 3390 881 3469 Πουλυδάμαντα

125 3495 235 3562 πάντες
250 3478 455 3569 ἐπεσσεύοντ’,
471 3496 538 3558 ἐπεὶ
548 3493 693 3576 Ἕκτορος
708 3496 817 3559 ἔκλυον
832 3491 934 3572 αὐδήν.

125 3599 218 3680 αὐτὰρ
233 3600 250 3662 δ
266 3595 432 3679 Δηΐφοβόν
446 3623 480 3662 τε
494 3599 568 3677 βίην
582 3597 608 3661 θ
624 3595 766 3660 Ἑλένοιο
781 3597 907 3663 ἄνακτος

124 3697 273 3781 Ἀσιάδην
287 3701 312 3765 τ’
329 3700 501 3780 Ἀδάμαντα
517 3702 566 3765 καὶ
578 3699 695 3779 Ἀσιον,
710 3698 856 3778 Ὑρτάκου
870 3700 945 3771 υἱόν,
