2746 4228
278 361 297 420 6
611 372 648 420 -1.
673 353 844 421 ΙΛΙᾸΔΟΣ
867 362 905 422 Α.

281 523 386 606 οὐγὰρ
402 524 460 607 έγδ
475 523 587 606 Τρώων
602 523 677 590 ἕνεκ’
693 523 807 604 ἤλυθον
821 525 996 610 αἰχμητάων

280 632 365 710 δεῦρο
379 629 601 712 μαχησόμενος,
618 630 684 693 έπεί
700 628 734 692 οὔ
749 629 780 693 τί
791 654 843 708 μοι
859 631 952 694 αἴτιοί
966 632 1055 696 είσιν·

280 730 315 793 οὐ
328 729 386 813 γάρ
401 733 447 794 πώ
464 731 529 796 ποτ’
546 734 620 812 έμδς
633 739 710 814 βοῦς
724 733 846 813 ἤλασαν
861 734 929 799 οὐδὲ
943 736 1000 814 μὲν
1014 735 1134 809 ίππους,

279 831 348 896 οὐδέ
362 834 427 898 ποτ’
444 837 478 900 έν
492 837 571 922 Φθίῃ
587 837 753 919 ἐριβώλακι
767 837 949 924 βωτιανείρῃ
1181 865 1225 915 ¹5⁵

280 936 392 1018 καρπὸν
406 936 596 1017 ἐδηλήσαντ’,
610 941 675 1004 έπεὶ
691 939 710 1019 ἦ
724 938 808 1018 μάλα
822 943 926 1004 πολλὰ
939 937 1055 1019 μεταξὺ

280 1040 367 1122 οὔρεά
382 1067 414 1105 τε
430 1043 572 1107 σκιόεντα
587 1040 731 1106 θάλασσά
745 1067 779 1107 τε
793 1041 945 1126 ἠχήεσσα·

279 1145 361 1207 ἀλλὰ
375 1146 436 1218 σοί,
452 1143 476 1208 ὦ
490 1144 556 1228 μέγ’
573 1144 702 1219 ἀναιδές,
719 1145 767 1224 ἅμ’
785 1145 939 1225 ἑσπόμεθ’,
957 1147 1039 1228 ὄφρα
1054 1145 1093 1209 σδ
1107 1149 1224 1233 χαίρῃς,

278 1246 366 1326 τιμήν
381 1247 537 1329 ἀρνύμενοι
552 1247 701 1333 Μενελάῳ
717 1251 769 1311 σοί
783 1274 826 1322 τε,
843 1254 973 1322 κυνῶπα,

278 1349 351 1431 πρὸς
364 1349 485 1432 Τρώων·
509 1355 569 1415 τῶν
584 1351 617 1413 οὔ
632 1375 661 1414 τι
675 1350 844 1438 μετατρέπῃ
860 1351 920 1416 οὐδ’
938 1353 1098 1436 ἀλεγίζεις·
1179 1366 1225 1416 160

278 1455 327 1518 καὶ
342 1451 378 1531 δή
392 1478 444 1532 μοι
458 1452 549 1536 γέρας
563 1453 651 1520 αιἰτδς
666 1452 893 1537 ἀφαιρήσεσθαι
908 1455 1054 1528 ἀπειλεῖς,

277 1554 300 1641 ᾧ
315 1557 365 1621 έπι
381 1556 471 1620 πόλλ’
488 1555 634 1640 ἐμόγησα,
650 1559 746 1622 δόσαν
760 1557 794 1621 δέ
807 1584 859 1638 μοι
874 1559 936 1624 υίες
949 1557 1094 1643 Ἀχαιῶν.

276 1660 310 1723 οὗ
323 1663 380 1739 μὲν
395 1661 447 1725 σοί
461 1685 534 1725 ποτε
549 1661 620 1726 ἶσον
635 1662 696 1745 έχω
710 1660 811 1745 γέρας,
828 1661 934 1726 ὁππότ’
949 1661 1073 1746 Ἀχαιοί

274 1763 386 1845 Τρώων
401 1763 568 1847 έκπέρσωσ’
585 1764 617 1828 εὖ
633 1766 791 1844 ναιόμενον
805 1766 995 1849 πτολίεθρον·

276 1868 357 1930 ἀλλὰ
372 1867 407 1932 τδ
421 1870 477 1947 μὲν
492 1872 599 1934 πλεῖον
613 1868 777 1936 πολυάϊκος
791 1869 940 1948 πολέμοιο
1177 1885 1222 1946 1⁶5

275 1977 374 2054 χεῖρες
390 1973 458 2051 ἐμοὶ
474 1970 619 2036 διέπουσ’·
643 1973 718 2055 ἀτὰρ
733 1971 771 2051 ήν
785 1997 860 2037 ποτε
875 1972 990 2052 δασμὸς
1005 1974 1114 2051 ίκηται,

276 2076 325 2139 σοὶ
340 2075 375 2140 τὸ
390 2073 480 2158 γέρας
495 2073 574 2138 πολὺ
587 2075 698 2154 μεῖζον,
715 2075 774 2157 έγιδ
790 2074 815 2138 δ’
832 2075 941 2158 ὀλίγον
955 2100 988 2139 τε
1004 2076 1099 2157 φίλον
1114 2103 1146 2142 τε

275 2177 377 2262 ἔρχομ’
394 2179 474 2262 έχων
489 2179 539 2242 έπί
555 2181 636 2258 νῆας,
653 2179 721 2242 ἐπεί
735 2203 768 2242 κε
784 2176 867 2258 κάμω
882 2179 1063 2257 πολεμίζων.

275 2287 327 2346 νῦν
341 2279 366 2345 δ’
384 2281 444 2362 εἶμι
458 2280 593 2360 Φθίηνό,
610 2282 676 2345 έπεὶ
691 2280 711 2360 ἦ
725 2280 805 2345 πολὺ
819 2279 966 2364 φέρτερόν
981 2283 1066 2347 έστιν

275 2384 367 2448 οἴκαδ’
383 2387 450 2464 ίμεν
466 2383 522 2449 σὺν
537 2384 625 2462 νηυσὶ
641 2366 809 2464 κορωνίσιν,
825 2382 895 2446 οὐδέ
910 2383 939 2446 σ’
955 2381 1008 2446 όίω
1175 2409 1221 2460 ¹70

274 2487 371 2552 ἐνθάδ’
387 2487 491 2567 άτιμος
507 2488 564 2551 ἐὼν
579 2486 692 2568 άφενος
707 2488 756 2550 καὶ
771 2492 904 2551 πλοῦτον
919 2483 1074 2568 ἀφόξειν.”

314 2592 378 2656 Τὸν
392 2590 416 2655 δ’
432 2590 567 2672 ἠμείβετ’
583 2591 687 2655 ἔπειτα
702 2589 780 2669 άναξ
792 2591 907 2673 ἀνδρῶν
919 2587 1127 2672 Ἀγαμέμνων·

274 2706 294 2731 “
303 2701 397 2778 φεῦγε
411 2693 493 2774 μάλ’,
510 2697 539 2758 εί
551 2718 598 2757 τοι
613 2693 704 2773 θυμὸς
719 2693 894 2765 ἐπέσσυται,
911 2690 979 2755 οὗδέ
994 2690 1023 2754 σ’
1040 2692 1137 2775 ἔγωγε

272 2799 421 2878 λίσσομαι
436 2796 523 2863 εἵνεκ’
539 2799 621 2875 έμεῖο
635 2796 746 2875 μένειν·
769 2794 837 2878 πάρ’
854 2796 957 2877 ἔμοιγε
972 2795 1020 2858 καὶ
1035 2795 1127 2860 άλλοι

273 2904 305 2966 οἵ
319 2901 353 2965 κέ
362 2927 400 2981 με
418 2899 589 2980 τιμήσουσι,
604 2900 739 2979 μάλιστα
754 2901 787 2963 δὲ
801 2899 926 2977 μητίετα
942 2896 1025 2964 Ζεάς.
1174 2925 1220 2977 ¹7⁵

274 3005 416 3088 ἔχθιστος
430 3003 464 3068 δέ
477 3005 530 3083 μοί
544 3005 615 3067 έσσι
631 3001 814 3085 διοτρεφέων
827 2998 1000 3080 βασιλήων·

273 3109 332 3172 αἰεί
347 3107 404 3190 γάρ
419 3133 466 3171 τοι
481 3108 542 3190 έρις
557 3132 590 3170 τε
605 3107 682 3189 φίλη
698 3104 829 3183 πόλεμοί
842 3129 875 3170 τε
889 3103 985 3185 μάχαι
1000 3124 1044 3169 τε·

273 3212 299 3273 εί
313 3209 398 3289 μάλα
413 3210 553 3293 καρτερός
568 3210 650 3284 έσσι,
667 3208 735 3275 θεάς
749 3232 808 3271 που
823 3208 874 3271 σοὶ
888 3209 926 3271 τό
939 3206 967 3290 γ’
984 3208 1104 3274 ἔδωκεν·

272 3313 365 3376 οἴκαδ’
383 3314 436 3378 tam
451 3312 508 3378 σὺν
523 3312 613 3391 νηυσί
626 3337 660 3375 τε
675 3312 732 3396 σῇς
748 3311 797 3374 καί
813 3314 881 3376 σοῖς
896 3309 1031 3393 ἑτάροισι

272 3417 519 3497 Μυρμιδόνεσσιν
534 3415 660 3487 άνασσε,
677 3411 768 3478 σέθεν
782 3412 807 3476 δ’
824 3413 883 3496 έγδ
899 3413 952 3477 οὐκ
968 3414 1107 3496 ἀλεγίζω,
1173 3429 1220 3476 180

272 3517 331 3582 οὐδ’
348 3521 455 3598 ὄθομαι
470 3518 635 3583 κοτέοντος·
658 3513 816 3595 ἀπειλήσω
832 3515 865 3580 δέ
880 3541 926 3579 τοι
941 3518 1008 3580 ὧδε·

271 3623 311 3688 ὥς
326 3621 370 3701 ἔμ’
387 3623 558 3704 ἀφαιρεῖται
573 3617 730 3701 Χρυσηίδα
744 3623 862 3698 Φοῖβος
875 3618 1050 3692 Ἀπόλλων,

271 3723 326 3802 τήν
338 3726 395 3804 μὲν
410 3725 468 3805 έγδ
485 3723 542 3787 σὺν
556 3719 605 3799 νηί
619 3721 644 3784 τ’
660 3722 716 3803 ἐμῇ
733 3723 782 3786 καὶ
797 3723 880 3800 έμοῖς
895 3720 1029 3802 ἑτάροισι
