2834 4234
262 344 324 426 718
560 363 608 430 13.
632 348 865 410 ΟΔὙΣΣΕΙΑΣ
893 348 932 407 Ν.

266 514 466 599 σπερχομένη·
490 516 580 579 τοίων
595 519 652 598 γὰρ
667 517 805 598 ἐπείγετο
820 514 903 599 χέρσ’
919 513 1058 595 ἐρετάων·
1163 535 1209 585 115

265 622 294 683 οἱ
309 615 335 683 δ’
353 621 385 683 ἐκ
401 620 473 695 νηδς
486 619 599 700 βάντες
614 620 738 702 ἐϋζύγου
752 619 912 700 ἤπειρόνδε

265 728 384 804 πρῶτον
397 723 557 802 Ὀδυσσῆα
571 727 731 805 γλαφυρῆς
746 725 779 788 ἐκ
795 724 866 802 νηὸς
881 722 983 802 ἀειραν

263 827 341 910 αὐτῷ
357 826 413 890 σόν
427 852 462 890 τε
479 827 552 912 λίνῳ
570 827 618 891 καὶ
632 827 719 908 ῥήγεϊ
733 828 921 909 σιγαλόεντι,

265 929 318 994 κάδ
335 929 360 994 δ’
377 929 422 1013 ἀρ’
438 929 487 994 ἐπὶ
503 929 634 1016 ψαμάθῳ
651 931 761 994 ἔθεσαν
776 929 958 1010 δεδμημένον
973 929 1066 1013 ὕπνῳ,

265 1037 296 1098 ἐκ
312 1037 345 1098 δέ
362 1031 483 1115 κτήματ’
498 1035 610 1114 ἀειραν,
626 1033 646 1096 ἀ
661 1035 689 1098 οἱ
705 1035 835 1112 Φαίηκες
851 1035 957 1116 ἀγανοὶ
1164 1055 1211 1090 120

264 1140 392 1203 ὤπασαν
407 1135 500 1202 οἴκαδ’
516 1138 591 1204 ἐόντι
606 1137 654 1201 διὰ
670 1136 841 1218 μεγάθυμον
855 1135 994 1216 Ἀθήνην.

266 1243 314 1306 καὶ
331 1241 367 1304 τὰ
382 1245 438 1320 μὲν
454 1241 505 1305 οὖν
520 1241 602 1323 παρὰ
618 1238 740 1320 πυθμέν’
756 1242 861 1320 ἐλαίης
876 1242 970 1321 ἀθρόα
986 1241 1081 1316 θῆκαν

264 1349 348 1411 ἐκτὸς
364 1339 443 1422 ὁδοῦ,
459 1343 500 1423 μή
516 1345 579 1411 πός
594 1369 638 1410 τις
656 1344 783 1408 ὁδιτάων
799 1344 973 1425 ἀνθρώπων,

265 1449 333 1528 πρὶν
350 1445 474 1524 Ὀδυσῆ’
490 1448 641 1529 ἔγρεσθαι,
655 1449 792 1512 ἐπελθὼν
807 1446 984 1526 δηλήσαιτο·

265 1550 348 1615 αὐτοὶ
364 1549 388 1616 δ’
403 1548 465 1613 οὒτ’
481 1551 598 1616 οἶκόνδε
614 1551 708 1615 πάλιν
723 1553 796 1616 κίον·
828 1548 889 1617 οὐδ’
906 1552 1076 1633 ἐνοσίχθων
1169 1574 1211 1622 ¹25

265 1654 367 1733 λήθετ’
381 1653 546 1732 ἀπειλάων,
562 1658 615 1722 τὰς
631 1657 756 1741 ἀντιθέῳ
767 1654 895 1733 Ὀδυσῆϊ

264 1764 382 1839 πρῶτον
398 1761 594 1838 ἐπηπείλησε,
612 1759 686 1824 Διὸς
701 1759 726 1823 δ’
743 1759 874 1842 ἐξείρετο
890 1755 1017 1836 βουλήν·

265 1867 353 1927 “Ζεῢ
369 1862 471 1942 πάτερ,
488 1860 582 1926 οὐκέτ’
598 1863 656 1945 ἐγώ
671 1889 708 1945 γε
722 1860 786 1943 μετ’
802 1860 979 1926 ἀθανάτοισι
996 1864 1095 1924 θεοῖσι

265 1964 379 2045 τιμήεις
396 1967 514 2044 ἔσομαι,
531 1967 581 2030 ὅτε
596 1993 633 2047 με
648 1963 755 2049 βροτοὶ
771 1966 806 2030 οὕ
823 1992 853 2030 τι
868 1967 979 2044 τίουσι,

265 2072 407 2149 Φαίηκες,
422 2071 470 2132 τοί
485 2069 541 2150 πέρ
555 2095 602 2134 τοι
618 2071 689 2149 ἐμῆς
705 2068 742 2149 ἐξ
755 2072 815 2134 είσι
831 2069 986 2150 γενέθλης.
1165 2094 1213 2140 130

266 2172 314 2238 καὶ
330 2178 388 2257 γὰρ
403 2179 455 2238 νῦν
469 2172 592 2252 Ὀδυσῆ’
608 2172 729 2255 ἐφάμην
745 2173 820 2237 κοκά
836 2177 940 2237 πολλὰ
955 2174 1091 2237 παθόντα

265 2276 359 2342 οἴκαδ’
373 2280 564 2342 ἐλεύσεσθαι·
589 2278 700 2343 νόστον
715 2277 748 2342 δέ
762 2279 792 2340 οἱ
808 2277 843 2340 οὔ
858 2277 925 2341 ποτ’
944 2277 1083 2357 ἀπηύρων

266 2380 378 2466 πάγχυ,
396 2383 461 2446 ἐπεὶ
475 2382 514 2445 σὺ
528 2388 648 2464 πρῶτον
663 2380 797 2464 ὑπέσχεο
814 2378 862 2444 καί
879 2381 1068 2446 κατένευσας.

267 2488 296 2548 οἱ
313 2485 338 2549 δ’
355 2485 468 2549 εὕδοντ’
484 2486 516 2548 ἐν
532 2484 582 2565 νηί
596 2487 650 2569 θοῆ
667 2483 717 2550 ἐπὶ
732 2487 842 2549 πόντον
857 2485 982 2567 ἀγοντες

268 2587 416 2653 κάτθεσαν
435 2591 480 2653 είν
494 2586 604 2675 Ἰθάκῃ,
621 2593 733 2652 ἔδοσαν
748 2590 782 2654 δέ
796 2591 825 2652 οἱ
841 2589 960 2654 ἀσπετα
975 2593 1063 2669 δῶρα,
1168 2615 1214 2662 135

266 2692 383 2774 χαλκόν
398 2718 431 2756 τε
446 2693 562 2775 χρυσόν
580 2718 613 2756 τε
625 2691 698 2758 Ἰἀλις
713 2693 827 2770 ἐσθῆτά
843 2691 869 2755 θ’
885 2690 1032 2774 ὑφαντήν,

266 2795 370 2873 πόλλ’,
385 2793 432 2858 όσ’
447 2795 484 2859 ἀν
501 2794 568 2861 οὐδέ
582 2821 656 2860 ποτε
672 2798 782 2877 Τροίης
798 2795 915 2878 ἐξήρατ’
929 2795 1106 2872 Ὀδυσσεύς,

266 2902 296 2963 εί
308 2925 365 2976 περ
382 2899 507 2979 ἀπήμων
523 2898 606 2979 ῆλθε,
623 2901 730 2983 λαχὸν
745 2900 805 2964 ἀπά
820 2899 926 2979 ληίδος
941 2897 1061 2964 αἶσαν.”

312 3003 375 3069 Τὸν
390 3001 416 3067 δ’
431 3004 675 3084 ἀπαμειβόμενος
690 3004 831 3085 προσέφη
848 3003 1071 3086 νεφεληγερέτα
1087 3004 1170 3070 Ζεύς·

268 3104 322 3169 “θι
338 3107 441 3185 πόποι,
456 3107 620 3190 ἐννοσίγαι’
637 3106 822 3187 εὐρυσθενές,
839 3110 904 3174 οἶον
920 3109 1029 3173 ἐειπες.
1166 3134 1214 3185 ¹40

268 3210 348 3272 οὔτί
362 3207 391 3270 σ’
407 3207 583 3287 ἀτιμάζουσι
599 3212 672 3275 θεοί·
695 3211 833 3293 χαλεπὸν
849 3211 883 3276 δέ
898 3238 948 3276 κεν
964 3213 1008 3289 εἴη

246 3343 249 3360 1
267 3311 479 3392 πρεσβύτατον
495 3314 543 3378 καὶ
559 3313 684 3394 άριστον
700 3315 855 3401 ἀτιμίῃσιν
871 3313 998 3379 ίάλλειν.

268 3417 383 3494 ἀνδρῶν
399 3412 424 3479 δ’
440 3420 469 3480 εί
483 3417 538 3498 πέρ
553 3418 599 3483 τίς
618 3443 655 3480 σε
670 3418 726 3504 βίῃ
743 3419 792 3482 καὶ
808 3416 909 3499 κάρτεϊ
924 3419 1012 3481 είκων

270 3518 346 3582 οὔτι
362 3520 428 3598 τίει,
444 3522 495 3584 σοὶ
510 3520 535 3584 δ’
552 3518 618 3584 ἐστὶ
635 3518 684 3585 καί
700 3520 833 3600 ἐξοπίσω
848 3522 926 3586 τίσις
941 3523 1010 3586 αἰεί.

271 3621 357 3706 έρξον
373 3623 454 3689 ὅπως
470 3623 586 3690 ἐθέλεις
602 3625 652 3687 καί
666 3650 713 3688 τοι
729 3625 823 3705 φίλον
839 3625 948 3689 έπλετο
964 3623 1077 3711 θυμῳ.”
1168 3652 1214 3703 ¹45

313 3728 376 3792 Τδν
391 3725 416 3791 δ’
430 3726 566 3806 ἠμείβετ’
582 3728 687 3792 ἔπειτα
703 3726 883 3792 Ποσειδάων
899 3732 1080 3814 ἐνοσίχθων·
