2908 4232
489 831 891 908 ΟΔΥΣΣΕΙΑΣ
941 833 987 911 Α.

641 1055 817 1070 ὓ,-

236 1299 243 1314 ‚.
266 1221 355 1296 Θεῶν
372 1224 494 1324 ἀγορά.
531 1227 675 1312 Ἀθηνᾶς
691 1230 880 1328 παραίνεσις
896 1227 979 1328 πρὸς
998 1229 1210 1326 Τηλέμαχον.

262 1410 376 1492 Ἀυδρα
388 1437 441 1491 μοι
455 1413 571 1492 ἔννεπε,
588 1419 707 1493 Μοῦσα,
723 1415 921 1496 πολύτροπον,
936 1414 969 1481 δς
982 1414 1065 1494 μάλα
1080 1413 1183 1478 πολλὰ

265 1514 418 1598 πλάγχθη,
434 1517 500 1580 ἐπεὶ
514 1518 622 1598 Τροίης
639 1519 720 1598 ἱερὸν
734 1520 914 1600 πτολίεθρον
929 1519 1049 1599 ἔπερσε·

265 1625 390 1683 πολλῶν
404 1620 429 1682 δ’
446 1622 610 1702 ἀνθρώπων
624 1622 686 1686 ἴδεν
701 1621 797 1686 άστεα
812 1622 860 1686 καὶ
875 1623 948 1686 νόον
962 1622 1049 1703 ἔγνω,

264 1725 367 1785 πολλὰ
382 1723 407 1786 δ’
423 1723 441 1786 6
454 1723 483 1807 γ’
500 1727 532 1788 ἐν
547 1726 647 1810 πόντῳ
662 1725 757 1790 πάθεν
772 1725 869 1808 ἄλγεα
884 1723 919 1792 δν
935 1723 1010 1788 κατὰ
1026 1725 1132 1804 θυμόν,

265 1824 426 1906 ἀρνύμενος
440 1827 478 1906 ἤν
492 1813 525 1890 τε
540 1825 644 1912 ψυχὴν
659 1825 708 1892 καὶ
722 1830 834 1893 νόστον
849 1829 981 1908 ἑταίρων.
1125 1863 1127 1870 v
1197 1855 1211 1904 5

265 1927 334 1991 ἀλλ’
352 1927 410 1992 οὐδ’
428 1931 467 1996 ὣς
483 1928 603 2010 ἑτάρους
618 1932 771 2011 ἐρρύσατο,
789 1930 906 2011 ἱέμενός
920 1951 986 2010 περ·

265 2031 361 2096 αὐτῶν
374 2035 433 2116 γὰρ
449 2035 637 2120 σφετέρῃσιν
649 2035 870 2120 ἀτασθαλίῃσιν
886 2036 1004 2112 ὄλοντο,

264 2134 375 2222 νήπιοι,
390 2136 419 2199 οδ
435 2140 511 2200 κατὰ
524 2141 599 2216 βοῦς
613 2135 788 2219 Ὑπερίονος
802 2138 941 2203 Ἠελίοιο

264 2237 382 2317 ἤσθιον·
405 2240 496 2322 αὐτὰρ
512 2243 528 2320 6
543 2245 642 2305 τοῖσιν
657 2241 801 2322 άφείλετο
816 2241 959 2320 νόστιμον
974 2240 1058 2322 ἦμαρ.

264 2349 324 2407 τῶν
339 2345 451 2424 ἁμόθεν
468 2370 513 2427 γε,
530 2344 592 2420 θεά,
610 2345 737 2427 θύγατερ
753 2345 836 2424 Διός,
853 2346 919 2410 elui
934 2345 984 2410 καὶ
1001 2343 1082 2428 ἡμῖν.
1180 2369 1211 2406 ιο

303 2447 391 2512 Ἔνθ’
405 2448 497 2513 άλλοι
510 2451 566 2528 μὲν
581 2448 700 2527 πάντες,
714 2451 784 2512 ὅσοι
800 2447 898 2531 φύγον
913 2448 1003 2512 οίπὺν
1019 2449 1156 2527 ὄλεθρον,

265 2551 341 2617 οἴκοι
357 2552 440 2631 ἔσαν,
457 2554 591 2632 πόλεμόν
606 2580 639 2618 τε
653 2555 839 2635 πεφευγότες
853 2553 905 2632 ἠδέ
922 2551 1092 2618 θάλασσαν·

265 2661 317 2721 τὸν
331 2655 358 2720 δ’
373 2656 445 2745 οἷον,
462 2658 571 2722 νόστου
586 2655 765 2739 κεχρημένον
780 2657 833 2736 ἠδέ
847 2656 997 2740 γυναικός,

265 2759 365 2842 νύμφη
383 2760 477 2824 πότνι’
492 2760 578 2841 ἔρυκε
592 2761 740 2842 Καλυφιό,
756 2765 805 2824 δῖα
820 2758 925 2839 θεάων,

265 2865 299 2928 ἐν
313 2863 428 2928 σπέσσι
441 2868 639 2947 γλαφυροῖσι,
653 2865 831 2944 λιλαιομένη
846 2863 939 2927 πόσιν
954 2861 1040 2927 εἶναι.
1183 2887 1211 2936 15

266 2965 336 3030 ἀλλ’
351 2967 402 3029 ὅτε
417 2967 453 3046 δὴ
470 2967 536 3033 ἔτος
551 2953 627 3046 ἦλθε
642 2965 871 3056 περιπλομένων
886 2968 1038 3043 ἐνιαυτῶν,

266 3069 307 3154 tq?
321 3071 351 3132 οἱ
367 3071 579 3134 ἐπεκλώσαντο
594 3071 661 3134 θεοὶ
674 3069 791 3136 οἶκόνδε
806 3068 926 3136 νέεσθαι

266 3173 309 3237 εἰς
322 3173 450 3252 Ἰθάκην,
465 3171 526 3238 οὔδ’
542 3173 614 3237 ἔνθα
629 3173 822 3256 πεφυγμένος
837 3172 890 3252 ἦεν
904 3172 1029 3248 ιἰἐθλων,

265 3273 314 3339 καὶ
327 3277 403 3356 μετὰ
418 3279 482 3341 οῖσι
497 3279 628 3359 φίλοισι.
674 3279 738 3342 θεοὶ
753 3275 780 3341 δ’
796 3277 933 3356 ἐλέαιρον
948 3275 1078 3342 ἅπαντες

266 3379 360 3460 νόσφι
376 3380 598 3448 Ποσειδάωνος·
623 3379 681 3446 ὁδ’
697 3380 850 3464 άσπερχές
865 3379 1021 3462 μενέαινεν
1152 3436 1155 3450 ,
1181 3407 1211 3442 20

265 3483 390 3568 ἆντιθέφ
406 3482 589 3564 ’οδυσῆϊ’
547 3511 650 3587 παρος
657 3482 696 3564 ἣν
710 3490 800 3567 γαῖαν
817 3483 944 3548 ἱκέσθαι.

306 3583 395 3649 ”Αλλ
412 3587 497 3668 δμέν
512 3590 660 3656 Αἰθίοπας
674 3590 830 3668 μετεκίαθε
845 3587 947 3666 τηλόθ’
966 3589 1080 3666 ἐόντας,

265 3692 422 3768 Αἰθίοπας,
437 3715 482 3754 τοι
472 3691 587 3777 διχθὰ
602 3694 764 3769 δεδαίαται,
780 3690 905 3776 ἔσχατοι
921 3692 1046 3774 ἀνδρῶν,
