2908 4232
569 345 619 412 οη.
647 331 818 394 ικικαος
843 333 877 393 ο.
1126 348 1190 416 477

243 499 317 582 ἀγχι
330 498 414 579 μόλ’,
430 497 469 566 ὣς
484 498 536 564 ὅτε
550 502 596 566 τίς
611 525 644 564 τε
658 499 798 583 γυναικδς
814 499 953 578 ἐϋζώνοιο
1144 513 1192 576 760

245 599 372 680 στῆθεός
388 604 455 667 ἔστι
470 603 577 679 κανόν,
594 605 629 668 όν
644 603 669 666 τ’
686 602 719 668 εὖ
732 601 817 684 μάλα
830 604 921 687 χερσὶ
936 602 1072 690 τανύσσῃ

243 706 352 784 πηνίον
367 704 536 786 ἐξέλκουσα
550 709 645 788 παρὲκ
659 708 755 788 μίτον,
772 708 882 789 ἀγχόθι
898 706 923 771 δ’
939 709 1022 788 ίσχει

245 809 380 889 στήθεος·
403 813 442 878 δς
455 810 603 878 Ὀδυσεὺς
618 809 687 876 θέεν
701 809 837 894 ἐγγύθεν,
853 811 947 893 αὐτὰρ
962 813 1090 876 ὄπισθεν

243 915 327 994 ἴχνια
341 913 432 978 τύπτε
447 915 579 980 πόδεσσι
594 913 689 997 πόρος
705 915 789 981 κόνιν
804 915 1022 997 ἀμφιχυθῆναι·

245 1019 299 1079 κὰδ
314 1016 339 1080 δ’
356 1016 413 1098 ἄρα
428 1020 457 1081 οἱ
473 1022 610 1100 κεφαλῆς
624 1017 671 1101 χέ’
689 1016 819 1098 ἀϋτμένα
834 1022 898 1084 δῖος
914 1016 1082 1082 Ὀδυσσεὺς
1143 1029 1190 1092 765

245 1121 303 1184 αἰεὶ
317 1121 415 1202 ρ’ίμφο
431 1120 517 1185 θέων·
539 1124 632 1204 ’ίοχον
646 1120 672 1184 δ’
688 1120 738 1186 ἐπὶ
754 1119 865 1186 πάντες
878 1120 1001 1204 Ἀχαιοὶ

246 1222 327 1303 νίκης
344 1223 459 1308 ίεμένιρ,
474 1223 558 1304 μάλα
573 1227 606 1289 δέ
621 1224 782 1290 σπεύδοντι
794 1223 929 1289 κέλευον.

245 1324 315 1389 ἀλλ’
330 1327 381 1390 ὅτε
396 1328 432 1406 δὴ
448 1327 584 1408 πύματον
598 1331 705 1392 τέλεον
719 1329 841 1409 δρόμον,
858 1327 951 1392 αὐτίκ’
967 1327 1138 1393 Ὀδυσσεὺς

246 1426 342 1512 εὔχετ’
358 1426 503 1517 Ἀθηναίῃ
518 1430 707 1513 γλαυκόπιδι
723 1429 758 1493 δν
775 1429 849 1494 κατὰ
865 1431 967 1510 θυμόν·

245 1537 262 1566 “
273 1536 369 1606 κλῦθι,
389 1532 452 1610 θεά,
469 1532 567 1616 ἀγαθή
581 1559 634 1613 μοι
650 1533 808 1615 ἐπίρροθος
822 1535 895 1596 ἔλθέ
909 1534 1056 1600 ποδοῖιν.”
1144 1555 1192 1610 770

246 1637 285 1701 ὣς
300 1636 385 1718 ἔφατ’
403 1637 575 1720 εὐχόμενος·
599 1641 651 1700 τοῦ
666 1635 691 1700 δ’
709 1636 797 1702 ἔκλυε
812 1640 943 1705 Παλλὰς
956 1637 1080 1717 Ἀθήνη,

244 1745 315 1823 γυῖα
332 1739 357 1805 δ’
374 1740 481 1819 ἔθηκεν
496 1735 737 1822 ἔλαφρό,’πόδος
754 1741 803 1804 καὶ
818 1745 922 1824 χεῖρας
936 1741 1075 1823 ὕπερθεν.
1090 1767 1096 1788 ”

245 1841 314 1905 ἀλλ’
332 1843 383 1907 ὅτε
397 1844 433 1923 δὴ
450 1840 520 1926 πόχ’
535 1843 668 1923 ἔμελλον
683 1840 866 1922 ἔπαίξασθαι
882 1843 1004 1919 ἀεθλον,

245 1946 307 2010 ἔνθ’
323 1949 398 2013 Αίας
412 1949 468 2025 μὲν
483 1948 593 2011 ὄλισθε
609 1943 858 2028 θέων-βλάψεν
872 1947 930 2029 γὰρ
945 1945 1102 2026 Ἀθήνη-

245 2051 280 2137 τῆ
295 2052 334 2132 ῥα
347 2056 432 2130 βοῶν
448 2047 547 2134 κέχυτ’
565 2052 653 2117 ὄνθος
668 2048 882 2130 ἀποκταμένων
899 2049 1054 2132 ἐριμύκων,
1144 2071 1190 2126 775

245 2152 295 2220 οδς
311 2155 361 2218 ἔπὶ
377 2155 546 2239 Πατρόκλῳ
563 2152 680 2234 πέφνεν
695 2155 792 2218 πόδας
808 2152 883 2218 ὠκὺς
899 2153 1072 2236 Ἀχιλλεύς·

246 2257 278 2322 ἔν
293 2254 319 2321 δ’
335 2259 424 2321 ὄνθου
439 2258 533 2338 βοέου
549 2259 647 2335 πλῆτο
663 2257 762 2336 στόμα
776 2281 809 2322 τε
822 2255 907 2340 ῥῖνός
923 2277 964 2321 τε·

246 2360 363 2443 κρητῆρ’
382 2360 443 2424 αὕτ’
462 2359 582 2442 ἀνόειρε
597 2360 752 2428 πολύτλας
768 2365 830 2428 δῖος
844 2360 1021 2440 Ὀδυσσεύς,

247 2465 285 2530 ὡς
300 2464 377 2544 ἦλθε
393 2464 558 2547 φθάμενος·
582 2467 647 2528 ὅδὲ
662 2470 741 2545 βοῦν
756 2465 809 2530 ἔλε
825 2466 967 2547 φαίδιμος
983 2467 1067 2531 Αἴας.

247 2572 303 2648 στῆ
321 2570 355 2632 δὲ
371 2566 457 2650 κέρας
471 2571 549 2649 μετὰ
562 2570 673 2652 χερσὶν
689 2569 769 2650 ἔχων
783 2575 859 2649 βοὸς
875 2568 1046 2652 ἀγραύλοιο,
1145 2582 1192 2644 780

247 2672 336 2737 ὄνθον
351 2671 521 2748 ἀποπτύων,
537 2674 613 2752 μετδ
627 2669 653 2734 δ’
668 2670 857 2755 Ἀργείοισιν
873 2671 981 2736 ἔειπεν·

246 2772 299 2837 “δ
315 2775 419 2851 πόποι,
435 2774 499 2855 σῆμ’
516 2775 642 2856 ἔβλαψε
656 2777 711 2838 θεδ
727 2776 830 2852 πόδας,
845 2771 864 2852 ῆ
880 2774 914 2838 τὸ
929 2773 1024 2855 πόρος
1038 2799 1095 2854 περ

245 2876 340 2959 μῆτηρ
357 2879 397 2944 ὡς
410 2878 540 2956 ὈδυσῆιΙ
555 2878 736 2959 παρίσταται
751 2877 795 2957 ἠδ’
813 2875 984 2960 ἔπαρῆγει.”

281 2978 345 3046 Ὠς
360 2980 461 3063 ἔφαθ’,
477 2982 507 3044 οἱ
523 2977 549 3045 δ’
565 2981 623 3062 ἀρα
637 2979 748 3047 πάντες
764 2980 811 3044 ἔπ’
829 2981 908 3066 αὐτῷ
923 2978 979 3058 ῆδὺ
993 2979 1159 3064 γέλασσαν.

246 3085 424 3167 Ἀντίλοχος
438 3081 465 3148 δ’
480 3084 538 3165 ἀρα
553 3084 589 3165 δῆ
605 3083 766 3164 λοισθήϊον
780 3082 883 3166 ἔκφερ’
899 3084 1011 3148 ἀεθλον
1143 3097 1190 3160 585

245 3190 393 3267 μειδιόων,
409 3188 458 3251 καὶ
472 3191 567 3267 μῦθον
582 3190 616 3251 ἔν
632 3185 817 3269 Ἀργείοισιν
831 3189 939 3253 ἔειπεν·

247 3296 265 3324 “
276 3291 390 3354 εἰδόσιν
404 3289 474 3371 ὔμμ’
491 3290 564 3374 ἐρέω
580 3295 683 3370 πᾶσιν,
699 3293 797 3373 φίλοι,
814 3292 854 3357 ὥς
869 3291 914 3354 ἔτι
930 3291 978 3354 καὶ
993 3296 1046 3355 νῦν

245 3391 390 3457 ἀθάνατοι
405 3400 515 3474 τιμῶσι
530 3391 748 3476 παλαιοτέρους
762 3395 945 3477 ἀνθρώπους.

246 3498 321 3563 Αἴας
334 3499 390 3577 μέν
404 3498 463 3581 γὰρ
479 3497 560 3577 ἐμεῖ’
569 3497 676 3579 ὀλίγον
690 3496 1034 3580 προγενέστερός-ἔστιν,

246 3601 332 3667 οὗτος
347 3603 380 3665 δὲ
395 3600 541 3684 προτέρης
555 3605 661 3684 γενεῆς
676 3599 828 3683 προτέρων
842 3597 868 3663 τ’
885 3602 1057 3682 ἀνθρώπων·
1142 3625 1190 3678 790

245 3701 437 3787 ὠμογέροντα
452 3703 486 3769 δέ
499 3705 553 3786 μίν
567 3699 644 3788 φασ’
661 3705 793 3785 ἔμμεναι·
818 3702 966 3786 ἀργαλέον
980 3706 1013 3768 δὲ
