<?xml version="1.0" encoding="UTF-8"?>
<!DOCTYPE html PUBLIC "-//W3C//DTD XHTML 1.0 Transitional//EN"
    "http://www.w3.org/TR/xhtml1/DTD/xhtml1-transitional.dtd">
<html xmlns="http://www.w3.org/1999/xhtml" xml:lang="en" lang="en">
 <head>
  <title>
</title>
<meta http-equiv="Content-Type" content="text/html;charset=utf-8" />
  <meta name='ocr-system' content='tesseract 3.04.00' />
  <meta name='ocr-capabilities' content='ocr_page ocr_carea ocr_par ocr_line ocrx_word'/>
</head>
<body>
  <div class='ocr_page' id='page_1' title='image "./homerioperaetre00homegoog_0725.png"; bbox 0 0 2834 4234; ppageno 0'>
   <div class='ocr_carea' id='block_1_1' title="bbox 267 320 925 403">
    <p class='ocr_par' dir='ltr' id='par_1_1' title="bbox 267 320 925 403">
     <span class='ocr_line' id='line_1_1' title="bbox 267 320 925 403; baseline -0.009 -19"><span class='ocrx_word' id='word_1_1' title='bbox 267 337 328 399; x_wconf 82' lang='lat'>720</span> <span class='ocrx_word' id='word_1_2' title='bbox 549 337 597 403; x_wconf 83' lang='lat'>13.</span> <span class='ocrx_word' id='word_1_3' title='bbox 621 322 855 384; x_wconf 80' lang='grc' dir='ltr'><strong>ΟΔΥΣΣΕΙΑΣ</strong></span> <span class='ocrx_word' id='word_1_4' title='bbox 886 320 925 379; x_wconf 91' lang='grc' dir='ltr'>Ν.</span> 
     </span>
    </p>
   </div>
   <div class='ocr_carea' id='block_1_2' title="bbox 261 488 1135 3787">
    <p class='ocr_par' dir='ltr' id='par_1_2' title="bbox 264 488 1046 574">
     <span class='ocr_line' id='line_1_2' title="bbox 264 488 1046 574; baseline 0.001 -19"><span class='ocrx_word' id='word_1_5' title='bbox 264 491 333 555; x_wconf 77' lang='grc' dir='ltr'>ἀλλ’</span> <span class='ocrx_word' id='word_1_6' title='bbox 349 489 442 573; x_wconf 89' lang='grc' dir='ltr'>ἄγεθ’,</span> <span class='ocrx_word' id='word_1_7' title='bbox 458 490 496 558; x_wconf 81' lang='grc' dir='ltr'>ὡς</span> <span class='ocrx_word' id='word_1_8' title='bbox 513 489 551 554; x_wconf 87' lang='grc' dir='ltr'>ἀν</span> <span class='ocrx_word' id='word_1_9' title='bbox 566 488 624 574; x_wconf 82' lang='grc' dir='ltr'>ε’γὼ</span> <span class='ocrx_word' id='word_1_10' title='bbox 641 493 724 567; x_wconf 84' lang='grc' dir='ltr'>εἴπω,</span> <span class='ocrx_word' id='word_1_11' title='bbox 740 491 912 569; x_wconf 80' lang='grc' dir='ltr'>πειθώμεθα</span> <span class='ocrx_word' id='word_1_12' title='bbox 927 488 1046 556; x_wconf 82' lang='grc' dir='ltr'>πάντες·</span> 
     </span>
    </p>

    <p class='ocr_par' dir='ltr' id='par_1_3' title="bbox 263 593 1081 676">
     <span class='ocr_line' id='line_1_3' title="bbox 263 593 1081 676; baseline -0.005 -16"><span class='ocrx_word' id='word_1_13' title='bbox 263 599 382 674; x_wconf 80' lang='grc' dir='ltr'>πομπῆς</span> <span class='ocrx_word' id='word_1_14' title='bbox 396 597 451 672; x_wconf 75' lang='grc' dir='ltr'>μὲν</span> <span class='ocrx_word' id='word_1_15' title='bbox 465 596 625 660; x_wconf 83' lang='grc' dir='ltr'>παύσασθε</span> <span class='ocrx_word' id='word_1_16' title='bbox 641 601 773 676; x_wconf 78' lang='grc' dir='ltr'>βροτῶν,</span> <span class='ocrx_word' id='word_1_17' title='bbox 791 597 841 658; x_wconf 88' lang='grc' dir='ltr'>ὅτε</span> <span class='ocrx_word' id='word_1_18' title='bbox 858 593 907 658; x_wconf 88' lang='grc' dir='ltr'>κέν</span> <span class='ocrx_word' id='word_1_19' title='bbox 923 619 967 660; x_wconf 93' lang='grc' dir='ltr'>τις</span> <span class='ocrx_word' id='word_1_20' title='bbox 983 596 1081 672; x_wconf 88' lang='grc' dir='ltr'>ίκηται</span> 
     </span>
    </p>

    <p class='ocr_par' dir='ltr' id='par_1_4' title="bbox 262 698 1015 781">
     <span class='ocr_line' id='line_1_4' title="bbox 262 698 1015 781; baseline -0.001 -17"><span class='ocrx_word' id='word_1_21' title='bbox 262 699 406 781; x_wconf 80' lang='grc' dir='ltr'>ἡμέτερον</span> <span class='ocrx_word' id='word_1_22' title='bbox 422 700 508 779; x_wconf 86' lang='grc' dir='ltr'>προτὶ</span> <span class='ocrx_word' id='word_1_23' title='bbox 523 700 608 764; x_wconf 89' lang='grc' dir='ltr'>ἄστυ·</span> <span class='ocrx_word' id='word_1_24' title='bbox 633 698 825 763; x_wconf 82' lang='grc' dir='ltr'>Ποσειδάωνι</span> <span class='ocrx_word' id='word_1_25' title='bbox 841 700 875 762; x_wconf 72' lang='grc' dir='ltr'>δὲ</span> <span class='ocrx_word' id='word_1_26' title='bbox 891 699 1015 779; x_wconf 89' lang='grc' dir='ltr'>ταύρους</span> 
     </span>
    </p>

    <p class='ocr_par' dir='ltr' id='par_1_5' title="bbox 263 798 1010 887">
     <span class='ocr_line' id='line_1_5' title="bbox 263 798 1010 887; baseline -0.001 -21"><span class='ocrx_word' id='word_1_27' title='bbox 263 804 378 867; x_wconf 78' lang='grc' dir='ltr'>δώδεκα</span> <span class='ocrx_word' id='word_1_28' title='bbox 393 803 580 885; x_wconf 79' lang='grc' dir='ltr'>κεκριμένους</span> <span class='ocrx_word' id='word_1_29' title='bbox 597 803 781 883; x_wconf 79' lang='grc' dir='ltr'>ἱερεύσομεν,</span> <span class='ocrx_word' id='word_1_30' title='bbox 797 802 829 864; x_wconf 89' lang='grc' dir='ltr'>αί</span> <span class='ocrx_word' id='word_1_31' title='bbox 844 798 869 865; x_wconf 88' lang='grc' dir='ltr'>κ’</span> <span class='ocrx_word' id='word_1_32' title='bbox 885 799 1010 887; x_wconf 80' lang='grc' dir='ltr'>ἐλεήσῃ,</span> 
     </span>
    </p>

    <p class='ocr_par' dir='ltr' id='par_1_6' title="bbox 261 903 1135 1092">
     <span class='ocr_line' id='line_1_6' title="bbox 261 903 1023 991; baseline 0 -21"><span class='ocrx_word' id='word_1_33' title='bbox 261 907 328 984; x_wconf 86' lang='grc' dir='ltr'>μηδ’</span> <span class='ocrx_word' id='word_1_34' title='bbox 344 906 414 987; x_wconf 81' lang='grc' dir='ltr'>ἡμῖν</span> <span class='ocrx_word' id='word_1_35' title='bbox 428 908 587 989; x_wconf 74' lang='grc' dir='ltr'>περίμηκες</span> <span class='ocrx_word' id='word_1_36' title='bbox 602 908 670 988; x_wconf 84' lang='grc' dir='ltr'>ἄρος</span> <span class='ocrx_word' id='word_1_37' title='bbox 687 907 777 970; x_wconf 91' lang='grc' dir='ltr'>πόλει</span> <span class='ocrx_word' id='word_1_38' title='bbox 792 903 1023 991; x_wconf 81' lang='grc' dir='ltr'>ἀμφικαλύψη.”</span> 
     </span>
     <span class='ocr_line' id='line_1_7' title="bbox 300 1008 1135 1092; baseline -0.005 -20"><span class='ocrx_word' id='word_1_39' title='bbox 300 1009 363 1078; x_wconf 85' lang='grc' dir='ltr'>Ὣς</span> <span class='ocrx_word' id='word_1_40' title='bbox 379 1010 469 1092; x_wconf 79' lang='grc' dir='ltr'>ἔφαθ’</span> <span class='ocrx_word' id='word_1_41' title='bbox 484 1013 513 1074; x_wconf 88' lang='grc' dir='ltr'>οί</span> <span class='ocrx_word' id='word_1_42' title='bbox 529 1009 554 1072; x_wconf 92' lang='grc' dir='ltr'>δ’</span> <span class='ocrx_word' id='word_1_43' title='bbox 571 1010 701 1086; x_wconf 86' lang='grc' dir='ltr'>ἔδεισαν,</span> <span class='ocrx_word' id='word_1_44' title='bbox 718 1008 938 1088; x_wconf 77' lang='grc' dir='ltr'>ἑτοιμάσσαντο</span> <span class='ocrx_word' id='word_1_45' title='bbox 954 1011 986 1072; x_wconf 78' lang='grc' dir='ltr'>δέ</span> <span class='ocrx_word' id='word_1_46' title='bbox 1001 1009 1135 1088; x_wconf 83' lang='grc' dir='ltr'>ταύρους.</span> 
     </span>
    </p>

    <p class='ocr_par' dir='ltr' id='par_1_7' title="bbox 264 1112 932 1198">
     <span class='ocr_line' id='line_1_8' title="bbox 264 1112 932 1198; baseline -0.001 -20"><span class='ocrx_word' id='word_1_47' title='bbox 264 1117 303 1181; x_wconf 81' lang='grc' dir='ltr'>ὣς</span> <span class='ocrx_word' id='word_1_48' title='bbox 319 1118 348 1179; x_wconf 81' lang='grc' dir='ltr'>οἱ</span> <span class='ocrx_word' id='word_1_49' title='bbox 362 1114 418 1193; x_wconf 91' lang='grc' dir='ltr'>μέν</span> <span class='ocrx_word' id='word_1_50' title='bbox 432 1112 462 1197; x_wconf 85' lang='grc' dir='ltr'>ῥ’</span> <span class='ocrx_word' id='word_1_51' title='bbox 478 1115 602 1198; x_wconf 81' lang='grc' dir='ltr'>εὔχοντο</span> <span class='ocrx_word' id='word_1_52' title='bbox 619 1114 811 1179; x_wconf 79' lang='grc' dir='ltr'>Ποσειδάωνι</span> <span class='ocrx_word' id='word_1_53' title='bbox 826 1115 932 1178; x_wconf 81' lang='grc' dir='ltr'>ἄνακτι</span> 
     </span>
    </p>

    <p class='ocr_par' dir='ltr' id='par_1_8' title="bbox 263 1217 906 1301">
     <span class='ocr_line' id='line_1_9' title="bbox 263 1217 906 1301; baseline 0.003 -19"><span class='ocrx_word' id='word_1_54' title='bbox 263 1219 357 1297; x_wconf 92' lang='grc' dir='ltr'>δήμου</span> <span class='ocrx_word' id='word_1_55' title='bbox 373 1217 514 1298; x_wconf 83' lang='grc' dir='ltr'>Φαιήκων</span> <span class='ocrx_word' id='word_1_56' title='bbox 529 1218 672 1301; x_wconf 83' lang='grc' dir='ltr'>ἡγήτορες</span> <span class='ocrx_word' id='word_1_57' title='bbox 687 1218 740 1296; x_wconf 79' lang='grc' dir='ltr'>ἠδὲ</span> <span class='ocrx_word' id='word_1_58' title='bbox 755 1219 906 1298; x_wconf 81' lang='grc' dir='ltr'>μέδοντες,</span> 
     </span>
    </p>

    <p class='ocr_par' dir='ltr' id='par_1_9' title="bbox 263 1320 1094 1405">
     <span class='ocr_line' id='line_1_10' title="bbox 263 1320 1094 1405; baseline 0 -19"><span class='ocrx_word' id='word_1_59' title='bbox 263 1323 406 1388; x_wconf 79' lang='grc' dir='ltr'>ἑσταότες</span> <span class='ocrx_word' id='word_1_60' title='bbox 421 1320 489 1404; x_wconf 74' lang='grc' dir='ltr'>περὶ</span> <span class='ocrx_word' id='word_1_61' title='bbox 503 1323 619 1402; x_wconf 87' lang='grc' dir='ltr'>βωμόν.</span> <span class='ocrx_word' id='word_1_62' title='bbox 653 1324 670 1385; x_wconf 87' lang='grc' dir='ltr'>ἀ</span> <span class='ocrx_word' id='word_1_63' title='bbox 684 1321 710 1386; x_wconf 90' lang='grc' dir='ltr'>δ’</span> <span class='ocrx_word' id='word_1_64' title='bbox 726 1323 831 1405; x_wconf 80' lang='grc' dir='ltr'>ἔγρετο</span> <span class='ocrx_word' id='word_1_65' title='bbox 847 1327 909 1387; x_wconf 81' lang='grc' dir='ltr'>δῖος</span> <span class='ocrx_word' id='word_1_66' title='bbox 925 1320 1094 1386; x_wconf 82' lang='grc' dir='ltr'>Ὀδυσσεὺς</span> 
     </span>
    </p>

    <p class='ocr_par' dir='ltr' id='par_1_10' title="bbox 264 1423 908 1512">
     <span class='ocr_line' id='line_1_11' title="bbox 264 1423 908 1512; baseline -0.003 -23"><span class='ocrx_word' id='word_1_67' title='bbox 264 1431 356 1489; x_wconf 85' lang='grc' dir='ltr'>εὕδων</span> <span class='ocrx_word' id='word_1_68' title='bbox 373 1429 405 1489; x_wconf 78' lang='grc' dir='ltr'>ἓν</span> <span class='ocrx_word' id='word_1_69' title='bbox 420 1430 490 1510; x_wconf 84' lang='grc' dir='ltr'>γαίῃ</span> <span class='ocrx_word' id='word_1_70' title='bbox 506 1423 650 1512; x_wconf 80' lang='grc' dir='ltr'>πατρωίη,</span> <span class='ocrx_word' id='word_1_71' title='bbox 666 1424 735 1490; x_wconf 82' lang='grc' dir='ltr'>οὐδέ</span> <span class='ocrx_word' id='word_1_72' title='bbox 749 1450 800 1503; x_wconf 91' lang='grc' dir='ltr'>μιν</span> <span class='ocrx_word' id='word_1_73' title='bbox 818 1425 908 1506; x_wconf 83' lang='grc' dir='ltr'>ἔγνω,</span> 
     </span>
    </p>

    <p class='ocr_par' dir='ltr' id='par_1_11' title="bbox 262 1527 935 1611">
     <span class='ocr_line' id='line_1_12' title="bbox 262 1527 935 1611; baseline 0.003 -21"><span class='ocrx_word' id='word_1_74' title='bbox 262 1528 317 1606; x_wconf 85' lang='grc' dir='ltr'>ἤδη</span> <span class='ocrx_word' id='word_1_75' title='bbox 334 1528 387 1607; x_wconf 77' lang='grc' dir='ltr'>δὴν</span> <span class='ocrx_word' id='word_1_76' title='bbox 403 1529 513 1591; x_wconf 84' lang='grc' dir='ltr'>ἀπεών·</span> <span class='ocrx_word' id='word_1_77' title='bbox 535 1527 602 1609; x_wconf 78' lang='grc' dir='ltr'>περὶ</span> <span class='ocrx_word' id='word_1_78' title='bbox 618 1532 676 1611; x_wconf 83' lang='grc' dir='ltr'>γὰρ</span> <span class='ocrx_word' id='word_1_79' title='bbox 690 1535 758 1594; x_wconf 86' lang='grc' dir='ltr'>θεὸς</span> <span class='ocrx_word' id='word_1_80' title='bbox 773 1527 846 1606; x_wconf 83' lang='grc' dir='ltr'>ἠέρα</span> <span class='ocrx_word' id='word_1_81' title='bbox 861 1535 935 1611; x_wconf 87' lang='grc' dir='ltr'>χεῦε</span> 
     </span>
    </p>

    <p class='ocr_par' dir='ltr' id='par_1_12' title="bbox 263 1630 1029 1713">
     <span class='ocr_line' id='line_1_13' title="bbox 263 1630 1029 1713; baseline 0.004 -20"><span class='ocrx_word' id='word_1_82' title='bbox 263 1633 392 1698; x_wconf 87' lang='grc' dir='ltr'>Παλλάς</span> <span class='ocrx_word' id='word_1_83' title='bbox 407 1630 561 1710; x_wconf 88' lang='grc' dir='ltr'>Ἀθηναίη,</span> <span class='ocrx_word' id='word_1_84' title='bbox 578 1633 666 1713; x_wconf 92' lang='grc' dir='ltr'>κούρη</span> <span class='ocrx_word' id='word_1_85' title='bbox 680 1634 762 1709; x_wconf 89' lang='grc' dir='ltr'>Διός,</span> <span class='ocrx_word' id='word_1_86' title='bbox 779 1633 860 1713; x_wconf 89' lang='grc' dir='ltr'>ἄφρο</span> <span class='ocrx_word' id='word_1_87' title='bbox 875 1658 927 1711; x_wconf 88' lang='grc' dir='ltr'>μιν</span> <span class='ocrx_word' id='word_1_88' title='bbox 942 1632 1029 1697; x_wconf 88' lang='grc' dir='ltr'>αύτόν</span> 
     </span>
    </p>

    <p class='ocr_par' dir='ltr' id='par_1_13' title="bbox 262 1734 937 1818">
     <span class='ocr_line' id='line_1_14' title="bbox 262 1734 937 1818; baseline 0.001 -20"><span class='ocrx_word' id='word_1_89' title='bbox 262 1737 422 1818; x_wconf 82' lang='grc' dir='ltr'>ἄγνωστον</span> <span class='ocrx_word' id='word_1_90' title='bbox 437 1734 568 1814; x_wconf 83' lang='grc' dir='ltr'>τεύξειεν</span> <span class='ocrx_word' id='word_1_91' title='bbox 583 1734 696 1800; x_wconf 82' lang='grc' dir='ltr'>ἕκαστά</span> <span class='ocrx_word' id='word_1_92' title='bbox 712 1761 745 1800; x_wconf 88' lang='grc' dir='ltr'>τε</span> <span class='ocrx_word' id='word_1_93' title='bbox 759 1734 937 1816; x_wconf 89' lang='grc' dir='ltr'>μυθήσαιτο,</span> 
     </span>
    </p>

    <p class='ocr_par' dir='ltr' id='par_1_14' title="bbox 261 1838 1000 1924">
     <span class='ocr_line' id='line_1_15' title="bbox 261 1838 1000 1924; baseline 0 -21"><span class='ocrx_word' id='word_1_94' title='bbox 261 1838 302 1917; x_wconf 87' lang='grc' dir='ltr'>μή</span> <span class='ocrx_word' id='word_1_95' title='bbox 316 1865 368 1916; x_wconf 90' lang='grc' dir='ltr'>μιν</span> <span class='ocrx_word' id='word_1_96' title='bbox 383 1840 453 1920; x_wconf 89' lang='grc' dir='ltr'>πρὶν</span> <span class='ocrx_word' id='word_1_97' title='bbox 469 1839 584 1922; x_wconf 88' lang='grc' dir='ltr'>ἄλοχος</span> <span class='ocrx_word' id='word_1_98' title='bbox 599 1843 685 1924; x_wconf 87' lang='grc' dir='ltr'>γνοίη</span> <span class='ocrx_word' id='word_1_99' title='bbox 703 1841 793 1905; x_wconf 88' lang='grc' dir='ltr'>ἀστοί</span> <span class='ocrx_word' id='word_1_100' title='bbox 807 1867 839 1906; x_wconf 91' lang='grc' dir='ltr'>τε</span> <span class='ocrx_word' id='word_1_101' title='bbox 855 1842 943 1922; x_wconf 89' lang='grc' dir='ltr'>φίλοι</span> <span class='ocrx_word' id='word_1_102' title='bbox 959 1866 1000 1916; x_wconf 92' lang='grc' dir='ltr'>τε,</span> 
     </span>
    </p>

    <p class='ocr_par' dir='ltr' id='par_1_15' title="bbox 262 1940 1021 2028">
     <span class='ocr_line' id='line_1_16' title="bbox 262 1940 1021 2028; baseline -0.001 -22"><span class='ocrx_word' id='word_1_103' title='bbox 262 1940 333 2022; x_wconf 83' lang='grc' dir='ltr'>πρὶν</span> <span class='ocrx_word' id='word_1_104' title='bbox 347 1947 450 2009; x_wconf 76' lang='grc' dir='ltr'>πᾶσαν</span> <span class='ocrx_word' id='word_1_105' title='bbox 464 1949 637 2027; x_wconf 80' lang='grc' dir='ltr'>μνηστῆρας</span> <span class='ocrx_word' id='word_1_106' title='bbox 656 1947 849 2028; x_wconf 79' lang='grc' dir='ltr'>ὑπερβασίην</span> <span class='ocrx_word' id='word_1_107' title='bbox 865 1946 1021 2010; x_wconf 81' lang='grc' dir='ltr'>ἀποτῖσαι.</span> 
     </span>
    </p>

    <p class='ocr_par' dir='ltr' id='par_1_16' title="bbox 263 2047 1060 2133">
     <span class='ocr_line' id='line_1_17' title="bbox 263 2047 1060 2133; baseline 0 -23"><span class='ocrx_word' id='word_1_108' title='bbox 263 2047 376 2112; x_wconf 87' lang='grc' dir='ltr'>τούνεκ’</span> <span class='ocrx_word' id='word_1_109' title='bbox 393 2049 438 2130; x_wconf 87' lang='grc' dir='ltr'>ἄρ’</span> <span class='ocrx_word' id='word_1_110' title='bbox 456 2051 618 2116; x_wconf 81' lang='grc' dir='ltr'>ἀλλοειδέα</span> <span class='ocrx_word' id='word_1_111' title='bbox 633 2051 817 2133; x_wconf 89' lang='grc' dir='ltr'>φαινέσκετο</span> <span class='ocrx_word' id='word_1_112' title='bbox 834 2049 931 2114; x_wconf 87' lang='grc' dir='ltr'>πάντα</span> <span class='ocrx_word' id='word_1_113' title='bbox 946 2048 1060 2125; x_wconf 88' lang='grc' dir='ltr'>ἄνακτι,</span> 
     </span>
    </p>

    <p class='ocr_par' dir='ltr' id='par_1_17' title="bbox 264 2152 982 2234">
     <span class='ocr_line' id='line_1_18' title="bbox 264 2152 982 2234; baseline -0.014 -10"><span class='ocrx_word' id='word_1_114' title='bbox 264 2152 420 2226; x_wconf 59' lang='grc' dir='ltr'>ἀΤίλαπιτοί</span> <span class='ocrx_word' id='word_1_115' title='bbox 436 2178 468 2218; x_wconf 90' lang='grc' dir='ltr'>τε</span> <span class='ocrx_word' id='word_1_116' title='bbox 484 2155 635 2234; x_wconf 89' lang='grc' dir='ltr'>διηνεκέες</span> <span class='ocrx_word' id='word_1_117' title='bbox 649 2155 769 2233; x_wconf 88' lang='grc' dir='ltr'>λιμένες</span> <span class='ocrx_word' id='word_1_118' title='bbox 787 2182 819 2219; x_wconf 92' lang='grc' dir='ltr'>τε</span> <span class='ocrx_word' id='word_1_119' title='bbox 835 2153 982 2234; x_wconf 82' lang='grc' dir='ltr'>πάνορμοι</span> 
     </span>
    </p>

    <p class='ocr_par' dir='ltr' id='par_1_18' title="bbox 264 2255 983 2339">
     <span class='ocr_line' id='line_1_19' title="bbox 264 2255 983 2339; baseline 0.004 -20"><span class='ocrx_word' id='word_1_120' title='bbox 264 2259 371 2339; x_wconf 90' lang='grc' dir='ltr'>πέτραι</span> <span class='ocrx_word' id='word_1_121' title='bbox 386 2255 412 2320; x_wconf 89' lang='grc' dir='ltr'>τ’</span> <span class='ocrx_word' id='word_1_122' title='bbox 427 2257 571 2339; x_wconf 82' lang='grc' dir='ltr'>ἠλίβατοι</span> <span class='ocrx_word' id='word_1_123' title='bbox 587 2260 636 2322; x_wconf 87' lang='grc' dir='ltr'>καὶ</span> <span class='ocrx_word' id='word_1_124' title='bbox 651 2258 773 2335; x_wconf 91' lang='grc' dir='ltr'>δένδρεα</span> <span class='ocrx_word' id='word_1_125' title='bbox 789 2259 983 2337; x_wconf 88' lang='grc' dir='ltr'>τηλεθάοντα.</span> 
     </span>
    </p>

    <p class='ocr_par' dir='ltr' id='par_1_19' title="bbox 264 2358 1044 2444">
     <span class='ocr_line' id='line_1_20' title="bbox 264 2358 1044 2444; baseline 0.005 -23"><span class='ocrx_word' id='word_1_126' title='bbox 264 2367 320 2437; x_wconf 78' lang='grc' dir='ltr'>στῆ</span> <span class='ocrx_word' id='word_1_127' title='bbox 336 2358 361 2426; x_wconf 91' lang='grc' dir='ltr'>δ’</span> <span class='ocrx_word' id='word_1_128' title='bbox 376 2361 421 2443; x_wconf 91' lang='grc' dir='ltr'>ἄρ’</span> <span class='ocrx_word' id='word_1_129' title='bbox 438 2362 562 2442; x_wconf 80' lang='grc' dir='ltr'>ἀνοίξας</span> <span class='ocrx_word' id='word_1_130' title='bbox 579 2362 629 2425; x_wconf 91' lang='grc' dir='ltr'>καί</span> <span class='ocrx_word' id='word_1_131' title='bbox 642 2358 674 2442; x_wconf 86' lang='grc' dir='ltr'>ῥ’</span> <span class='ocrx_word' id='word_1_132' title='bbox 690 2360 785 2423; x_wconf 88' lang='grc' dir='ltr'>είσιδε</span> <span class='ocrx_word' id='word_1_133' title='bbox 800 2363 929 2442; x_wconf 90' lang='grc' dir='ltr'>πατρίδα</span> <span class='ocrx_word' id='word_1_134' title='bbox 944 2365 1044 2444; x_wconf 85' lang='grc' dir='ltr'>γαῖαν·</span> 
     </span>
    </p>

    <p class='ocr_par' dir='ltr' id='par_1_20' title="bbox 264 2459 994 2549">
     <span class='ocr_line' id='line_1_21' title="bbox 264 2459 994 2549; baseline 0 -22"><span class='ocrx_word' id='word_1_135' title='bbox 264 2464 386 2549; x_wconf 79' lang='grc' dir='ltr'>ᾤμωξέν</span> <span class='ocrx_word' id='word_1_136' title='bbox 400 2463 426 2527; x_wconf 91' lang='grc' dir='ltr'>τ’</span> <span class='ocrx_word' id='word_1_137' title='bbox 435 2465 481 2544; x_wconf 87' lang='grc' dir='ltr'>ἄρ’</span> <span class='ocrx_word' id='word_1_138' title='bbox 497 2467 603 2528; x_wconf 86' lang='grc' dir='ltr'>ἔπειτα</span> <span class='ocrx_word' id='word_1_139' title='bbox 618 2459 666 2525; x_wconf 83' lang='grc' dir='ltr'>καὶ</span> <span class='ocrx_word' id='word_1_140' title='bbox 682 2462 705 2523; x_wconf 78' lang='grc' dir='ltr'>δ</span> <span class='ocrx_word' id='word_1_141' title='bbox 721 2463 895 2544; x_wconf 89' lang='grc' dir='ltr'>πεπλήγετο</span> <span class='ocrx_word' id='word_1_142' title='bbox 910 2466 994 2545; x_wconf 84' lang='grc' dir='ltr'>μηρὼ</span> 
     </span>
    </p>

    <p class='ocr_par' dir='ltr' id='par_1_21' title="bbox 264 2564 1068 2651">
     <span class='ocr_line' id='line_1_22' title="bbox 264 2564 1068 2651; baseline -0.002 -19"><span class='ocrx_word' id='word_1_143' title='bbox 264 2567 353 2651; x_wconf 80' lang='grc' dir='ltr'>χερσὶ</span> <span class='ocrx_word' id='word_1_144' title='bbox 369 2564 600 2643; x_wconf 83' lang='grc' dir='ltr'>καταπρηνέσσ’,</span> <span class='ocrx_word' id='word_1_145' title='bbox 617 2565 840 2643; x_wconf 87' lang='grc' dir='ltr'>ὀλοφυρόμενος</span> <span class='ocrx_word' id='word_1_146' title='bbox 857 2566 882 2627; x_wconf 89' lang='grc' dir='ltr'>δ’</span> <span class='ocrx_word' id='word_1_147' title='bbox 898 2566 968 2630; x_wconf 86' lang='grc' dir='ltr'>ἔπος</span> <span class='ocrx_word' id='word_1_148' title='bbox 984 2568 1068 2643; x_wconf 82' lang='grc' dir='ltr'>ηὔδα·</span> 
     </span>
    </p>

    <p class='ocr_par' dir='ltr' id='par_1_22' title="bbox 265 2667 1073 2750">
     <span class='ocr_line' id='line_1_23' title="bbox 265 2667 1073 2750; baseline -0.006 -17"><span class='ocrx_word' id='word_1_149' title='bbox 265 2671 317 2733; x_wconf 67' lang='lat'>“6</span> <span class='ocrx_word' id='word_1_150' title='bbox 332 2696 384 2750; x_wconf 90' lang='grc' dir='ltr'>μοι</span> <span class='ocrx_word' id='word_1_151' title='bbox 400 2669 468 2746; x_wconf 77' lang='grc' dir='ltr'>ἐγώ,</span> <span class='ocrx_word' id='word_1_152' title='bbox 486 2667 562 2730; x_wconf 88' lang='grc' dir='ltr'>τέων</span> <span class='ocrx_word' id='word_1_153' title='bbox 577 2667 646 2729; x_wconf 80' lang='grc' dir='ltr'>αὖτε</span> <span class='ocrx_word' id='word_1_154' title='bbox 662 2671 783 2743; x_wconf 83' lang='grc' dir='ltr'>βροτῶν</span> <span class='ocrx_word' id='word_1_155' title='bbox 799 2669 829 2730; x_wconf 77' lang='grc' dir='ltr'>ἐς</span> <span class='ocrx_word' id='word_1_156' title='bbox 845 2671 935 2744; x_wconf 84' lang='grc' dir='ltr'>γαῖαν</span> <span class='ocrx_word' id='word_1_157' title='bbox 955 2667 1073 2741; x_wconf 83' lang='grc' dir='ltr'>ἶκάνω,·</span> 
     </span>
    </p>

    <p class='ocr_par' dir='ltr' id='par_1_23' title="bbox 264 2765 1027 2856">
     <span class='ocr_line' id='line_1_24' title="bbox 264 2765 1027 2856; baseline -0.01 -21"><span class='ocrx_word' id='word_1_158' title='bbox 264 2774 283 2851; x_wconf 87' lang='grc' dir='ltr'><strong><em>ἤ</em></strong></span> <span class='ocrx_word' id='word_1_159' title='bbox 297 2773 330 2856; x_wconf 85' lang='grc' dir='ltr'>ῥ’</span> <span class='ocrx_word' id='word_1_160' title='bbox 345 2775 376 2838; x_wconf 87' lang='grc' dir='ltr'>οί</span> <span class='ocrx_word' id='word_1_161' title='bbox 389 2772 417 2855; x_wconf 89' lang='grc' dir='ltr'>γ’</span> <span class='ocrx_word' id='word_1_162' title='bbox 432 2771 578 2850; x_wconf 83' lang='grc' dir='ltr'>ὑβρισταί</span> <span class='ocrx_word' id='word_1_163' title='bbox 593 2794 625 2831; x_wconf 94' lang='grc' dir='ltr'>τε</span> <span class='ocrx_word' id='word_1_164' title='bbox 641 2765 689 2829; x_wconf 79' lang='grc' dir='ltr'>καὶ</span> <span class='ocrx_word' id='word_1_165' title='bbox 706 2767 806 2848; x_wconf 91' lang='grc' dir='ltr'>ἄγριοι</span> <span class='ocrx_word' id='word_1_166' title='bbox 826 2767 893 2828; x_wconf 77' lang='grc' dir='ltr'>οὐδὲ</span> <span class='ocrx_word' id='word_1_167' title='bbox 909 2767 1027 2841; x_wconf 89' lang='grc' dir='ltr'>δίκαιοι,</span> 
     </span>
    </p>

    <p class='ocr_par' dir='ltr' id='par_1_24' title="bbox 265 2866 971 2957">
     <span class='ocr_line' id='line_1_25' title="bbox 265 2866 971 2957; baseline -0.011 -15"><span class='ocrx_word' id='word_1_168' title='bbox 265 2878 299 2955; x_wconf 80' lang='grc' dir='ltr'>ἦε</span> <span class='ocrx_word' id='word_1_169' title='bbox 317 2876 487 2957; x_wconf 83' lang='grc' dir='ltr'>φιλόξεινοι</span> <span class='ocrx_word' id='word_1_170' title='bbox 504 2873 554 2933; x_wconf 89' lang='grc' dir='ltr'>καί</span> <span class='ocrx_word' id='word_1_171' title='bbox 570 2877 646 2950; x_wconf 89' lang='grc' dir='ltr'>σφιν</span> <span class='ocrx_word' id='word_1_172' title='bbox 661 2869 729 2934; x_wconf 88' lang='grc' dir='ltr'>νόος</span> <span class='ocrx_word' id='word_1_173' title='bbox 745 2866 811 2931; x_wconf 82' lang='grc' dir='ltr'>ἐστὶ</span> <span class='ocrx_word' id='word_1_174' title='bbox 828 2866 971 2947; x_wconf 87' lang='grc' dir='ltr'>θεουδής,·</span> 
     </span>
    </p>

    <p class='ocr_par' dir='ltr' id='par_1_25' title="bbox 264 2970 1124 3064">
     <span class='ocr_line' id='line_1_26' title="bbox 264 2970 1124 3064; baseline 0.003 -28"><span class='ocrx_word' id='word_1_175' title='bbox 264 2981 305 3064; x_wconf 70' lang='grc' dir='ltr'>πῇ</span> <span class='ocrx_word' id='word_1_176' title='bbox 322 2981 356 3057; x_wconf 79' lang='grc' dir='ltr'>δὴ</span> <span class='ocrx_word' id='word_1_177' title='bbox 374 2977 511 3063; x_wconf 77' lang='grc' dir='ltr'>χρήματα</span> <span class='ocrx_word' id='word_1_178' title='bbox 526 2970 628 3036; x_wconf 83' lang='grc' dir='ltr'>πολλὰ</span> <span class='ocrx_word' id='word_1_179' title='bbox 644 2971 725 3052; x_wconf 89' lang='grc' dir='ltr'>φέρω</span> <span class='ocrx_word' id='word_1_180' title='bbox 742 2972 812 3038; x_wconf 89' lang='grc' dir='ltr'>τάδε</span> <span class='ocrx_word' id='word_1_181' title='bbox 828 2999 838 3049; x_wconf 90' lang='grc'>,·</span> <span class='ocrx_word' id='word_1_182' title='bbox 863 2975 904 3060; x_wconf 72' lang='grc' dir='ltr'>πῂ</span> <span class='ocrx_word' id='word_1_183' title='bbox 922 2974 955 3038; x_wconf 82' lang='grc' dir='ltr'>δὲ</span> <span class='ocrx_word' id='word_1_184' title='bbox 972 2975 1022 3037; x_wconf 87' lang='grc' dir='ltr'>καὶ</span> <span class='ocrx_word' id='word_1_185' title='bbox 1037 2974 1124 3040; x_wconf 87' lang='grc' dir='ltr'>αὐτὸς</span> 
     </span>
    </p>

    <p class='ocr_par' dir='ltr' id='par_1_26' title="bbox 264 3075 1096 3161">
     <span class='ocr_line' id='line_1_27' title="bbox 264 3075 1096 3161; baseline 0.002 -18"><span class='ocrx_word' id='word_1_186' title='bbox 264 3080 415 3160; x_wconf 83' lang='grc' dir='ltr'>πλάζομαι</span> <span class='ocrx_word' id='word_1_187' title='bbox 429 3104 440 3152; x_wconf 89' lang='grc'><strong><em>;</em></strong></span> <span class='ocrx_word' id='word_1_188' title='bbox 463 3075 522 3138; x_wconf 82' lang='grc' dir='ltr'>αἵθ’</span> <span class='ocrx_word' id='word_1_189' title='bbox 539 3077 654 3154; x_wconf 89' lang='grc' dir='ltr'>ὄφελον</span> <span class='ocrx_word' id='word_1_190' title='bbox 669 3082 769 3156; x_wconf 81' lang='grc' dir='ltr'>μεῖναι</span> <span class='ocrx_word' id='word_1_191' title='bbox 785 3082 866 3161; x_wconf 79' lang='grc' dir='ltr'>παρὰ</span> <span class='ocrx_word' id='word_1_192' title='bbox 881 3077 1071 3157; x_wconf 89' lang='grc' dir='ltr'>Φαιήκεσσιν</span> <span class='ocrx_word' id='word_1_193' title='bbox 1089 3127 1096 3134; x_wconf 90' lang='grc'>-</span> 
     </span>
    </p>

    <p class='ocr_par' dir='ltr' id='par_1_27' title="bbox 264 3182 1060 3265">
     <span class='ocr_line' id='line_1_28' title="bbox 264 3182 1060 3265; baseline 0.004 -18"><span class='ocrx_word' id='word_1_194' title='bbox 264 3187 362 3247; x_wconf 79' lang='grc' dir='ltr'>αὐτοῦ·</span> <span class='ocrx_word' id='word_1_195' title='bbox 387 3183 446 3265; x_wconf 75' lang='grc' dir='ltr'>ἐγὼ</span> <span class='ocrx_word' id='word_1_196' title='bbox 463 3183 496 3243; x_wconf 86' lang='grc' dir='ltr'>δέ</span> <span class='ocrx_word' id='word_1_197' title='bbox 511 3207 562 3244; x_wconf 89' lang='grc' dir='ltr'>κεν</span> <span class='ocrx_word' id='word_1_198' title='bbox 579 3182 675 3246; x_wconf 89' lang='grc' dir='ltr'>ἄλλον</span> <span class='ocrx_word' id='word_1_199' title='bbox 691 3183 883 3265; x_wconf 84' lang='grc' dir='ltr'>ὑπερμενέων</span> <span class='ocrx_word' id='word_1_200' title='bbox 898 3184 1060 3265; x_wconf 87' lang='grc' dir='ltr'>βασιλήων</span> 
     </span>
    </p>

    <p class='ocr_par' dir='ltr' id='par_1_28' title="bbox 264 3283 1038 3370">
     <span class='ocr_line' id='line_1_29' title="bbox 264 3283 1038 3370; baseline 0.004 -22"><span class='ocrx_word' id='word_1_201' title='bbox 264 3287 415 3364; x_wconf 84' lang='grc' dir='ltr'>ἐξικόμην,</span> <span class='ocrx_word' id='word_1_202' title='bbox 429 3287 462 3353; x_wconf 85' lang='grc' dir='ltr'>ὅς</span> <span class='ocrx_word' id='word_1_203' title='bbox 478 3283 529 3350; x_wconf 89' lang='grc' dir='ltr'>κέν</span> <span class='ocrx_word' id='word_1_204' title='bbox 544 3285 573 3368; x_wconf 86' lang='grc' dir='ltr'>μ’</span> <span class='ocrx_word' id='word_1_205' title='bbox 592 3288 694 3368; x_wconf 79' lang='grc' dir='ltr'>ἐφίλει</span> <span class='ocrx_word' id='word_1_206' title='bbox 711 3289 759 3352; x_wconf 90' lang='grc' dir='ltr'>καὶ</span> <span class='ocrx_word' id='word_1_207' title='bbox 775 3290 891 3370; x_wconf 84' lang='grc' dir='ltr'>ἔπεμπε</span> <span class='ocrx_word' id='word_1_208' title='bbox 907 3290 1038 3356; x_wconf 88' lang='grc' dir='ltr'>νέεσθαι.</span> 
     </span>
    </p>

    <p class='ocr_par' dir='ltr' id='par_1_29' title="bbox 263 3385 1125 3478">
     <span class='ocr_line' id='line_1_30' title="bbox 263 3385 1125 3478; baseline 0.007 -28"><span class='ocrx_word' id='word_1_209' title='bbox 263 3393 316 3450; x_wconf 85' lang='grc' dir='ltr'>νῦν</span> <span class='ocrx_word' id='word_1_210' title='bbox 331 3385 357 3452; x_wconf 88' lang='grc' dir='ltr'>δ’</span> <span class='ocrx_word' id='word_1_211' title='bbox 374 3389 434 3455; x_wconf 77' lang='grc' dir='ltr'>οὔτ’</span> <span class='ocrx_word' id='word_1_212' title='bbox 452 3392 488 3474; x_wconf 88' lang='grc' dir='ltr'>ἀρ</span> <span class='ocrx_word' id='word_1_213' title='bbox 505 3417 546 3478; x_wconf 84' lang='grc' dir='ltr'>πη</span> <span class='ocrx_word' id='word_1_214' title='bbox 563 3394 672 3456; x_wconf 89' lang='grc' dir='ltr'>θέσθαι</span> <span class='ocrx_word' id='word_1_215' title='bbox 692 3393 865 3473; x_wconf 80' lang='grc' dir='ltr'>ἐπίσταμαι,</span> <span class='ocrx_word' id='word_1_216' title='bbox 882 3393 949 3457; x_wconf 81' lang='grc' dir='ltr'>οὐδὲ</span> <span class='ocrx_word' id='word_1_217' title='bbox 964 3394 1019 3472; x_wconf 74' lang='grc' dir='ltr'>μὲν</span> <span class='ocrx_word' id='word_1_218' title='bbox 1034 3392 1125 3456; x_wconf 82' lang='grc' dir='ltr'>αὐτοῦ</span> 
     </span>
    </p>

    <p class='ocr_par' dir='ltr' id='par_1_30' title="bbox 263 3494 1026 3579">
     <span class='ocr_line' id='line_1_31' title="bbox 263 3494 1026 3579; baseline 0.005 -25"><span class='ocrx_word' id='word_1_219' title='bbox 263 3496 433 3577; x_wconf 78' lang='grc' dir='ltr'>καλλείψω,</span> <span class='ocrx_word' id='word_1_220' title='bbox 449 3496 490 3578; x_wconf 86' lang='grc' dir='ltr'>μή</span> <span class='ocrx_word' id='word_1_221' title='bbox 507 3499 570 3563; x_wconf 85' lang='grc' dir='ltr'>πός</span> <span class='ocrx_word' id='word_1_222' title='bbox 585 3522 636 3575; x_wconf 90' lang='grc' dir='ltr'>μοι</span> <span class='ocrx_word' id='word_1_223' title='bbox 655 3497 734 3576; x_wconf 80' lang='grc' dir='ltr'>ἕλωρ</span> <span class='ocrx_word' id='word_1_224' title='bbox 752 3495 878 3561; x_wconf 89' lang='grc' dir='ltr'>ἄλλοισι</span> <span class='ocrx_word' id='word_1_225' title='bbox 892 3494 1026 3579; x_wconf 87' lang='grc' dir='ltr'>γένηται.</span> 
     </span>
    </p>

    <p class='ocr_par' dir='ltr' id='par_1_31' title="bbox 263 3598 1037 3683">
     <span class='ocr_line' id='line_1_32' title="bbox 263 3598 1037 3683; baseline 0 -18"><span class='ocrx_word' id='word_1_226' title='bbox 263 3598 286 3664; x_wconf 82' lang='grc' dir='ltr'>ἀι</span> <span class='ocrx_word' id='word_1_227' title='bbox 302 3602 408 3682; x_wconf 92' lang='grc' dir='ltr'>πόποι,</span> <span class='ocrx_word' id='word_1_228' title='bbox 423 3603 475 3668; x_wconf 84' lang='grc' dir='ltr'>οὐκ</span> <span class='ocrx_word' id='word_1_229' title='bbox 491 3602 548 3683; x_wconf 90' lang='grc' dir='ltr'>ἀρα</span> <span class='ocrx_word' id='word_1_230' title='bbox 564 3605 663 3666; x_wconf 87' lang='grc' dir='ltr'>πάντα</span> <span class='ocrx_word' id='word_1_231' title='bbox 678 3599 824 3681; x_wconf 86' lang='grc' dir='ltr'>νοήμονες</span> <span class='ocrx_word' id='word_1_232' title='bbox 839 3600 907 3665; x_wconf 78' lang='grc' dir='ltr'>οὐδὲ</span> <span class='ocrx_word' id='word_1_233' title='bbox 925 3601 1037 3665; x_wconf 92' lang='grc' dir='ltr'>δίκαιοι</span> 
     </span>
    </p>

    <p class='ocr_par' dir='ltr' id='par_1_32' title="bbox 266 3702 895 3787">
     <span class='ocr_line' id='line_1_33' title="bbox 266 3702 895 3787; baseline 0.002 -19"><span class='ocrx_word' id='word_1_234' title='bbox 266 3705 344 3783; x_wconf 83' lang='grc' dir='ltr'>ἦσαν</span> <span class='ocrx_word' id='word_1_235' title='bbox 360 3706 503 3787; x_wconf 89' lang='grc' dir='ltr'>Φαιήκων</span> <span class='ocrx_word' id='word_1_236' title='bbox 517 3702 660 3786; x_wconf 83' lang='grc' dir='ltr'>ἡγήτορες</span> <span class='ocrx_word' id='word_1_237' title='bbox 675 3704 727 3783; x_wconf 77' lang='grc' dir='ltr'>ἠδὲ</span> <span class='ocrx_word' id='word_1_238' title='bbox 741 3705 895 3781; x_wconf 86' lang='grc' dir='ltr'>μέδοντες,</span> 
     </span>
    </p>
   </div>
   <div class='ocr_carea' id='block_1_3' title="bbox 0 0 1422 4234">
    <p class='ocr_par' dir='ltr' id='par_1_33' title="bbox 0 0 1422 4234">
     <span class='ocr_line' id='line_1_34' title="bbox 0 0 1422 4234; baseline 0 0"><span class='ocrx_word' id='word_1_239' title='bbox 0 0 1422 4234; x_wconf 95' lang='lat' dir='ltr'> </span> 
     </span>
    </p>
   </div>
  </div>
 </body>
</html>
