2788 4230
481 334 530 400 17·
553 323 789 382 οΔςςΣοιΑΣ
814 323 846 382 Ρ.
1076 331 1136 400 793

194 491 244 554 καί
259 489 309 553 κέν
323 515 375 570 μιν
390 493 468 570 τρεῖς
483 493 579 570 μῆνας
594 489 764 570 ἀπόπροθεν
779 489 860 554 οἶκος
875 483 1004 568 ἔρόκοι.”

230 591 293 659 Ὣς
309 589 354 675 ἀρ’
370 594 440 674 ἔφη,
457 593 505 656 καὶ
521 597 638 674 θρῆνυν·
646 593 724 656 ἑλῶν
741 591 876 672 ὑπέφηνε
891 590 1037 671 τραπέζης

193 699 339 776 κείμενον,
354 694 376 782 ᾧ
389 697 420 779 ῥ’
436 697 546 780 ἔπεχεν
561 697 708 777 λιπαροὺς
723 699 817 761 πόδας
834 692 1042 771 εἰλαπινάζων.
1089 723 1138 771 410

193 802 222 862 οἱ
238 800 262 864 δ’
278 798 370 863 ἄλλοι
386 798 495 865 πάντες
510 801 644 877 δίδοσαν,
660 802 785 877 πλῆσαν
800 798 825 862 δ’
841 798 898 878 ἄρα
914 795 1011 878 πήρην

193 906 278 966 σίτου
295 900 342 967 καὶ
359 909 474 984 κρειῶν·
497 902 577 986 τάχα
593 903 629 982 δὴ
647 900 695 966 καὶ
712 904 841 982 ἔμελλεν
859 899 1025 966 Ὀδυσσεὺς

193 1006 276 1072 αδτις
291 1007 337 1069 ἔπ’
354 1007 442 1070 οὐδὸν
459 1008 512 1074 ίὼν
528 1007 649 1090 προικὸς
664 1007 830 1089 γεύσεσθαι
845 1005 989 1087 Ἀχαιῶν·

193 1112 249 1186 στῆ
267 1113 299 1174 δὲ
315 1110 384 1190 παρ’
400 1111 566 1188 Ἀντίνοον,
584 1112 633 1174 καί
647 1136 699 1188 μιν
715 1109 898 1190 πρδςμῢθον
914 1109 1005 1172 ἔειπε·

192 1218 213 1247 “
224 1214 284 1290 δός,
300 1216 401 1294 φίλος·
426 1213 461 1277 οὐ
476 1213 532 1294 μέν
546 1239 596 1292 μοι
613 1213 725 1282 δοκέεις
741 1214 758 1275 ὁ
774 1210 917 1277 κάκιστος
931 1210 1064 1294 Ἀχαιῶν
1090 1237 1119 1286 41
1125 1238 1139 1286 5

192 1317 326 1396 ἔμμεναι,
344 1316 414 1379 ἀλλ’
430 1317 568 1397 ὤριστος,
585 1315 651 1380 ἐπεὶ
664 1319 799 1397 βασιλῆϊ
813 1317 922 1382 ἔοικας.

192 1419 234 1503 τῷ
250 1444 286 1485 σε
301 1419 359 1502 χρὴ
376 1420 499 1499 δόμεναι
515 1418 563 1484 καὶ
578 1420 674 1483 λώϊον
689 1419 724 1498 ἠέ
740 1445 796 1500 περ
811 1418 903 1484 ἀλλοι

193 1523 287 1585 σίτου·
313 1527 373 1604 ἐγὼ
388 1522 422 1587 δέ
437 1523 470 1590 κέ
485 1549 522 1588 σε
539 1525 630 1590 κλείω
646 1523 709 1586 κατ’
725 1524 869 1603 ἀπείρονα
884 1527 984 1605 γαῖαν.

193 1622 313 1707 καὶγὰρ
330 1625 388 1707 ἔγό
404 1651 479 1692 ποτε
495 1627 578 1692 οἶκον
592 1628 625 1691 ἐν
641 1627 843 1708 ἀνθρώποισιν
859 1627 961 1694 ἔναιον

193 1730 301 1808 ὄλβιος
318 1729 443 1806 ἀφνειὸν
460 1728 508 1793 καὶ
524 1728 658 1796 πολλάκι
674 1729 786 1794 δόσκον
802 1728 899 1814 ἀλήτῃ
1089 1756 1140 1804 420

192 1834 274 1915 τοίῳ,
291 1834 395 1898 ὁποῖος
411 1835 456 1897 ἔοι
472 1834 520 1897 καὶ
535 1835 604 1896 ὅτευ
621 1831 801 1915 κεχρημένος
817 1833 913 1896 ἔλθοι·

192 1934 272 2013 ἦσαν
287 1940 319 1999 δὲ
339 1941 434 2014 δμῶες
448 1935 532 2012 μάλα
546 1937 644 2016 μυρίοι
660 1934 743 1998 ἀλλα
757 1961 790 2000 τε
806 1935 909 2001 πολλὰ

194 2040 275 2102 οἷσίν
290 2039 315 2101 τ’
332 2038 364 2102 εδ
379 2039 488 2115 ζώουσι
505 2040 553 2102 καὶ
569 2036 689 2119 ἀφνειοὶ
705 2037 876 2102 καλέονται.

194 2141 277 2204 ἀλλὰ
292 2141 367 2206 Ζεδς
384 2141 522 2221 ἀλάπαξε
538 2141 810 2222 Κρονίων-ήθελε
824 2139 882 2223 γάρ
898 2166 1000 2205 που-

192 2243 225 2310 ός
239 2241 270 2325 μ’
285 2244 345 2325 άμα
360 2247 526 2326 ληϊστῆρσι
544 2245 827 2327 πολυπλάγκτοισιν
842 2246 951 2322 ἀνῆκεν
1091 2273 1121 2320 4²
1125 2270 1139 2318 5

194 2349 371 2430 Αίγνπτόνδ’
390 2347 474 2425 ἰέναι,
493 2350 621 2435 δολιχήν
636 2349 716 2424 ὁδόν,
733 2345 802 2431 ὄφρ’
818 2349 994 2430 ἀπολοίμην.

194 2457 295 2531 στῆσα
310 2451 335 2515 δ’
352 2454 383 2520 ἔν
400 2453 541 2538 Αἰγύπτῳ
560 2455 683 2538 ποταμῷ
701 2452 769 2520 νέας
785 2453 1008 2533 ἀμφιελίσσας.

194 2557 255 2620 ἔνθ’
271 2556 289 2635 ἦ
305 2581 351 2621 τοι
366 2557 422 2637 μὲν
438 2557 497 2638 ἔγδι
510 2558 642 2636 κελόμην
656 2557 774 2637 ἐρίηρας
791 2559 924 2638 ἑταίρους

194 2659 285 2724 αὐτοῦ
300 2659 360 2740 πὰρ
379 2659 489 2738 νήεσσι
503 2660 605 2739 μένειν
621 2660 668 2723 καὶ
683 2663 757 2738 νῆας
773 2659 907 2740 ἔρυσθαι,

194 2764 323 2845 ὀπτῆρας
341 2767 373 2828 δὲ
390 2762 463 2826 κατὰ
479 2766 609 2830 σκοπιὰς
625 2765 740 2844 ὤτρυνα
754 2763 887 2830 νέεσθαι.
1088 2789 1139 2839 430

194 2868 222 2929 οἱ
238 2867 263 2930 δ’
279 2869 366 2950 ὕβρει
382 2866 522 2946 εἴξαντες,
538 2868 737 2948 ἐπισπόμενοι
752 2867 837 2946 μένεϊ
852 2868 933 2951 σφῷ,

195 2971 272 3052 αἶψα
287 2968 358 3052 μάλ’
373 2971 546 3052 Αἰγυπτίων
562 2972 675 3052 ἀνδρῶν
691 2972 893 3054 περικαλλέας
908 2969 1016 3052 ἀγροὺς

193 3077 330 3157 πόρθεον,
347 3077 380 3139 ἔκ
394 3077 426 3138 δὲ
441 3079 582 3156 γυναῖκας
597 3075 674 3157 ἄγον
689 3075 737 3138 καὶ
753 3073 846 3152 νήπια
860 3073 957 3151 τέκνα,

193 3179 298 3245 αὐτούς
313 3179 339 3242 τ’
355 3179 498 3244 ἔκτεινον·
521 3177 602 3260 τάχα
616 3175 641 3242 δ’
657 3180 686 3244 ἔς
703 3179 795 3243 πόλιν
810 3176 882 3244 ἵκετ’
899 3175 983 3254 ἀϋτή.

194 3285 223 3344 οἱ
238 3285 270 3346 δὲ
285 3284 363 3361 βοῆς
380 3282 497 3348 ἀίοντες
512 3281 562 3362 ἀμ’
578 3281 627 3360 ἠοῖ
643 3280 868 3363 φαινομένηφιν
1088 3307 1138 3357 435

194 3385 297 3464 ἦλθον·
322 3389 421 3464 πλῆτο
437 3389 469 3451 δὲ
487 3391 547 3450 πᾶν
562 3387 668 3450 πεδίον
683 3386 781 3462 πεζῶν
795 3410 828 3448 τε
845 3385 893 3448 καὶ
909 3386 1010 3448 ἵππων

193 3495 311 3573 χαλκοῦ
326 3514 359 3554 τε
374 3493 530 3571 στεροπῆς·
555 3493 587 3555 ἔν
602 3491 635 3552 δὲ
651 3488 727 3554 Ζεὺς
741 3487 967 3568 τερπικέραυνος

194 3594 290 3675 φύζαν
306 3596 388 3673 ἔμοῖς
405 3597 536 3676 ἑτάροισι
552 3593 645 3672 κακῆν
659 3591 769 3674 βάλεν,
786 3591 852 3656 οὐδέ
868 3617 912 3658 τις
928 3593 1000 3670 ἔτλη

196 3700 305 3775 στῆναι
322 3697 502 3777 ἐναντίβιον·
527 3695 594 3781 περὶ
608 3699 667 3780 γὰρ
684 3699 759 3762 κακδ
774 3695 921 3762 πάντοθεν
936 3697 1019 3774 ἔστη.
