2728 4230
478 365 507 430 8.
531 370 701 430 ΙΛΙΑΔΟΣ
724 371 763 432 Θ.
1035 383 1095 452 153

155 536 210 611 στῆ
225 537 258 599 δὲ
274 531 345 616 παρ’
360 533 451 598 αὐτὸν
466 536 520 600 ἰών
536 535 587 598 καί
602 561 654 616 μιν
669 535 743 618 πρὸς
756 541 850 617 μῦθον
865 535 958 602 έειπε·
1047 552 1095 600 280

155 642 305 720 “Τεΰκρε,
322 638 399 718 φίλη
417 637 545 719 κεφαλή,
561 639 746 720 Τελαμώνιε,
764 640 882 721 κοίρανε
895 645 989 714 λαῶν,

152 739 249 819 βάλλ’
263 743 365 814 οὕτως,
382 744 416 805 αί
429 740 480 805 κέν
496 767 523 805 τι
540 743 623 822 φόως
639 748 789 806 Δαναοῖσι
803 741 909 825 γένηαι

152 843 245 924 πατρί
258 869 291 908 τε
306 845 351 929 σῷ
367 849 537 925 Τελαμῶνι,
553 846 571 908 ό
586 843 616 908 σ’
632 845 741 927 ἔτρεφε
755 845 862 909 τυτθὸν
877 846 973 924 ἐόντα,

153 947 203 1008 καί
217 973 255 1010 σε
272 949 362 1012 νόθον
377 974 433 1028 περ
448 949 536 1012 έόντα
553 949 720 1028 κομίσσατο
737 945 760 1032 ᾦ
777 948 821 1012 ένί
835 951 917 1034 οἴκῳ·

152 1049 204 1112 τὸν
220 1051 269 1113 καί
284 1047 388 1129 τηλόθ’
404 1051 492 1115 έόντα
507 1051 643 1130 έῦκλείης
659 1051 820 1132 ἐπίβησον.
1047 1067 1093 1127 285

153 1153 202 1216 σοὶ
217 1150 244 1216 δ’
260 1153 319 1235 ἐγὼ
335 1151 444 1235 ἐξερέω
460 1153 499 1220 ὣς
514 1155 563 1218 καὶ
578 1154 796 1236 τετελεσμένον
812 1155 908 1218 ἔσται·
967 1181 968 1186 “

152 1259 185 1318 αἰ
198 1255 249 1319 κέν
262 1281 314 1336 μοι
330 1256 390 1342 δώῃ
407 1257 481 1322 Ζεύς
496 1255 522 1319 τ’
541 1258 677 1342 αἰγίοχος
693 1259 742 1321 καί
759 1256 869 1336 Ἀθήνη

153 1355 245 1421 Ἰλίου
261 1356 451 1438 ἐξαλαπάξαι
466 1361 637 1439 ἐϋκτίμενον
651 1363 840 1442 πτολίεθρον,

152 1461 256 1545 πρώτῳ
272 1486 320 1525 τοι
333 1459 399 1541 μετ’
415 1463 467 1542 ἐμὲ
482 1462 653 1544 πρεσβήϊον
667 1466 701 1528 έν
714 1465 782 1547 χερὶ
798 1461 891 1542 θήσω,

150 1561 169 1640 ἢ
184 1561 299 1645 τρίποδ’
317 1564 353 1643 ἠὲ
368 1565 427 1629 δύω
443 1567 552 1631 ἵππους
567 1566 704 1631 αὐτοῖσιν
720 1569 854 1650 ὄχεσφιν
1045 1595 1092 1646 ²90

150 1666 185 1745 ἠὲ
198 1664 328 1749 γυναῖχ’,
345 1667 365 1745 ή
380 1666 432 1730 κέν
446 1693 493 1731 τοι
508 1669 581 1744 ὁμὸν
595 1669 689 1753 λέχος
704 1668 949 1750 εἰσαναβαίνοι.”

192 1769 255 1832 Τὸν
270 1767 296 1832 δ’
312 1771 557 1850 ἀπαμειβόμενος
571 1773 769 1855 προσεφώνεε
782 1778 911 1855 Τεῦκρος
927 1772 1057 1853 ἀμύμων·

151 1881 171 1907 “
182 1868 317 1954 Ἀτρεΐδη
334 1873 464 1948 κύδιστε,
481 1875 511 1937 τί
523 1901 562 1955 με
577 1875 746 1940 σπεύδοντα
761 1877 811 1940 καὶ
826 1876 916 1940 αὐτὸν

150 1974 298 2056 ὀτρύνεις;
322 1977 356 2041 ού
370 1976 426 2057 μέν
440 2002 487 2041 τοι
502 1979 560 2059 όση
576 1978 698 2058 δύναμίς
712 2004 749 2060 γε
763 1978 891 2061 πάρεστι

150 2077 289 2159 παύομαι,
306 2076 378 2142 ἀλλ’
394 2078 430 2158 έξ
444 2080 478 2143 οὗ
493 2082 581 2162 προτὶ
593 2080 691 2145 Ἴλιον
705 2079 837 2160 ὠσάμεθ’
853 2081 967 2155 αὐτούς,
1042 2109 1090 2160 ²95

150 2183 184 2244 ἐκ
199 2189 250 2245 τοῦ
266 2183 301 2263 δή
318 2181 435 2262 τόξοισι
451 2183 628 2266 δεδεγμένος
643 2184 752 2265 ἄνδρας
767 2187 885 2265 ἐναίρω.

150 2285 226 2348 ὀκτώ
241 2287 277 2364 δὴ
293 2285 425 2367 προέηκα
439 2288 665 2371 τανυγλώχινας
681 2287 810 2360 ὀϊστούς,

150 2387 261 2454 πάντες
275 2388 300 2452 δ’
318 2391 352 2454 έν
365 2389 436 2473 χροὶ
453 2394 572 2473 πῆχθεν
587 2391 736 2473 ἀρηϊθόων
751 2391 870 2470 αἰζηῶν·

150 2497 254 2554 τοῦτον
269 2491 296 2556 δ’
311 2493 347 2556 ού
361 2494 487 2574 δύναμαι
501 2492 630 2572 βαλέειν
646 2493 718 2558 κύνα
732 2492 944 2575 λυσσητῆρα.”

188 2593 234 2656 Ἦ
247 2597 296 2678 ῥα,
313 2597 362 2660 καί
377 2596 476 2661 ἄλλον
492 2596 597 2662 ὀϊστὸν
612 2596 672 2660 ἀπὸ
688 2600 833 2678 νευρῆφιν
846 2600 956 2662 ἴαλλεν
1043 2625 1093 2675 300

145 2696 289 2780 Ἕκτορος
307 2699 437 2780 ἀντικρύ,
453 2699 583 2779 βαλέειν
597 2699 631 2763 δέ
647 2703 662 2763 ἑ
676 2701 739 2763 ἵετο
754 2700 856 2778 θυμός·

150 2804 198 2866 καὶ
213 2807 266 2866 τοῦ
279 2801 336 2882 μέν
349 2799 383 2885 ῥ’
399 2800 562 2885 ἀφάμαρθ’,
580 2804 597 2866 ὅ
613 2800 640 2866 δ’
656 2803 792 2884 ἀμύμονα
807 2804 998 2886 Γοργυθίωνα

149 2905 214 2972 υἱὸν
229 2906 281 2970 έὺν
295 2905 445 2989 Πριάμοιο
462 2911 538 2972 κατὰ
557 2912 668 2986 στῆθος
682 2907 782 2988 βάλεν
797 2910 843 2994 ἰῷ,

148 3011 201 3075 τόν
215 3010 246 3093 ῥ’
263 3008 300 3089 ἐξ
312 3010 487 3089 Αἰσύμηθεν
502 3010 664 3092 ὀπυιομένη
680 3010 748 3076 τέκε
761 3010 857 3092 μήτηρ

149 3114 226 3192 καλὴ
242 3112 448 3195 Καστιάνειρα
462 3112 553 3193 δέμας
569 3116 665 3178 έϊκυῖα
680 3115 779 3201 θεῇσι.
1044 3148 1091 3197 305

147 3214 249 3295 μήκων
264 3213 290 3279 δ’
306 3216 346 3282 ὡς
361 3215 491 3298 ἑτέρωσε
507 3216 581 3298 κάρη
596 3216 706 3297 βάλεν,
723 3218 744 3296 ἤ
759 3215 787 3280 τ’
802 3219 847 3281 ένὶ
862 3217 954 3305 κήπῳ,

148 3320 250 3402 καρπῷ
265 3318 433 3400 βριθομένη
449 3320 570 3406 νοτίῃσί
583 3344 617 3384 τε
633 3322 810 3407 εἰαρινῇσιν,

147 3419 188 3485 ὣς
202 3420 325 3502 ἓτέρωσ’
340 3421 438 3503 ἤμυσε
455 3422 528 3505 κάρη
544 3423 659 3502 πήληκι
673 3424 833 3505 βαρυνθέν.

188 3525 320 3606 Τεῦκρος
334 3522 362 3589 δ’
377 3523 475 3589 άλλον
491 3525 596 3590 ὀϊστὸν
611 3525 672 3589 άπὸ
687 3531 832 3608 νευρῆφιν
845 3531 955 3594 ίαλλεν

142 3623 288 3710 ’Έκτορος
304 3629 434 3709 ἀντικρύ,
450 3627 579 3709 βαλέειν
594 3627 628 3693 δέ
643 3633 658 3693 ἑ
673 3631 736 3694 ἰετο
756 3631 856 3708 θυμός.
1042 3659 1091 3707 310

146 3726 216 3791 ἀλλ’
231 3731 250 3794 ὅ
265 3757 301 3813 γε
316 3731 366 3795 καὶ
381 3728 445 3794 τόθ’
461 3731 582 3814 ἅμαρτε
607 3730 807 3813 παρέσφηλεν
821 3733 879 3816 γὰρ
894 3734 1067 3798 Ἀπόλλων·
