<?xml version="1.0" encoding="UTF-8"?>
<!DOCTYPE html PUBLIC "-//W3C//DTD XHTML 1.0 Transitional//EN"
    "http://www.w3.org/TR/xhtml1/DTD/xhtml1-transitional.dtd">
<html xmlns="http://www.w3.org/1999/xhtml" xml:lang="en" lang="en">
 <head>
  <title>
</title>
<meta http-equiv="Content-Type" content="text/html;charset=utf-8" />
  <meta name='ocr-system' content='tesseract 3.04.00' />
  <meta name='ocr-capabilities' content='ocr_page ocr_carea ocr_par ocr_line ocrx_word'/>
</head>
<body>
  <div class='ocr_page' id='page_1' title='image "./homerioperaetre00homegoog_0578.png"; bbox 0 0 2874 4234; ppageno 0'>
   <div class='ocr_carea' id='block_1_1' title="bbox 553 345 1189 430">
    <p class='ocr_par' dir='ltr' id='par_1_1' title="bbox 553 345 1189 430">
     <span class='ocr_line' id='line_1_1' title="bbox 553 345 1189 430; baseline 0.028 -28"><span class='ocrx_word' id='word_1_1' title='bbox 553 360 584 419; x_wconf 87' lang='lat'>4.</span> <span class='ocrx_word' id='word_1_2' title='bbox 608 345 843 430; x_wconf 71' lang='grc' dir='ltr'>ορυενοιλε</span> <span class='ocrx_word' id='word_1_3' title='bbox 871 349 906 407; x_wconf 84' lang='grc' dir='ltr'>Δ.</span> <span class='ocrx_word' id='word_1_4' title='bbox 1127 353 1189 421; x_wconf 79' lang='lat'>573</span> 
     </span>
    </p>
   </div>
   <div class='ocr_carea' id='block_1_2' title="bbox 200 511 1196 3807">
    <p class='ocr_par' dir='ltr' id='par_1_2' title="bbox 244 511 1008 596">
     <span class='ocr_line' id='line_1_2' title="bbox 244 511 1008 596; baseline 0 -19"><span class='ocrx_word' id='word_1_5' title='bbox 244 513 314 578; x_wconf 80' lang='grc' dir='ltr'>οὐδέ</span> <span class='ocrx_word' id='word_1_6' title='bbox 329 538 372 580; x_wconf 92' lang='grc' dir='ltr'>τις</span> <span class='ocrx_word' id='word_1_7' title='bbox 387 511 544 590; x_wconf 80' lang='grc' dir='ltr'>Ἀτρείδεω</span> <span class='ocrx_word' id='word_1_8' title='bbox 560 515 672 596; x_wconf 78' lang='grc' dir='ltr'>ἑτάρων</span> <span class='ocrx_word' id='word_1_9' title='bbox 687 513 786 579; x_wconf 80' lang='grc' dir='ltr'>λίπεθ’</span> <span class='ocrx_word' id='word_1_10' title='bbox 802 517 833 580; x_wconf 84' lang='grc' dir='ltr'>οί</span> <span class='ocrx_word' id='word_1_11' title='bbox 845 517 875 579; x_wconf 84' lang='grc' dir='ltr'>οῖ</span> <span class='ocrx_word' id='word_1_12' title='bbox 890 515 1008 592; x_wconf 89' lang='grc' dir='ltr'>έποντο,</span> 
     </span>
    </p>

    <p class='ocr_par' dir='ltr' id='par_1_3' title="bbox 244 617 1023 701">
     <span class='ocr_line' id='line_1_3' title="bbox 244 617 1023 701; baseline -0.001 -19"><span class='ocrx_word' id='word_1_13' title='bbox 244 618 312 682; x_wconf 82' lang='grc' dir='ltr'>οὐδέ</span> <span class='ocrx_word' id='word_1_14' title='bbox 326 644 372 684; x_wconf 91' lang='grc' dir='ltr'>τις</span> <span class='ocrx_word' id='word_1_15' title='bbox 388 617 546 700; x_wconf 79' lang='grc' dir='ltr'><strong><em>Αἰγίσθου,</em></strong></span> <span class='ocrx_word' id='word_1_16' title='bbox 562 617 634 682; x_wconf 84' lang='grc' dir='ltr'>ἀλλ’</span> <span class='ocrx_word' id='word_1_17' title='bbox 650 621 774 684; x_wconf 81' lang='grc' dir='ltr'>έκταθεν</span> <span class='ocrx_word' id='word_1_18' title='bbox 789 621 822 683; x_wconf 90' lang='grc' dir='ltr'>ἐν</span> <span class='ocrx_word' id='word_1_19' title='bbox 836 619 1023 701; x_wconf 79' lang='grc' dir='ltr'>μεγάροισιν.</span> 
     </span>
    </p>

    <p class='ocr_par' dir='ltr' id='par_1_4' title="bbox 245 719 1049 805">
     <span class='ocr_line' id='line_1_4' title="bbox 245 719 1049 805; baseline -0.001 -19"><span class='ocrx_word' id='word_1_20' title='bbox 245 723 284 788; x_wconf 79' lang='grc' dir='ltr'>ὣς</span> <span class='ocrx_word' id='word_1_21' title='bbox 300 719 397 803; x_wconf 83' lang='grc' dir='ltr'>ἔφατ’,</span> <span class='ocrx_word' id='word_1_22' title='bbox 413 722 504 803; x_wconf 81' lang='grc' dir='ltr'>αὐτὰρ</span> <span class='ocrx_word' id='word_1_23' title='bbox 520 723 588 801; x_wconf 87' lang='grc' dir='ltr'>ἐμοί</span> <span class='ocrx_word' id='word_1_24' title='bbox 599 750 636 805; x_wconf 93' lang='grc' dir='ltr'>γε</span> <span class='ocrx_word' id='word_1_25' title='bbox 651 722 841 799; x_wconf 79' lang='grc' dir='ltr'>κατεκλάσθη</span> <span class='ocrx_word' id='word_1_26' title='bbox 858 725 953 804; x_wconf 88' lang='grc' dir='ltr'>φίλον</span> <span class='ocrx_word' id='word_1_27' title='bbox 969 722 1049 802; x_wconf 83' lang='grc' dir='ltr'>ήτορ,</span> 
     </span>
    </p>

    <p class='ocr_par' dir='ltr' id='par_1_5' title="bbox 246 824 1090 907">
     <span class='ocr_line' id='line_1_5' title="bbox 246 824 1090 907; baseline 0.001 -20"><span class='ocrx_word' id='word_1_28' title='bbox 246 830 351 902; x_wconf 82' lang='grc' dir='ltr'>κλαῖον</span> <span class='ocrx_word' id='word_1_29' title='bbox 366 824 392 888; x_wconf 90' lang='grc' dir='ltr'>δ’</span> <span class='ocrx_word' id='word_1_30' title='bbox 408 828 440 888; x_wconf 91' lang='grc' dir='ltr'>ἐν</span> <span class='ocrx_word' id='word_1_31' title='bbox 456 825 629 907; x_wconf 79' lang='grc' dir='ltr'>ψαμάθοισι</span> <span class='ocrx_word' id='word_1_32' title='bbox 645 827 817 906; x_wconf 90' lang='grc' dir='ltr'>καθήμενος,</span> <span class='ocrx_word' id='word_1_33' title='bbox 833 826 903 891; x_wconf 81' lang='grc' dir='ltr'>οὐδέ</span> <span class='ocrx_word' id='word_1_34' title='bbox 918 826 953 890; x_wconf 90' lang='grc' dir='ltr'>νύ</span> <span class='ocrx_word' id='word_1_35' title='bbox 967 853 1018 905; x_wconf 91' lang='grc' dir='ltr'>μοι</span> <span class='ocrx_word' id='word_1_36' title='bbox 1036 828 1090 907; x_wconf 83' lang='grc' dir='ltr'>κῆρ</span> 
     </span>
    </p>

    <p class='ocr_par' dir='ltr' id='par_1_6' title="bbox 245 927 1190 1116">
     <span class='ocr_line' id='line_1_6' title="bbox 246 927 1190 1010; baseline 0.001 -19"><span class='ocrx_word' id='word_1_37' title='bbox 246 927 329 1007; x_wconf 83' lang='grc' dir='ltr'>ἤθελ’</span> <span class='ocrx_word' id='word_1_38' title='bbox 345 930 389 993; x_wconf 87' lang='grc' dir='ltr'>έτι</span> <span class='ocrx_word' id='word_1_39' title='bbox 406 929 491 1007; x_wconf 83' lang='grc' dir='ltr'>ζόειν</span> <span class='ocrx_word' id='word_1_40' title='bbox 505 927 554 993; x_wconf 81' lang='grc' dir='ltr'>καὶ</span> <span class='ocrx_word' id='word_1_41' title='bbox 571 931 643 1010; x_wconf 79' lang='grc' dir='ltr'>όράν</span> <span class='ocrx_word' id='word_1_42' title='bbox 659 929 738 1010; x_wconf 92' lang='grc' dir='ltr'>φάος</span> <span class='ocrx_word' id='word_1_43' title='bbox 752 930 877 1008; x_wconf 82' lang='grc' dir='ltr'>ἠελίοιο.</span> <span class='ocrx_word' id='word_1_44' title='bbox 998 987 1000 991; x_wconf 79' lang='grc'>,</span> <span class='ocrx_word' id='word_1_45' title='bbox 1140 955 1190 1006; x_wconf 83' lang='lat'>540</span> 
     </span>
     <span class='ocr_line' id='line_1_7' title="bbox 245 1031 1040 1116; baseline 0 -20"><span class='ocrx_word' id='word_1_46' title='bbox 245 1031 337 1114; x_wconf 77' lang='grc' dir='ltr'>αὐτὰρ</span> <span class='ocrx_word' id='word_1_47' title='bbox 354 1031 418 1097; x_wconf 83' lang='grc' dir='ltr'>ἐπεὶ</span> <span class='ocrx_word' id='word_1_48' title='bbox 435 1032 547 1098; x_wconf 84' lang='grc' dir='ltr'>κλαίων</span> <span class='ocrx_word' id='word_1_49' title='bbox 562 1059 596 1098; x_wconf 92' lang='grc' dir='ltr'>τε</span> <span class='ocrx_word' id='word_1_50' title='bbox 612 1036 823 1111; x_wconf 88' lang='grc' dir='ltr'>κυλινδόμενός</span> <span class='ocrx_word' id='word_1_51' title='bbox 838 1031 1040 1116; x_wconf 88' lang='grc' dir='ltr'>τεκορέσθην,</span> 
     </span>
    </p>

    <p class='ocr_par' dir='ltr' id='par_1_7' title="bbox 245 1135 976 1218">
     <span class='ocr_line' id='line_1_8' title="bbox 245 1135 976 1218; baseline 0.004 -18"><span class='ocrx_word' id='word_1_52' title='bbox 245 1137 280 1215; x_wconf 80' lang='grc' dir='ltr'>δὴ</span> <span class='ocrx_word' id='word_1_53' title='bbox 296 1137 364 1200; x_wconf 92' lang='grc' dir='ltr'>τότε</span> <span class='ocrx_word' id='word_1_54' title='bbox 378 1161 416 1218; x_wconf 89' lang='grc' dir='ltr'>με</span> <span class='ocrx_word' id='word_1_55' title='bbox 431 1135 595 1216; x_wconf 78' lang='grc' dir='ltr'>προσέειπε</span> <span class='ocrx_word' id='word_1_56' title='bbox 609 1137 710 1218; x_wconf 90' lang='grc' dir='ltr'>γέρων</span> <span class='ocrx_word' id='word_1_57' title='bbox 721 1137 808 1204; x_wconf 85' lang='grc' dir='ltr'>θλιος</span> <span class='ocrx_word' id='word_1_58' title='bbox 822 1136 976 1218; x_wconf 87' lang='grc' dir='ltr'>νημερτής·</span> 
     </span>
    </p>

    <p class='ocr_par' dir='ltr' id='par_1_8' title="bbox 200 1232 1044 1322">
     <span class='ocr_line' id='line_1_9' title="bbox 200 1232 1044 1322; baseline 0 -20"><span class='ocrx_word' id='word_1_59' title='bbox 200 1232 203 1238; x_wconf 53' lang='grc'><strong>’</strong></span> <span class='ocrx_word' id='word_1_60' title='bbox 244 1240 359 1319; x_wconf 82' lang='grc' dir='ltr'>μηκέτι,</span> <span class='ocrx_word' id='word_1_61' title='bbox 375 1238 497 1321; x_wconf 90' lang='grc' dir='ltr'>Ἀτρέος</span> <span class='ocrx_word' id='word_1_62' title='bbox 511 1241 573 1312; x_wconf 84' lang='grc' dir='ltr'>υἱέ,Ι</span> <span class='ocrx_word' id='word_1_63' title='bbox 586 1241 684 1304; x_wconf 82' lang='grc' dir='ltr'>πολὺν</span> <span class='ocrx_word' id='word_1_64' title='bbox 697 1241 808 1322; x_wconf 91' lang='grc' dir='ltr'>χρόνον</span> <span class='ocrx_word' id='word_1_65' title='bbox 824 1242 953 1307; x_wconf 75' lang='grc' dir='ltr'>ἀσκελὲς</span> <span class='ocrx_word' id='word_1_66' title='bbox 968 1242 1044 1304; x_wconf 88' lang='grc' dir='ltr'>ούτω</span> 
     </span>
    </p>

    <p class='ocr_par' dir='ltr' id='par_1_9' title="bbox 247 1341 1079 1427">
     <span class='ocr_line' id='line_1_10' title="bbox 247 1341 1079 1427; baseline 0 -21"><span class='ocrx_word' id='word_1_67' title='bbox 247 1341 338 1420; x_wconf 85' lang='grc' dir='ltr'>κλαῖ’,</span> <span class='ocrx_word' id='word_1_68' title='bbox 355 1341 420 1407; x_wconf 80' lang='grc' dir='ltr'>ἐπεὶ</span> <span class='ocrx_word' id='word_1_69' title='bbox 436 1343 488 1407; x_wconf 81' lang='grc' dir='ltr'>οὐκ</span> <span class='ocrx_word' id='word_1_70' title='bbox 504 1343 610 1408; x_wconf 87' lang='grc' dir='ltr'>άνασίν</span> <span class='ocrx_word' id='word_1_71' title='bbox 626 1370 693 1409; x_wconf 90' lang='grc' dir='ltr'>τινα</span> <span class='ocrx_word' id='word_1_72' title='bbox 708 1345 828 1425; x_wconf 78' lang='grc' dir='ltr'>δήομεν·</span> <span class='ocrx_word' id='word_1_73' title='bbox 852 1345 933 1408; x_wconf 86' lang='grc' dir='ltr'>ἀλλὰ</span> <span class='ocrx_word' id='word_1_74' title='bbox 948 1343 1079 1427; x_wconf 89' lang='grc' dir='ltr'>τάχιστα</span> 
     </span>
    </p>

    <p class='ocr_par' dir='ltr' id='par_1_10' title="bbox 246 1448 1192 1634">
     <span class='ocr_line' id='line_1_11' title="bbox 247 1448 1192 1532; baseline 0.002 -22"><span class='ocrx_word' id='word_1_75' title='bbox 247 1449 335 1529; x_wconf 90' lang='grc' dir='ltr'>πείρα</span> <span class='ocrx_word' id='word_1_76' title='bbox 350 1449 432 1514; x_wconf 85' lang='grc' dir='ltr'>ὅπως-</span> <span class='ocrx_word' id='word_1_77' title='bbox 447 1473 497 1511; x_wconf 91' lang='grc' dir='ltr'>κεν</span> <span class='ocrx_word' id='word_1_78' title='bbox 513 1448 548 1527; x_wconf 77' lang='grc' dir='ltr'>δὴ</span> <span class='ocrx_word' id='word_1_79' title='bbox 565 1449 628 1528; x_wconf 76' lang='grc' dir='ltr'>σὴν</span> <span class='ocrx_word' id='word_1_80' title='bbox 639 1449 768 1531; x_wconf 86' lang='grc' dir='ltr'>πατρίδα</span> <span class='ocrx_word' id='word_1_81' title='bbox 782 1453 872 1532; x_wconf 89' lang='grc' dir='ltr'>γαῖαν</span> <span class='ocrx_word' id='word_1_82' title='bbox 887 1449 978 1528; x_wconf 80' lang='grc' dir='ltr'>ἵκηαι.</span> <span class='ocrx_word' id='word_1_83' title='bbox 1143 1472 1192 1523; x_wconf 79' lang='lat'>⁵45</span> 
     </span>
     <span class='ocr_line' id='line_1_12' title="bbox 246 1548 978 1634; baseline 0.007 -22"><span class='ocrx_word' id='word_1_84' title='bbox 246 1549 265 1629; x_wconf 80' lang='grc' dir='ltr'>ἢ</span> <span class='ocrx_word' id='word_1_85' title='bbox 280 1548 337 1632; x_wconf 90' lang='grc' dir='ltr'>γάρ</span> <span class='ocrx_word' id='word_1_86' title='bbox 352 1552 496 1630; x_wconf 77' lang='grc' dir='ltr'>μινζωόν</span> <span class='ocrx_word' id='word_1_87' title='bbox 512 1577 548 1630; x_wconf 89' lang='grc' dir='ltr'>γε</span> <span class='ocrx_word' id='word_1_88' title='bbox 565 1550 715 1634; x_wconf 82' lang='grc' dir='ltr'>κιχήσεαι,</span> <span class='ocrx_word' id='word_1_89' title='bbox 731 1550 750 1631; x_wconf 87' lang='grc' dir='ltr'>ή</span> <span class='ocrx_word' id='word_1_90' title='bbox 766 1578 817 1616; x_wconf 91' lang='grc' dir='ltr'>κεν</span> <span class='ocrx_word' id='word_1_91' title='bbox 831 1550 978 1634; x_wconf 91' lang='grc' dir='ltr'>Ὀρέστης</span> 
     </span>
    </p>

    <p class='ocr_par' dir='ltr' id='par_1_11' title="bbox 250 1653 1136 1736">
     <span class='ocr_line' id='line_1_13' title="bbox 250 1653 1136 1736; baseline 0 -19"><span class='ocrx_word' id='word_1_92' title='bbox 250 1659 364 1720; x_wconf 86' lang='grc' dir='ltr'>κτεῖνεν</span> <span class='ocrx_word' id='word_1_93' title='bbox 377 1654 600 1735; x_wconf 82' lang='grc' dir='ltr'>ὑποφθάμενος·</span> <span class='ocrx_word' id='word_1_94' title='bbox 625 1654 663 1718; x_wconf 82' lang='grc' dir='ltr'>σὺ</span> <span class='ocrx_word' id='word_1_95' title='bbox 678 1656 711 1719; x_wconf 87' lang='grc' dir='ltr'>δέ</span> <span class='ocrx_word' id='word_1_96' title='bbox 726 1682 778 1720; x_wconf 91' lang='grc' dir='ltr'>κεν</span> <span class='ocrx_word' id='word_1_97' title='bbox 791 1655 891 1736; x_wconf 89' lang='grc' dir='ltr'>τάφου</span> <span class='ocrx_word' id='word_1_98' title='bbox 907 1653 1136 1736; x_wconf 89' lang='grc' dir='ltr'>ἀντιβολήσαις.</span> 
     </span>
    </p>

    <p class='ocr_par' dir='ltr' id='par_1_12' title="bbox 249 1755 1012 1841">
     <span class='ocr_line' id='line_1_14' title="bbox 249 1755 1012 1841; baseline 0.001 -20"><span class='ocrx_word' id='word_1_99' title='bbox 249 1759 288 1823; x_wconf 76' lang='grc' dir='ltr'>ὣς</span> <span class='ocrx_word' id='word_1_100' title='bbox 303 1755 399 1838; x_wconf 81' lang='grc' dir='ltr'>ἔφατ’,</span> <span class='ocrx_word' id='word_1_101' title='bbox 414 1757 506 1839; x_wconf 77' lang='grc' dir='ltr'>αὐτὰρ</span> <span class='ocrx_word' id='word_1_102' title='bbox 522 1760 587 1837; x_wconf 89' lang='grc' dir='ltr'>ἐμοὶ</span> <span class='ocrx_word' id='word_1_103' title='bbox 603 1759 705 1838; x_wconf 85' lang='grc' dir='ltr'>κραδίη</span> <span class='ocrx_word' id='word_1_104' title='bbox 724 1759 771 1822; x_wconf 79' lang='grc' dir='ltr'>καὶ</span> <span class='ocrx_word' id='word_1_105' title='bbox 787 1763 878 1840; x_wconf 86' lang='grc' dir='ltr'>θυμὸς</span> <span class='ocrx_word' id='word_1_106' title='bbox 894 1759 1012 1841; x_wconf 79' lang='grc' dir='ltr'>ἀγήνωρ</span> 
     </span>
    </p>

    <p class='ocr_par' dir='ltr' id='par_1_13' title="bbox 248 1858 976 1947">
     <span class='ocr_line' id='line_1_15' title="bbox 248 1858 976 1947; baseline 0.003 -23"><span class='ocrx_word' id='word_1_107' title='bbox 248 1862 331 1927; x_wconf 79' lang='grc' dir='ltr'>αὖτις</span> <span class='ocrx_word' id='word_1_108' title='bbox 346 1858 390 1926; x_wconf 80' lang='grc' dir='ltr'>ἐνὶ</span> <span class='ocrx_word' id='word_1_109' title='bbox 405 1860 556 1940; x_wconf 91' lang='grc' dir='ltr'>στήθεσσι</span> <span class='ocrx_word' id='word_1_110' title='bbox 572 1858 622 1924; x_wconf 80' lang='grc' dir='ltr'>καὶΙ</span> <span class='ocrx_word' id='word_1_111' title='bbox 636 1863 792 1947; x_wconf 79' lang='grc' dir='ltr'>ἀχνυμένῳ</span> <span class='ocrx_word' id='word_1_112' title='bbox 809 1888 864 1942; x_wconf 91' lang='grc' dir='ltr'>περ</span> <span class='ocrx_word' id='word_1_113' title='bbox 880 1860 976 1940; x_wconf 84' lang='grc' dir='ltr'>ἰάνθη·</span> 
     </span>
    </p>

    <p class='ocr_par' dir='ltr' id='par_1_14' title="bbox 247 1963 1194 2151">
     <span class='ocr_line' id='line_1_16' title="bbox 248 1963 1194 2045; baseline -0.001 -18"><span class='ocrx_word' id='word_1_114' title='bbox 248 1967 298 2027; x_wconf 86' lang='grc' dir='ltr'>καί</span> <span class='ocrx_word' id='word_1_115' title='bbox 312 1990 363 2045; x_wconf 89' lang='grc' dir='ltr'>μιν</span> <span class='ocrx_word' id='word_1_116' title='bbox 378 1963 523 2045; x_wconf 82' lang='grc' dir='ltr'>φωνήσας</span> <span class='ocrx_word' id='word_1_117' title='bbox 539 1965 612 2028; x_wconf 87' lang='grc' dir='ltr'>ἔπεα</span> <span class='ocrx_word' id='word_1_118' title='bbox 627 1965 788 2043; x_wconf 89' lang='grc' dir='ltr'>πτερόεντα</span> <span class='ocrx_word' id='word_1_119' title='bbox 804 1965 989 2045; x_wconf 82' lang='grc' dir='ltr'>προσηύδων.</span> <span class='ocrx_word' id='word_1_120' title='bbox 1138 1991 1194 2039; x_wconf 76' lang='grc' dir='ltr'>,55ο</span> 
     </span>
     <span class='ocr_line' id='line_1_17' title="bbox 247 2067 1051 2151; baseline 0 -21"><span class='ocrx_word' id='word_1_121' title='bbox 247 2068 368 2133; x_wconf 83' lang='grc' dir='ltr'>τούτους</span> <span class='ocrx_word' id='word_1_122' title='bbox 382 2070 438 2146; x_wconf 71' lang='grc' dir='ltr'>μέν</span> <span class='ocrx_word' id='word_1_123' title='bbox 454 2067 490 2147; x_wconf 77' lang='grc' dir='ltr'>δή</span> <span class='ocrx_word' id='word_1_124' title='bbox 506 2068 582 2131; x_wconf 90' lang='grc' dir='ltr'>οῖδα·</span> <span class='ocrx_word' id='word_1_125' title='bbox 605 2067 643 2130; x_wconf 82' lang='grc' dir='ltr'>σὺ</span> <span class='ocrx_word' id='word_1_126' title='bbox 659 2071 691 2132; x_wconf 82' lang='grc' dir='ltr'>δέ</span> <span class='ocrx_word' id='word_1_127' title='bbox 706 2069 804 2149; x_wconf 91' lang='grc' dir='ltr'>τρίτον</span> <span class='ocrx_word' id='word_1_128' title='bbox 818 2067 900 2151; x_wconf 82' lang='grc' dir='ltr'>ἄνδρ’</span> <span class='ocrx_word' id='word_1_129' title='bbox 915 2069 1051 2149; x_wconf 78' lang='grc' dir='ltr'>ὀνόμαζε,</span> 
     </span>
    </p>

    <p class='ocr_par' dir='ltr' id='par_1_15' title="bbox 248 2171 903 2255">
     <span class='ocr_line' id='line_1_18' title="bbox 248 2171 903 2255; baseline 0.002 -20"><span class='ocrx_word' id='word_1_130' title='bbox 248 2174 281 2238; x_wconf 84' lang='grc' dir='ltr'>ὅς</span> <span class='ocrx_word' id='word_1_131' title='bbox 296 2197 341 2238; x_wconf 90' lang='grc' dir='ltr'>τις</span> <span class='ocrx_word' id='word_1_132' title='bbox 357 2173 401 2236; x_wconf 87' lang='grc' dir='ltr'>έτι</span> <span class='ocrx_word' id='word_1_133' title='bbox 417 2172 490 2249; x_wconf 80' lang='grc' dir='ltr'>ζωὸς</span> <span class='ocrx_word' id='word_1_134' title='bbox 506 2171 695 2252; x_wconf 81' lang='grc' dir='ltr'>κατερύκεται</span> <span class='ocrx_word' id='word_1_135' title='bbox 711 2171 790 2254; x_wconf 78' lang='grc' dir='ltr'>εὐρέϊ</span> <span class='ocrx_word' id='word_1_136' title='bbox 806 2173 903 2255; x_wconf 83' lang='grc' dir='ltr'>πόντῳ</span> 
     </span>
    </p>

    <p class='ocr_par' dir='ltr' id='par_1_16' title="bbox 249 2271 1072 2364">
     <span class='ocr_line' id='line_1_19' title="bbox 249 2271 1072 2364; baseline 0 -25"><span class='ocrx_word' id='word_1_137' title='bbox 249 2274 299 2364; x_wconf 81' lang='grc' dir='ltr'>[ήέ</span> <span class='ocrx_word' id='word_1_138' title='bbox 315 2278 421 2341; x_wconf 84' lang='grc' dir='ltr'>θανόν·</span> <span class='ocrx_word' id='word_1_139' title='bbox 446 2275 541 2339; x_wconf 91' lang='grc' dir='ltr'>ἐθέλω</span> <span class='ocrx_word' id='word_1_140' title='bbox 557 2278 588 2338; x_wconf 79' lang='grc' dir='ltr'>δὲ</span> <span class='ocrx_word' id='word_1_141' title='bbox 606 2273 654 2339; x_wconf 83' lang='grc' dir='ltr'>καὶ</span> <span class='ocrx_word' id='word_1_142' title='bbox 668 2276 833 2360; x_wconf 88' lang='grc' dir='ltr'>ἀχνύμενός</span> <span class='ocrx_word' id='word_1_143' title='bbox 849 2301 905 2357; x_wconf 90' lang='grc' dir='ltr'>περ</span> <span class='ocrx_word' id='word_1_144' title='bbox 920 2271 1072 2362; x_wconf 86' lang='grc' dir='ltr'>ἀκοῦσαι].</span> 
     </span>
    </p>

    <p class='ocr_par' dir='ltr' id='par_1_17' title="bbox 249 2376 1083 2462">
     <span class='ocr_line' id='line_1_20' title="bbox 249 2376 1083 2462; baseline -0.001 -18"><span class='ocrx_word' id='word_1_145' title='bbox 249 2382 288 2446; x_wconf 76' lang='grc' dir='ltr'>ὣς</span> <span class='ocrx_word' id='word_1_146' title='bbox 304 2379 433 2461; x_wconf 88' lang='grc' dir='ltr'>ἐφάμην,</span> <span class='ocrx_word' id='word_1_147' title='bbox 449 2382 466 2442; x_wconf 83' lang='grc' dir='ltr'>ὁ</span> <span class='ocrx_word' id='word_1_148' title='bbox 482 2380 515 2444; x_wconf 94' lang='grc' dir='ltr'>δέ</span> <span class='ocrx_word' id='word_1_149' title='bbox 528 2377 558 2457; x_wconf 87' lang='grc' dir='ltr'>μ’</span> <span class='ocrx_word' id='word_1_150' title='bbox 574 2376 665 2442; x_wconf 83' lang='grc' dir='ltr'>αὐτίκ’</span> <span class='ocrx_word' id='word_1_151' title='bbox 679 2381 879 2460; x_wconf 81' lang='grc' dir='ltr'>ἀμειβόμενος</span> <span class='ocrx_word' id='word_1_152' title='bbox 893 2378 1083 2462; x_wconf 82' lang='grc' dir='ltr'>προσέειπεν·</span> 
     </span>
    </p>

    <p class='ocr_par' dir='ltr' id='par_1_18' title="bbox 248 2481 1194 2670">
     <span class='ocr_line' id='line_1_21' title="bbox 248 2481 1194 2568; baseline -0.003 -19"><span class='ocrx_word' id='word_1_153' title='bbox 248 2484 312 2550; x_wconf 86' lang='grc' dir='ltr'>υῖδς</span> <span class='ocrx_word' id='word_1_154' title='bbox 327 2484 476 2565; x_wconf 86' lang='grc' dir='ltr'>Λαέρτεω,</span> <span class='ocrx_word' id='word_1_155' title='bbox 492 2481 593 2568; x_wconf 83' lang='grc' dir='ltr'>Ἰθάκῃ</span> <span class='ocrx_word' id='word_1_156' title='bbox 609 2483 653 2546; x_wconf 80' lang='grc' dir='ltr'>ένι</span> <span class='ocrx_word' id='word_1_157' title='bbox 669 2485 749 2547; x_wconf 80' lang='grc' dir='ltr'>οἰκία</span> <span class='ocrx_word' id='word_1_158' title='bbox 764 2484 865 2547; x_wconf 90' lang='grc' dir='ltr'>ναίων·</span> <span class='ocrx_word' id='word_1_159' title='bbox 1146 2511 1194 2559; x_wconf 76' lang='lat'>555</span> 
     </span>
     <span class='ocr_line' id='line_1_22' title="bbox 249 2584 1049 2670; baseline 0.001 -21"><span class='ocrx_word' id='word_1_160' title='bbox 249 2594 301 2651; x_wconf 86' lang='grc' dir='ltr'>τὸν</span> <span class='ocrx_word' id='word_1_161' title='bbox 321 2587 347 2651; x_wconf 86' lang='grc' dir='ltr'>δ’</span> <span class='ocrx_word' id='word_1_162' title='bbox 362 2590 427 2651; x_wconf 89' lang='grc' dir='ltr'>ίδον</span> <span class='ocrx_word' id='word_1_163' title='bbox 442 2591 476 2651; x_wconf 88' lang='grc' dir='ltr'>ἐν</span> <span class='ocrx_word' id='word_1_164' title='bbox 490 2584 573 2669; x_wconf 90' lang='grc' dir='ltr'>νήσῳ</span> <span class='ocrx_word' id='word_1_165' title='bbox 589 2586 718 2667; x_wconf 86' lang='grc' dir='ltr'>θαλερὸν</span> <span class='ocrx_word' id='word_1_166' title='bbox 734 2590 809 2650; x_wconf 84' lang='grc' dir='ltr'>κατδ</span> <span class='ocrx_word' id='word_1_167' title='bbox 824 2587 915 2668; x_wconf 85' lang='grc' dir='ltr'>δάκρυ</span> <span class='ocrx_word' id='word_1_168' title='bbox 929 2589 1049 2670; x_wconf 92' lang='grc' dir='ltr'>χέοντα,</span> 
     </span>
    </p>

    <p class='ocr_par' dir='ltr' id='par_1_19' title="bbox 250 2690 1012 2776">
     <span class='ocr_line' id='line_1_23' title="bbox 250 2690 1012 2776; baseline -0.003 -21"><span class='ocrx_word' id='word_1_169' title='bbox 250 2692 367 2772; x_wconf 87' lang='grc' dir='ltr'>νύμφης</span> <span class='ocrx_word' id='word_1_170' title='bbox 383 2693 415 2754; x_wconf 94' lang='grc' dir='ltr'>ἐν</span> <span class='ocrx_word' id='word_1_171' title='bbox 430 2691 589 2771; x_wconf 84' lang='grc' dir='ltr'>μεγάροισι</span> <span class='ocrx_word' id='word_1_172' title='bbox 607 2690 816 2772; x_wconf 74' lang='grc' dir='ltr'>Καλυψοῦς,-ή</span> <span class='ocrx_word' id='word_1_173' title='bbox 830 2717 882 2772; x_wconf 89' lang='grc' dir='ltr'>μιν</span> <span class='ocrx_word' id='word_1_174' title='bbox 898 2690 1012 2776; x_wconf 80' lang='grc' dir='ltr'>ἀνάγκη</span> 
     </span>
    </p>

    <p class='ocr_par' dir='ltr' id='par_1_20' title="bbox 248 2790 1050 2876">
     <span class='ocr_line' id='line_1_24' title="bbox 248 2790 1050 2876; baseline 0 -19"><span class='ocrx_word' id='word_1_175' title='bbox 248 2794 342 2876; x_wconf 84' lang='grc' dir='ltr'>ίσχει·</span> <span class='ocrx_word' id='word_1_176' title='bbox 362 2796 378 2857; x_wconf 88' lang='grc' dir='ltr'>ό</span> <span class='ocrx_word' id='word_1_177' title='bbox 394 2791 419 2858; x_wconf 92' lang='grc' dir='ltr'>δ’</span> <span class='ocrx_word' id='word_1_178' title='bbox 434 2793 469 2857; x_wconf 87' lang='grc' dir='ltr'>ού</span> <span class='ocrx_word' id='word_1_179' title='bbox 484 2794 606 2859; x_wconf 90' lang='grc' dir='ltr'>δύναται</span> <span class='ocrx_word' id='word_1_180' title='bbox 620 2790 659 2871; x_wconf 80' lang='grc' dir='ltr'>ἣν</span> <span class='ocrx_word' id='word_1_181' title='bbox 675 2797 801 2873; x_wconf 83' lang='grc' dir='ltr'>πατρίδα</span> <span class='ocrx_word' id='word_1_182' title='bbox 816 2799 905 2876; x_wconf 90' lang='grc' dir='ltr'>γαῖαν</span> <span class='ocrx_word' id='word_1_183' title='bbox 922 2794 1050 2858; x_wconf 81' lang='grc' dir='ltr'>ἱκέσθαι·</span> 
     </span>
    </p>

    <p class='ocr_par' dir='ltr' id='par_1_21' title="bbox 250 2895 962 2979">
     <span class='ocr_line' id='line_1_25' title="bbox 250 2895 962 2979; baseline 0.001 -20"><span class='ocrx_word' id='word_1_184' title='bbox 250 2897 284 2960; x_wconf 83' lang='grc' dir='ltr'>οὐ</span> <span class='ocrx_word' id='word_1_185' title='bbox 299 2897 356 2979; x_wconf 90' lang='grc' dir='ltr'>γάρ</span> <span class='ocrx_word' id='word_1_186' title='bbox 372 2900 400 2961; x_wconf 81' lang='grc' dir='ltr'>οἱ</span> <span class='ocrx_word' id='word_1_187' title='bbox 416 2896 497 2978; x_wconf 89' lang='grc' dir='ltr'>πάρα</span> <span class='ocrx_word' id='word_1_188' title='bbox 512 2899 580 2973; x_wconf 87' lang='grc' dir='ltr'>νῆες</span> <span class='ocrx_word' id='word_1_189' title='bbox 595 2895 757 2977; x_wconf 81' lang='grc' dir='ltr'>ἐπήρετμοι</span> <span class='ocrx_word' id='word_1_190' title='bbox 773 2895 821 2962; x_wconf 81' lang='grc' dir='ltr'>καὶ</span> <span class='ocrx_word' id='word_1_191' title='bbox 839 2900 962 2975; x_wconf 80' lang='grc' dir='ltr'>ἑταῖροι,</span> 
     </span>
    </p>

    <p class='ocr_par' dir='ltr' id='par_1_22' title="bbox 250 2995 1196 3182">
     <span class='ocr_line' id='line_1_26' title="bbox 250 2995 1196 3078; baseline 0.001 -22"><span class='ocrx_word' id='word_1_192' title='bbox 250 2998 281 3060; x_wconf 83' lang='grc' dir='ltr'>οῖ</span> <span class='ocrx_word' id='word_1_193' title='bbox 295 2995 346 3060; x_wconf 91' lang='grc' dir='ltr'>κέν</span> <span class='ocrx_word' id='word_1_194' title='bbox 360 3023 412 3077; x_wconf 92' lang='grc' dir='ltr'>μιν</span> <span class='ocrx_word' id='word_1_195' title='bbox 428 2998 575 3078; x_wconf 89' lang='grc' dir='ltr'>πέμποιεν</span> <span class='ocrx_word' id='word_1_196' title='bbox 590 2995 636 3060; x_wconf 90' lang='grc' dir='ltr'>ἐπ’</span> <span class='ocrx_word' id='word_1_197' title='bbox 653 2995 739 3078; x_wconf 81' lang='grc' dir='ltr'>εὐρέα</span> <span class='ocrx_word' id='word_1_198' title='bbox 755 3002 835 3060; x_wconf 80' lang='grc' dir='ltr'>νῶτα</span> <span class='ocrx_word' id='word_1_199' title='bbox 850 2996 1019 3072; x_wconf 88' lang='grc' dir='ltr'>θαλάσσης.</span> <span class='ocrx_word' id='word_1_200' title='bbox 1147 3007 1196 3072; x_wconf 81' lang='lat'>560</span> 
     </span>
     <span class='ocr_line' id='line_1_27' title="bbox 251 3097 1026 3182; baseline 0 -19"><span class='ocrx_word' id='word_1_201' title='bbox 251 3097 301 3163; x_wconf 79' lang='grc' dir='ltr'>σοὶ</span> <span class='ocrx_word' id='word_1_202' title='bbox 316 3097 342 3164; x_wconf 85' lang='grc' dir='ltr'>δ’</span> <span class='ocrx_word' id='word_1_203' title='bbox 357 3101 392 3164; x_wconf 83' lang='grc' dir='ltr'>ού</span> <span class='ocrx_word' id='word_1_204' title='bbox 407 3101 562 3182; x_wconf 92' lang='grc' dir='ltr'>θέσφατόν</span> <span class='ocrx_word' id='word_1_205' title='bbox 577 3102 651 3177; x_wconf 90' lang='grc' dir='ltr'>ἐστι,</span> <span class='ocrx_word' id='word_1_206' title='bbox 668 3099 859 3181; x_wconf 75' lang='grc' dir='ltr'>διατρεφέςθι</span> <span class='ocrx_word' id='word_1_207' title='bbox 876 3100 1026 3174; x_wconf 92' lang='grc' dir='ltr'>Μενέλαε,</span> 
     </span>
    </p>

    <p class='ocr_par' dir='ltr' id='par_1_23' title="bbox 246 3201 1074 3288">
     <span class='ocr_line' id='line_1_28' title="bbox 246 3201 1074 3288; baseline -0.001 -20"><span class='ocrx_word' id='word_1_208' title='bbox 246 3203 354 3286; x_wconf 80' lang='grc' dir='ltr'>Ἀργει</span> <span class='ocrx_word' id='word_1_209' title='bbox 369 3207 401 3269; x_wconf 86' lang='grc' dir='ltr'>ἐν</span> <span class='ocrx_word' id='word_1_210' title='bbox 418 3207 577 3288; x_wconf 75' lang='grc' dir='ltr'>ἱπποβότῳ</span> <span class='ocrx_word' id='word_1_211' title='bbox 594 3205 711 3269; x_wconf 85' lang='grc' dir='ltr'>θανέειν</span> <span class='ocrx_word' id='word_1_212' title='bbox 727 3201 775 3268; x_wconf 85' lang='grc' dir='ltr'>καὶ</span> <span class='ocrx_word' id='word_1_213' title='bbox 792 3206 906 3282; x_wconf 90' lang='grc' dir='ltr'>πότμον</span> <span class='ocrx_word' id='word_1_214' title='bbox 922 3204 1074 3281; x_wconf 90' lang='grc' dir='ltr'>ἐπισπεῖν,</span> 
     </span>
    </p>

    <p class='ocr_par' dir='ltr' id='par_1_24' title="bbox 251 3307 1016 3389">
     <span class='ocr_line' id='line_1_29' title="bbox 251 3307 1016 3389; baseline 0 -17"><span class='ocrx_word' id='word_1_215' title='bbox 251 3309 333 3372; x_wconf 87' lang='grc' dir='ltr'>ἀλλά</span> <span class='ocrx_word' id='word_1_216' title='bbox 348 3307 377 3371; x_wconf 90' lang='grc' dir='ltr'>σ’</span> <span class='ocrx_word' id='word_1_217' title='bbox 393 3311 423 3375; x_wconf 91' lang='grc' dir='ltr'>ἐς</span> <span class='ocrx_word' id='word_1_218' title='bbox 438 3307 589 3380; x_wconf 84' lang='grc' dir='ltr'>Ἠλύσιον</span> <span class='ocrx_word' id='word_1_219' title='bbox 604 3309 706 3372; x_wconf 92' lang='grc' dir='ltr'>πεδίον</span> <span class='ocrx_word' id='word_1_220' title='bbox 722 3310 772 3371; x_wconf 89' lang='grc' dir='ltr'>καὶ</span> <span class='ocrx_word' id='word_1_221' title='bbox 787 3308 913 3389; x_wconf 88' lang='grc' dir='ltr'>πείρατα</span> <span class='ocrx_word' id='word_1_222' title='bbox 928 3308 1016 3388; x_wconf 89' lang='grc' dir='ltr'>γαίης</span> 
     </span>
    </p>

    <p class='ocr_par' dir='ltr' id='par_1_25' title="bbox 250 3409 1012 3494">
     <span class='ocr_line' id='line_1_30' title="bbox 250 3409 1012 3494; baseline -0.001 -17"><span class='ocrx_word' id='word_1_223' title='bbox 250 3412 394 3478; x_wconf 89' lang='grc' dir='ltr'>ἀθάνατοι</span> <span class='ocrx_word' id='word_1_224' title='bbox 409 3414 592 3494; x_wconf 76' lang='grc' dir='ltr'>πέμψουσιν,</span> <span class='ocrx_word' id='word_1_225' title='bbox 609 3412 658 3474; x_wconf 82' lang='grc' dir='ltr'>ὅθι</span> <span class='ocrx_word' id='word_1_226' title='bbox 673 3409 782 3489; x_wconf 78' lang='grc' dir='ltr'>ξανθὸς</span> <span class='ocrx_word' id='word_1_227' title='bbox 799 3409 1012 3489; x_wconf 81' lang='grc' dir='ltr'>Ῥαδάμανθυς,</span> 
     </span>
    </p>

    <p class='ocr_par' dir='ltr' id='par_1_26' title="bbox 250 3514 1196 3807">
     <span class='ocr_line' id='line_1_31' title="bbox 250 3514 1196 3604; baseline -0.004 -24"><span class='ocrx_word' id='word_1_228' title='bbox 250 3519 285 3604; x_wconf 74' lang='grc' dir='ltr'>τῇ</span> <span class='ocrx_word' id='word_1_229' title='bbox 302 3543 358 3598; x_wconf 94' lang='grc' dir='ltr'>περ</span> <span class='ocrx_word' id='word_1_230' title='bbox 371 3515 480 3599; x_wconf 76' lang='grc' dir='ltr'>ῥηΐστη</span> <span class='ocrx_word' id='word_1_231' title='bbox 496 3516 586 3597; x_wconf 80' lang='grc' dir='ltr'>βιοτή</span> <span class='ocrx_word' id='word_1_232' title='bbox 604 3514 689 3579; x_wconf 90' lang='grc' dir='ltr'>πέλει</span> <span class='ocrx_word' id='word_1_233' title='bbox 706 3514 920 3596; x_wconf 74' lang='grc' dir='ltr'>ἀνθρώποισιν·</span> <span class='ocrx_word' id='word_1_234' title='bbox 1148 3527 1196 3590; x_wconf 80' lang='lat'>5⁶⁵</span> 
     </span>
     <span class='ocr_line' id='line_1_32' title="bbox 250 3615 1117 3704; baseline -0.007 -18"><span class='ocrx_word' id='word_1_235' title='bbox 250 3622 284 3686; x_wconf 84' lang='grc' dir='ltr'>ού</span> <span class='ocrx_word' id='word_1_236' title='bbox 300 3621 431 3701; x_wconf 90' lang='grc' dir='ltr'>νιφετός,</span> <span class='ocrx_word' id='word_1_237' title='bbox 448 3617 508 3683; x_wconf 78' lang='grc' dir='ltr'>οὔτ’</span> <span class='ocrx_word' id='word_1_238' title='bbox 523 3619 559 3702; x_wconf 83' lang='grc' dir='ltr'>ἀρ</span> <span class='ocrx_word' id='word_1_239' title='bbox 574 3620 688 3704; x_wconf 76' lang='grc' dir='ltr'>χειμὼν</span> <span class='ocrx_word' id='word_1_240' title='bbox 703 3619 799 3684; x_wconf 80' lang='grc' dir='ltr'>πολὺς</span> <span class='ocrx_word' id='word_1_241' title='bbox 813 3619 881 3683; x_wconf 80' lang='grc' dir='ltr'>οὔτε</span> <span class='ocrx_word' id='word_1_242' title='bbox 897 3615 963 3682; x_wconf 86' lang='grc' dir='ltr'>ποτ’</span> <span class='ocrx_word' id='word_1_243' title='bbox 979 3621 1117 3702; x_wconf 86' lang='grc' dir='ltr'>ὄμβρος,Ι</span> 
     </span>
     <span class='ocr_line' id='line_1_33' title="bbox 250 3721 928 3807; baseline 0.001 -17"><span class='ocrx_word' id='word_1_244' title='bbox 250 3725 321 3790; x_wconf 87' lang='grc' dir='ltr'>ἀλλ’</span> <span class='ocrx_word' id='word_1_245' title='bbox 338 3727 398 3790; x_wconf 86' lang='grc' dir='ltr'>αῖεὶ</span> <span class='ocrx_word' id='word_1_246' title='bbox 412 3723 562 3806; x_wconf 90' lang='grc' dir='ltr'>Ζεφύροιο</span> <span class='ocrx_word' id='word_1_247' title='bbox 577 3722 648 3807; x_wconf 80' lang='grc' dir='ltr'>λιγάι</span> <span class='ocrx_word' id='word_1_248' title='bbox 663 3724 819 3791; x_wconf 89' lang='grc' dir='ltr'>πνείοντος</span> <span class='ocrx_word' id='word_1_249' title='bbox 836 3721 928 3802; x_wconf 82' lang='grc' dir='ltr'>ἀήτας</span> 
     </span>
    </p>
   </div>
   <div class='ocr_carea' id='block_1_3' title="bbox 0 0 1448 4234">
    <p class='ocr_par' dir='ltr' id='par_1_27' title="bbox 0 0 1448 4234">
     <span class='ocr_line' id='line_1_34' title="bbox 0 0 1448 4234; baseline 0 0"><span class='ocrx_word' id='word_1_250' title='bbox 0 0 1448 4234; x_wconf 95' lang='lat' dir='ltr'> </span> 
     </span>
    </p>
   </div>
  </div>
 </body>
</html>
