2746 4228
508 381 538 430 ι.
563 361 732 427 ιΛΙΑΔΟΣ
755 367 789 427 Β.

184 536 253 616 μὰψ
269 534 345 598 ούτω
360 533 478 599 τοιόνδε
493 528 620 598 τοσόνδε
632 519 670 596 ’τε
684 532 763 597 λαδν
775 527 911 615 Ἀχαιῶν

185 637 336 718 ἄπρηκτον
351 637 487 716 πόλεμον
501 635 676 714 πολεμίζειν
691 635 743 714 ήδδ
757 633 910 718 μάχεσθαι

184 738 311 821 ἀνδράσι
326 738 546 822 παυροτέροισι,
561 737 650 804 τέλος
665 735 692 800 δ’
709 736 743 800 ού
758 739 804 802 πῶ
819 763 848 801 τι
864 736 1027 829 πέφανται·

184 843 213 904 εί
226 866 283 923 περ
297 841 356 924 γάρ
372 843 397 905 κ’
414 840 573 921 ἐθέλοιμεν
586 840 710 924 Ἀχαιοί
723 863 757 905 τε
770 838 872 921 Τρῶές
886 865 930 914 τε,

184 944 270 1024 ὅρκια
284 948 379 1008 πιστδ
394 945 547 1024 ταμόντες,
565 941 800 1025 ἀριθμηθήμεναι
815 943 915 1023 άμφω,

181 1050 287 1127 Τρῶας
299 1050 356 1127 μὲν
368 1046 519 1126 λέξασθαι
534 1045 672 1128 ἐφέστιοι
688 1047 779 1109 ὅσσοι
795 1046 891 1122 έασιν,

182 1147 267 1227 ἡμεῖς
282 1150 308 1214 δ’
326 1152 357 1217 ές
372 1148 497 1217 δεκάδας
512 1152 764 1230 διακοσμηθεῖμεν
776 1147 907 1231 Ἀχαιοί,

181 1252 294 1333 Τρῶων
308 1253 333 1318 δ’
350 1254 443 1336 ἄνδρα
458 1254 588 1318 ἕκαστον
602 1252 745 1332 ἑλοίμεθα
761 1251 953 1335 οἰνοχοεύειν,

183 1357 297 1420 πολλαί
311 1381 363 1422 κεν
377 1355 499 1423 δεκάδες
514 1357 649 1420 δευοίατο
664 1355 826 1438 οἰνοχόοιο.

117 1487 119 1492 ·
181 1459 296 1524 τόσσον
311 1459 370 1542 έγό
386 1468 464 1540 φημι
479 1457 575 1525 πλέας
590 1458 714 1537 ἔμμεναι
728 1459 795 1523 νίας
808 1457 944 1541 Ἀχαιῶν

180 1562 300 1641 Τρόων,
317 1562 346 1625 οἳ
362 1563 480 1628 ναίουσι
496 1565 571 1625 κατὰ
585 1561 704 1626 πτόλιν·
728 1559 797 1624 ἀλλ’
814 1561 967 1643 ἐπίκουροι

182 1665 322 1731 πολλέων
337 1667 370 1729 ἐκ
385 1666 502 1730 πολίων
516 1664 706 1748 ἐγχέσπαλοι
721 1664 826 1745 ἄνδρες
841 1665 939 1738 ἔασιν,

182 1770 212 1832 οί
223 1793 261 1847 με
274 1766 353 1851 μέγα
367 1767 517 1847 πλάζουσι
532 1769 582 1832 καὶ
597 1768 650 1831 οὗκ
666 1766 748 1832 είῶσ’
766 1765 911 1833 ἐθέλοντα

179 1870 272 1936 Ἰλίου
286 1870 432 1951 ἐκπέρσαι
447 1871 480 1936 εὖ
495 1871 653 1952 ναιόμενον
667 1870 856 1952 πτολίεθρον.

181 1973 266 2040 ἐννέα
280 1973 316 2053 δή
331 1974 471 2055 βεβάασι
488 1973 562 2040 Διὸς
575 1973 713 2057 μεγάλου
728 1974 866 2051 ἐνιαυτοί,

181 2079 228 2141 καὶ
243 2078 278 2157 δη
295 2082 386 2161 δοῦρα
400 2075 519 2156 σέσηπε
535 2083 610 2143 νεῶν
625 2078 674 2141 καὶ
690 2075 810 2159 σπάρτα
823 2076 978 2143 λέλυνται·

181 2183 211 2244 αἱ
225 2179 258 2244 δέ
273 2206 331 2245 που
345 2177 488 2261 ἡμέτεραί
501 2180 526 2243 τ’
543 2181 654 2264 ἄλοχοι
668 2181 718 2245 καὶ
734 2178 826 2259 νήπια
839 2178 930 2245 τέκνα

180 2283 243 2362 ἥατ’
260 2285 305 2349 ἐνὶ
318 2282 461 2366 μεγάροις
475 2283 697 2366 ποτιδέγμεναι·
720 2283 794 2362 άμμι
809 2285 842 2346 δὲ
858 2283 946 2366 ἔργον

179 2387 273 2454 οὕτως
288 2384 464 2468 άκράαντον,
479 2387 514 2450 οὗ
529 2388 630 2452 είνεκα
644 2386 720 2468 δεῦρ’
737 2385 893 2465 ίκόμεσθα.

180 2489 248 2553 ἀλλ’
265 2489 360 2572 ἄγεθ’,
376 2490 415 2556 ῶς
432 2489 471 2554 δν
485 2490 644 2572 έγῶείπω,
660 2490 831 2568 πειθόμεθα
845 2487 965 2556 πάντες·

179 2592 338 2675 φεύγωμεν
353 2592 410 2657 σδν
424 2594 512 2671 νηυσὶ
528 2593 625 2674 φίλην
640 2594 671 2660 ές
693 2592 822 2674 πατρίδα
835 2596 935 2673 γαῖαν·

179 2692 285 2776 οὐγὰρ
301 2695 346 2758 ἔτι
360 2695 472 2776 Τροίην
487 2692 653 2778 αἱρήσομεν
670 2692 874 2776 εύρνάγυιον.”

214 2795 277 2863 Ὠς
296 2796 386 2878 φάτο,
401 2802 484 2861 τοῖσι
499 2800 532 2862 δὲ
547 2797 641 2877 θυμὸν
656 2799 701 2863 ένὶ
723 2796 891 2876 στήθεσσιν
907 2799 987 2878 ὄρινε

178 2904 254 2964 πᾶσι
269 2903 346 2979 μετὰ
360 2900 488 2979 πληθύν,
505 2901 574 2965 όσοι
589 2900 624 2965 οὐ
638 2905 756 2980 βουλῆς
770 2899 949 2965 ἐπάκουσαν·

177 2999 282 3080 κινήθη
299 3001 324 3066 δ’
341 2998 435 3084 άγορῆ
452 3003 496 3084 φὴ
512 3003 626 3082 κύματα
639 3007 738 3086 μακρδ
753 3002 921 3083 θαλάσσης,

176 3104 288 3169 πόντον
302 3102 453 3186 Ἰκαρίοιο,
469 3108 508 3168 τδ
521 3105 578 3185 μέν
592 3106 617 3169 τ’
635 3107 730 3189 Εὖρός
744 3131 778 3172 τε
792 3107 892 3174 Νότος
906 3132 940 3172 τε

178 3206 262 3289 ὤρορ’
281 3205 407 3285 ἐπαΐξας
421 3207 534 3289 πατρὸς
550 3207 625 3274 Διὸς
640 3211 674 3272 έκ
691 3209 858 3291 νεφελάων.

178 3310 217 3376 ὡς
232 3309 257 3373 δ’
277 3311 328 3374 ὅτε
344 3307 452 3396 κινήσῃ
469 3310 605 3393 Ζέφυρος
619 3312 701 3393 βαθδ
714 3312 804 3391 λήϊον
819 3316 926 3390 ἐλθόν,

175 3412 293 3495 λάβρος
310 3412 481 3495 ἐπαιγίζων,
497 3415 550 3478 ἐπί
563 3414 588 3477 τ’
604 3415 690 3494 ἠμύει
706 3416 925 3501 ἀσταχύεσσιν,

176 3518 216 3582 δς
230 3523 291 3582 τῶν
305 3515 378 3580 πᾶσ’
396 3517 490 3599 ἀγορή
506 3516 620 3597 κινήθη·
644 3520 691 3582 τοὶ
706 3519 731 3584 δ’
748 3521 891 3607 άλαλητῷ

175 3625 248 3699 νῆας
264 3619 310 3684 ἔπ’
327 3620 501 3693 ἐσσεύοντο,
518 3626 618 3686 ποδῶν
633 3621 658 3685 δ’
673 3621 816 3706 ὑπένερθε
832 3624 916 3703 κονίη

174 3722 272 3789 ἵστατ’
291 3722 458 3805 άειρομένη·
481 3725 529 3788 τοὶ
545 3723 569 3787 δ’
587 3722 754 3803 θλλήλοισι
770 3725 894 3792 κέλευον
