2908 4232
298 373 363 442 550
594 375 623 441 3·
647 357 879 419 ολυνναικν
911 357 953 420 Γ,

300 532 432 611 αὐτῆμαρ
447 529 481 593 δέ
496 531 525 592 οὶ
542 528 617 607 ήλθε
632 528 711 608 βοὴν
728 527 840 609 ἆγαθδς
857 526 1025 606 Μενέλαος,

300 633 402 698 πολλὰ
419 629 541 712 κτήματ’
557 631 650 714 άγων,
666 631 724 694 ὅσα
740 632 769 693 οί
784 629 847 696 νέες
863 629 957 712 άχθος
972 627 1085 710 άειραν.

301 739 349 802 καὶ
365 737 411 816 σά,
426 737 528 818 φίλος,
545 735 586 816 μὴ
603 734 679 812 δηθὰ
695 731 793 814 δόμων
807 734 867 796 άπο
882 732 948 812 τῆλ’
967 733 1117 812 ἀλάλησο,

301 839 434 921 κτήματά
448 849 481 904 τε
496 837 654 918 προλιπὼν
669 836 778 922 Ιάνδρας
792 836 817 899 τ’
833 838 866 901 ἐν
881 844 965 902 σοῖσι
981 839 1119 917 δόμοισιν

301 947 377 1009 οὕτω
393 942 608 1025 ὑπερφιάλους,
624 941 663 1021 μή
680 967 727 1005 τοι
742 941 815 1006 κατὰ
830 940 929 1006 πάντα
944 941 1069 1024 φάγωσι
1200 965 1228 1015 31
1234 964 1247 1015 5

301 1048 433 1128 κτήματα
448 1046 646 1128 δασσάμενοι,
665 1045 751 1110 ab&
766 1047 893 1125 τηϋσίην
909 1048 979 1109 ὁδὸν
994 1047 1094 1130 ἔλθῃς.

302 1151 371 1216 ἁλλ’
388 1153 418 1217 ἐς
433 1153 488 1230 μὲν
504 1148 661 1214 Μενέλαον
677 1149 736 1231 ἐγὼ
753 1149 877 1228 κέλομαι
894 1145 942 1212 καὶ
952 1147 1061 1232 ’άνωγα

302 1258 410 1319 ἐλθεῖν
434 1259 531 1320 κεῖνος
545 1253 603 1337 γάρ
619 1254 687 1319 νέον
703 1252 837 1317 άλλοθεν
851 1251 1038 1331 εἰλήλουθεν,

303 1357 335 1418 ἐκ
351 1360 411 1418 τῶν
427 1354 592 1434 ἀνθρώπων
605 1354 677 1418 ὅθεν
693 1353 745 1416 οιῖκ
762 1354 887 1417 ἔλποιτό
900 1377 937 1434 γε
953 1351 1034 1435 θυμῷ

304 1458 440 1536 ἐλθέμεν,
456 1458 573 1521 ὅντινα
588 1461 706 1538 πρῶτον
722 1456 947 1538 ἀποσφήλωσιν
963 1456 1074 1520 ἄελλαι
1202 1479 1250 1528 3²0

303 1565 333 1628 ἐς
349 1561 482 1644 πέλαγος
497 1560 576 1642 μέγα
591 1565 684 1634 τοῖον,
701 1561 777 1623 ὅθεν
787 1559 820 1622 τέ
836 1585 892 1641 περ
908 1558 968 1623 οὐδ’
984 1558 1084 1624 οἰωνοὶ

304 1665 440 1730 αὐτόετες
456 1666 619 1745 οἰχνεῦσιν,
636 1664 702 1726 ἐπεὶ
716 1662 794 1746 μέγα
809 1689 841 1726 τε
857 1664 959 1727 δεινόν
971 1687 1013 1726 τε.

303 1767 372 1830 ἀλλ’
391 1769 433 1830 ίθι
449 1771 500 1831 νΰν
516 1766 573 1830 σὺν
589 1764 639 1845 νηί
654 1791 687 1830 τε
701 1766 741 1852 σῇ
758 1762 806 1832 καί
822 1771 889 1832 σοῖς
905 1765 1065 1848 ἑτάροισιν·

304 1873 330 1934 εἰ
347 1869 372 1934 δ’
390 1869 504 1936 ἐθέλεις
521 1869 619 1947 πεζός,
635 1867 717 1950 πάρα
731 1894 778 1933 τοι
794 1870 900 1950 δίφρος
915 1895 948 1934 τε
964 1865 1013 1933 καὶ
1028 1869 1125 1946 ἵπποι,

304 1972 363 2055 πάρ
379 1973 413 2038 δέ
427 1999 474 2037 τοι
488 1975 550 2038 υίες
566 1973 641 2052 ἐμοί,
661 1977 691 2036 οἵ
703 1999 750 2036 τοι
766 1976 903 2052 πομπῆες
920 1974 1042 2038 ἔσονται
1203 1996 1250 2046 3²5

304 2079 335 2142 ἐς
351 2078 560 2158 Λακεδαίμονα
576 2081 654 2154 δῖαν,
669 2078 718 2140 άθι
736 2076 845 2156 ξανθὸς
862 2079 1031 2144 Μενέλαος.

303 2182 470 2244 λίσσεσθαι
486 2179 519 2243 δέ
533 2205 585 2260 μιν
599 2180 697 2256 αὐτός,
713 2182 762 2244 ἵνα
777 2183 918 2263 νημερτὲς
933 2182 1051 2265 ἐνίσπῃ·

304 2287 416 2362 ψεῦδος
432 2281 456 2346 δ’
474 2283 526 2347 οὐκ
542 2281 629 2363 ἐρέει·
652 2281 735 2362 μάλα
750 2285 808 2364 γὰρ
824 2282 1010 2362 πεπνυμένος
1026 2280 1138 2347 ἐστίν.”

341 2384 404 2451 Ὣς
420 2386 515 2467 ἔφατ’,
531 2386 633 2465 ἠέλιος
649 2385 674 2450 δ’
690 2385 736 2468 ἄρ’
754 2386 804 2450 ἔδυ
820 2388 868 2450 καὶ
885 2383 934 2450 ἐπὶ
950 2387 1064 2467 κνέφας
1078 2384 1163 2464 ήλθε.

305 2493 385 2552 τοῖσι
401 2491 434 2552 δέ
451 2489 500 2552 καὶ
514 2488 654 2569 μετέειπε
671 2493 726 2554 θεὰ
741 2467 916 2572 γλαυέῶπις
931 2487 1053 2569 Ἀθήνη·
1202 2515 1253 2563 330

349 2590 413 2653 “Ὠ
428 2591 528 2674 γέρον,
544 2591 563 2671 ἦ
580 2617 627 2656 τοι
643 2597 735 2656 ταῦτα
750 2593 823 2656 κατὰ
838 2590 1130 2674 μοῖρανκατέλεξας·

307 2695 375 2759 ἀλλ’
392 2695 448 2779 άγε
463 2695 587 2776 τάμνετε
601 2698 657 2776 μέν
674 2697 830 2778 γλώσσας,
847 2695 995 2778 κεράασθε
1011 2699 1044 2760 δέ
1059 2697 1150 2774 οἶνον,

285 2803 286 2808 '
307 2801 387 2880 όφρα
402 2798 592 2866 Ποσειδάωνι
610 2802 657 2863 καὶ
672 2800 779 2867 ἄλλοις
795 2801 972 2865 ἀθανάτοισι

307 2906 489 2970 σπείσαντες
505 2905 617 2967 κοίτοιο
632 2905 797 2984 μεδώμεθα·
821 2910 884 2968 τοῖο
900 2907 958 2986 γάρ
973 2906 1043 2986 ώρη.

306 3006 361 3086 ἤδη
376 3010 434 3088 γὰρ
449 3006 529 3088 φάος
544 3006 638 3090 οίχεθ
654 3009 712 3072 ὑπὸ
729 3009 831 3088 ζόφον,
847 3010 914 3073 οὐδὲ
930 3009 1009 3072 ἔοικε
1205 3033 1254 3084 335

307 3108 381 3188 δηθά
397 3114 475 3175 θεῶν
490 3112 523 3173 ἐν
539 3113 618 3174 δαιτὶ
633 3112 814 3190 θαασσέμεν,
832 3113 915 3176 ἆλλῖι
930 3109 1078 3176 νέεσθαι.”

347 3210 393 3274 'H
407 3214 445 3293 ῥα
462 3213 536 3280 Διὸς
552 3213 691 3296 θυγάτηρ,
708 3217 754 3278 τοί
770 3213 795 3278 δ’
813 3216 922 3281 ἔκλυον
938 3211 1122 3295 αὐδησάσης.

307 3321 388 3380 τοῖσι
404 3320 435 3381 δέ
452 3316 574 3398 κήρυκες
589 3321 645 3398 μὲν
656 3320 733 3400 ὕδωρ
750 3317 798 3383 ἐπὶ
814 3326 918 3402 χεῖρας
934 3319 1052 3404 ἔχευαν,

309 3424 406 3498 κοῦροι
422 3422 454 3484 δέ
471 3425 615 3502 κρητῆρας
630 3423 840 3505 ἐπεστέφαωο
854 3428 971 3500 ποτοῖο,

309 3523 451 3603 νώμησαν
467 3522 492 3586 δ’
509 3525 565 3606 ἄρα
582 3529 676 3588 πᾶσιν
691 3524 890 3607 ἐπαρξάμενοι
907 3525 1065 3590 δεπάεσσι·
1206 3553 1257 3602 340

309 3626 455 3709 γλώσσας
471 3625 497 3690 δ’
512 3629 546 3692 ἐν
561 3628 630 3709 πυρὶ
645 3629 777 3709 βάλλον,
790 3627 983 3708 ἀνιστάμενοι
999 3628 1024 3694 δ’
1042 3630 1216 3710 ἐπέλειβον.

310 3727 402 3811 αὐτὰρ
419 3726 483 3794 ἐπεὶ
500 3731 633 3796 σπεῖσάν
649 3730 674 3794 τ’
691 3733 777 3797 ἐπιόν
792 3731 818 3795 θ’
831 3733 906 3796 ὅσον
921 3731 1015 3813 ἤθελε
1031 3736 1133 3816 θυμός,
