2728 4230
271 341 332 420 164
602 354 633 427 9:
656 347 826 408 1A1AA02
849 347 872 406 1.

268 513 336 576 οὐδὲ
351 509 446 576 πάλιν
460 511 547 594 ἐρέει·
570 513 645 594 ἀτὰρ
661 513 697 576 ού
712 513 801 579 τέλος
816 513 879 577 ίκεο
894 512 1019 593 μύθων’
1143 517 1145 523 ”

269 615 356 694 ῆμὲν
372 617 421 680 καὶ
436 615 503 682 νέος
518 618 597 694 ἐσσί,
615 617 685 696 ἐμὸς
700 616 734 680 δέ
749 643 782 680 κε
798 617 846 700 καὶ
861 615 932 682 πάϊς
947 619 1010 698 είης

269 719 436 784 ὁπλότατος
450 723 606 801 γενεῆφιν·
629 721 703 808 ἀτδρ
719 718 893 802 πεπνυμένα
906 718 1012 800 βάζεις

268 821 412 902 Ἀργείων
426 825 591 904 βασιλῆος,
604 823 675 886 ’ἐπεὶ
691 825 765 887 κατὰ
780 826 887 904 μοῖραν
902 822 1015 888 έειπες.Δ

269 921 339 986 ἀλλ’
354 923 402 1006 ἄγ’
418 924 504 1006 ἐγόν,
520 923 553 990 δς
569 928 635 1004 σεῖο
650 925 823 1006 γεραίτερος
839 925 965 1007 εύχομαι
980 925 1068 1000 εἶναι,
1178 935 1214 989 6ο

269 1025 378 1105 ἐξείπω
394 1027 444 1090 καὶ
459 1025 558 1092 πάντα
573 1025 721 1108 διίξομαι·Ι
738 1026 807 1092 ούδέ
823 1026 856 1091 κέ
870 1028 915 1093 τίς
925 1053 978 1106 μοι

268 1135 362 1213 μῦθον
377 1129 537 1210 ἀτιμήσει’,
555 1131 622 1195 οάδέ
639 1132 745 1213 κρείων
763 1127 970 1213 Ἀγαμέμνων.

270 1235 411 1318 ἀφρήτωρ
427 1234 588 1316 ἀθέμιστος
603 1234 743 1301 ἀνέστιός
759 1237 844 1299 ἐστιν
859 1236 973 1302 ἐκεῖνος

269 1339 301 1404 ὃς
316 1337 451 1418 πολέμου
465 1339 568 1420 ἔραται
583 1338 742 1418 ἐπιδημίου
757 1338 941 1421 ὀκρυόεντος.

270 1439 340 1505 ἀλλ’
355 1440 375 1520 ἦ
389 1449 438 1524 τοι
452 1446 504 1505 νῦν
521 1443 581 1521 μέν.
592 1442 770 1522 πειθόμεθα
780 1443 862 1524 νυκτὶ
876 1443 1005 1529 μελαίνῃ
1180 1451 1214 1518 65

270 1545 366 1626 δόρπα
381 1543 406 1606 τ’
423 1544 687 1626 ἐφοπλισόμεσθα·
710 1546 944 1627 φυλακτῆρεςδέ
960 1546 1082 1609 ἔκαστοι

268 1645 429 1726 λεξάσθων
443 1649 523 1727 παρὰ
537 1645 655 1729 τάφρον
672 1646 798 1729 θρυκτῆν
813 1651 931 1730 τείχεος
946 1649 1040 1714 ἐκτός.

270 1750 421 1832 κούροισιν
434 1750 491 1828 μὲν
508 1746 589 1813 ταῦτ’
604 1748 812 1829 ἐπιτέλλομαι·
836 1750 928 1832 αὐτὰρ
944 1750 1055 1824 ἔπειτα,

267 1850 415 1934 Ἀτρείδη,Ι
432 1852 471 1915 σὺ
483 1854 540 1933 μὲν
555 1851 640 1936 άρχε·
664 1852 703 1916 σὺ
716 1856 775 1936 γάρ
789 1854 1012 1933 βασιλεύτατός
1028 1855 1110 1916 ἐσσι.

269 1956 353 2020 δαίνυ
369 1960 456 2024 δαῖτα
470 1955 621 2038 γέρουσιν·
646 1956 725 2021 ἔοικέ
739 1981 795 2030 τοι,
813 1958 847 2021 ού
862 1983 908 2020 τοι
925 1955 1031 2023 ἀεικές.
1182 1978 1215 2032 7ο

270 2061 375 2124 πλεῖαί
390 2084 437 2123 τοι
453 2061 535 2123 οἴνου
552 2059 678 2132 κλισίαι,
695 2059 748 2124 τδν
763 2063 832 2139 νῆες
847 2060 980 2142 Ἀχαιῶν

269 2161 391 2241 ήμάτιαι
407 2160 565 2248 Θρῄκηθεν
580 2159 628 2226 ἐπ’
645 2161 733 2246 εὐρέα
746 2163 858 2227 πόντον
877 2164 996 2244 ἀγουσι·

269 2265 418 2331 πάσάτοί
432 2264 497 2329 ἐσθ’
512 2265 665 2346 ὑποδεξίη,
681 2264 832 2330 πολέεσσι
847 2264 873 2330 δ’
890 2267 1045 2333 ἀνάσσεις.

269 2375 394 2433 πολλῶν
409 2367 433 2433 δ’
451 2369 623 2452 ἀγρομένων
638 2369 679 2452 τῷ
696 2370 817 2432 πείσεαι
833 2370 866 2434 ὅς
882 2396 932 2434 κεν
948 2370 1073 2451 ἀρίστην

269 2473 388 2552 βουλήν
402 2472 567 2557 βουλεύσῃ·
591 2470 674 2550 μάλα
692 2470 726 2535 δέ
739 2473 819 2554 χρεὼ
835 2471 948 2538 πάντας
963 2471 1106 2556 Ἀχαιοὺς
1182 2495 1212 2549 75

270 2579 383 2655 ἐσθλῆς
398 2577 447 2642 καὶ
462 2578 595 2651 πυκινῆς,
613 2575 659 2637 ὅτι
674 2573 753 2653 δήϊοι
771 2577 875 2658 ἐγγύθι
891 2581 970 2653 νηῶν

270 2681 406 2743 καίουσιν
421 2680 500 2759 πυρά
515 2674 626 2739 πολλά·
651 2677 696 2742 τίς
710 2675 749 2742 ἀν
763 2677 834 2742 τάδε
848 2676 1016 2761 γηθήσειε,·

270 2778 326 2858 νὺξ
341 2777 367 2843 δ’
382 2777 428 2858 ἥδ’
443 2779 478 2857 ’ήέ
494 2779 660 2860 διαρραίσει
676 2779 806 2860 στρατὸν
821 2780 856 2858 ήὲ
872 2778 1018 2844 σαόσει.”

306 2881 369 2947 Ὣς
385 2878 484 2962 ἔφαθ’,
501 2882 530 2944 οἱ
545 2879 571 2944 δ’
587 2881 646 2962 ἀρα
662 2887 713 2945 τοῦ
727 2881 811 2964 μάλα
824 2885 880 2962 μὲν
895 2883 987 2947 κλύον
999 2884 1043 2963 ἠδ’
1060 2883 1211 2948 ἐπίθοντο.

270 2985 303 3046 ἐκ
319 2986 351 3046 δὲ
366 2987 555 3065 φυλακτῆρες
571 2983 627 3048 σὺν
642 2984 783 3069 τεύχεσιν
798 2985 962 3053 ἐσσεύοντο
1007 3000 1011 3006 ’
1179 3002 1213 3050 8ο

270 3087 350 3168 ἀμφί
362 3111 395 3151 τε
410 3089 600 3169 Νεστορίδην
615 3087 827 3171 Θρασυμήδεα,
843 3089 972 3176 ποιμένα
986 3096 1077 3165 λαῶν,

269 3190 315 3271 ἠδ’
331 3189 407 3273 ἀμφ’
424 3189 625 3273 Ἀσκάλαφον
642 3194 691 3257 καὶ
707 3190 956 3280 Ἰάλμενοηυῐας
967 3192 1088 3275 Ἀρηος,
1169 3215 1171 3224 ’

271 3295 351 3376 ἀμφί
364 3319 398 3358 τε
413 3294 571 3376 Μηριόνην
589 3293 729 3377 Ἀφαρῆά
743 3320 776 3360 τε
792 3295 947 3378 Δηΐπυρόν
962 3321 1005 3370 τε,
1073 3379 1075 3384 Ι

269 3397 313 3476 ἠδ’
330 3399 408 3480 ἀμφὶ
425 3400 585 3481 Κρείοντος
600 3397 665 3462 υἱὸν
679 3396 857 3484 Λυκομήδεα
870 3403 945 3463 δῖον.

271 3498 335 3566 ἕπτ’
352 3501 427 3566 ἔσαν
443 3501 590 3584 ἡγεμόνες
605 3498 760 3583 φυλάκων,
776 3500 882 3566 ἑκατὸν
897 3503 930 3565 δέ
945 3500 1061 3587 ἑκάστῳ
1180 3518 1213 3580 85

272 3611 373 3687 κοῦροι
388 3604 450 3683 άμα
465 3609 588 3687 στεῖχον
603 3601 703 3687 δολίχ’
719 3603 812 3686 ἔγχεα
829 3605 936 3685 χερσὶν
951 3605 1082 3687 ἔχοντες·
1164 3617 1167 3626 ’

268 3711 326 3778 κάδ
342 3709 375 3772 δέ
389 3705 485 3788 μέσον
499 3704 615 3788 τάφρου
632 3707 680 3770 καὶ
695 3707 811 3790 τείχεος
825 3707 889 3784 ίζον
904 3708 1010 3792 ἐόντες·
