2834 4234
197 412 209 467 ,
278 375 339 451 706
548 376 923 436 12.0AT22E1A2M.

275 545 338 630 δύη
354 544 440 608 τόνδε
456 540 485 625 γ’
501 545 628 626 ὄλεθρον
643 543 843 625 ὑπεκφυγέειν
859 545 906 607 καὶ
922 541 1039 622 ἀλύξαι·

278 649 328 711 σοὶ
344 650 386 721 δέ,
405 646 574 729 κυβερνῆθ’,
591 647 641 711 ὧδ’
658 647 865 726 ἐπιτέλλομαι·
891 646 960 712 ἀλλ’
980 648 1024 711 ἐνὶ
1041 647 1122 730 θυμῷ

277 751 406 829 βάλλευ,
423 748 487 814 ἐπεὶ
506 750 577 830 νηδς
592 755 753 831 γλαφυρῆς
768 748 850 829 οἰήϊα
866 751 973 833 νωμᾷς.

278 857 385 919 τούτου
400 855 455 933 μὲν
471 861 585 918 καπνοῦ
602 852 650 918 καὶ
666 855 795 934 κύματος
811 856 895 935 ἐκτδς
912 856 997 937 ἔεργε

226 955 227 962 ¹
278 962 344 1036 νῆα,
361 958 400 1023 σὺ
416 960 448 1022 δέ
465 959 618 1023 σκοπέλου
634 959 780 1036 ἐπιμαίεο,
795 957 836 1037 μή
852 985 890 1023 σε
906 959 1021 1044 λάθῃσι

278 1059 355 1125 κεῖσ’
370 1059 565 1142 ἐξορμήσασα
581 1058 629 1124 καὶ
646 1063 676 1127 ἐς
688 1067 778 1124 κακὸν
795 1061 873 1142 ἀμμε
888 1059 1067 1148 βάλῃσθα.”

316 1165 379 1232 Ὣς
396 1163 525 1244 ἐφάμηυ,
545 1166 573 1226 οἱ
590 1162 615 1226 δ’
630 1161 694 1227 ἀκα
709 1167 790 1241 ἐμοῖς
807 1164 933 1229 ἐπέεσσι
949 1167 1083 1231 πίθοντο.

279 1271 419 1346 Σκύλλην
434 1268 458 1332 δ’
476 1268 569 1333 οὐκέτ’
586 1269 763 1349 ἐμυθεόμην,
780 1268 932 1350 ἀπρηκτον
948 1270 1043 1346 ἀνίην,

278 1373 319 1454 μή
335 1374 398 1438 πώς
412 1397 463 1450 μοι
480 1373 635 1437 δείσαντες
652 1370 860 1451 ἀπολλήξειαν
877 1377 988 1455 ἑταῖροι

280 1478 420 1556 εἰρεσίης,
437 1478 520 1542 ἐντὸς
535 1478 568 1539 δέ
585 1473 743 1552 πυκάζοιεν
759 1478 860 1557 σφέας
876 1477 989 1543 αὐτούς.

280 1579 328 1645 καὶ
343 1582 412 1644 τότε
427 1581 463 1660 δή
480 1582 590 1659 Κίρκης
605 1581 661 1656 μὲν
677 1579 870 1659 ἐφημοσύνης
886 1582 1043 1662 ἀλεγεινῆς

279 1686 478 1762 λανθανόμην,
496 1685 562 1747 ἐπεὶ
578 1683 612 1745 οὑ
628 1682 658 1744 τί
671 1681 701 1762 μ’
718 1684 827 1765 ἀνάγει
844 1682 1069 1766 θωρήσσεσθαι·

279 1789 370 1868 ούτδιρ
386 1788 445 1870 ἐγὼ
462 1786 587 1853 καταδὺς
606 1790 699 1850 κλυτδ
715 1789 824 1870 τεύχεα
840 1790 887 1851 καὶ
903 1788 955 1852 δύο
971 1793 1058 1868 δοῦρε

279 1890 364 1971 μάκρ’
381 1895 413 1956 ἐν
427 1889 535 1974 χερσὶν
551 1892 629 1956 ἐλδν
645 1894 688 1957 είς
705 1891 783 1971 ἴκρια
799 1898 868 1971 νηὸς
885 1891 1009 1972 ἔβαινον

280 1994 406 2081 τριήρης·
438 1995 525 2060 ἐνθεν
540 1993 597 2077 γάρ
612 2022 663 2080 μιν
680 1996 807 2076 ἐδέγμην
821 2001 923 2077 πρῶτα
938 2000 1104 2076 φανεῖσθαι
1197 2023 1209 2068 3

280 2100 420 2176 Σκύλλην
436 2099 586 2179 πετραίην,
603 2099 623 2177 ἥ
637 2124 689 2177 μοι
705 2097 780 2178 φέρε
795 2098 1044 2179 πῆμ’-ἑτάροισιν·

280 2204 347 2266 οὐδέ
362 2229 403 2290 πῃ
419 2204 548 2283 ἀθρῆσαι
564 2201 706 2282 δυνάμην·
737 2201 848 2281 έκαμου
862 2202 896 2265 δέ
910 2229 961 2280 μοι
980 2204 1057 2266 ὄσσε

281 2307 377 2394 πάντῃ
393 2308 588 2371 παπταίνοντι
604 2307 678 2386 πρὸς
694 2305 847 2384 ήεροειδέα
863 2305 982 2383 πέτρην.

324 2411 431 2490 Ἡμεῖς
445 2413 501 2489 μέν
516 2410 684 2474 στεινωπὸν
701 2410 885 2487 ἀνεπλέομεν
900 2411 1057 2492 γοόωντες·

282 2516 367 2579 ἔνθεν
381 2517 439 2596 γὰρ
456 2516 587 2593 Σκύλλη,
604 2513 723 2592 ἑτέρωθι
738 2514 771 2574 δὲ
787 2517 835 2576 δῖα
850 2511 1005 2593 Χάρυβδις

282 2617 379 2682 δειυδν
395 2619 611 2699 ἀνερροίβδησε
627 2613 785 2698 θαλάσσης
800 2617 933 2696 ἀλμυρδυ
946 2618 1034 2699 ὕδωρ.

282 2721 301 2800 ή
316 2748 362 2785 τοι
379 2720 421 2784 ὅτ’
437 2721 599 2802 ἐξεμέσειε,
614 2717 709 2799 λέβης
727 2721 767 2785 ὣς
783 2721 816 2783 ἐν
831 2721 901 2802 πυρὶ
916 2723 1022 2805 πολλῷ

283 2824 355 2889 πᾶσ’
372 2823 613 2906 ἀναμορμύρεσκε
629 2822 791 2902 κυκωμένη·
821 2823 923 2903 ὑψόσε
939 2822 964 2888 δ’
978 2823 1055 2906 ἄχνη

283 2930 400 3010 ἄκροισι
417 2931 615 2992 σκοπέλοισιν
630 2924 676 2990 ἐπ’
692 2926 908 3007 ἀμφοτέροισιν
924 2928 1054 2991 ἔπιπτεν.

187 3103 189 3108 ,
283 3032 352 3097 ἀλλ’
368 3031 410 3098 ὅτ’
426 3029 605 3110 ἀναβρόξειε
621 3028 780 3109 θαλάσσης
796 3032 930 3112 ἀλμυρδυ
944 3031 1031 3112 ὕδωρ,

283 3139 356 3202 πᾶσ’
374 3139 498 3202 ἔντοσθε
514 3135 649 3214 φάνεσκε
665 3133 828 3215 κυκωμένη,
848 3135 926 3215 ἀμφὶ
942 3137 975 3198 δέ
991 3133 1083 3216 πέτρη

283 3249 379 3307 δεινὸν
394 3239 550 3321 βεβρύχει,
565 3241 709 3319 ὑπένερθε
724 3242 755 3302 δὲ
770 3243 842 3320 γαῖα
857 3238 991 3320 φάνεσκε

282 3349 397 3430 ψάμμῳ
415 3342 531 3422 κυανέη·
563 3342 630 3410 τοὺς
648 3346 680 3406 δὲ
696 3348 817 3425 χλωρὸν
832 3344 898 3408 δέος
914 3341 988 3427 ᾕρει.

282 3451 367 3530 ἡμεῖς
382 3451 437 3529 μὲν
452 3453 526 3530 πρὸς
541 3447 596 3526 τήν
611 3449 714 3521 ἴδομεν
729 3447 886 3512 δείσαντες
903 3447 1039 3525 ὄλεθρον·

282 3555 381 3633 τόφρα
396 3551 429 3616 δέ
443 3578 494 3631 μοι
506 3552 628 3628 Σκύλλη
645 3551 748 3628 κοίλης
763 3552 795 3614 ἐκ
812 3549 882 3628 νηὸς
898 3550 1033 3630 ἑταίρους

283 3655 319 3734 ἐξ
333 3654 420 3732 ἕλεθ’,
436 3656 465 3718 οἳ
481 3655 587 3736 χερσίν
602 3679 635 3718 τε
650 3655 746 3733 βίηφί
759 3679 791 3716 τε
807 3652 951 3734 φέρτατοι
968 3655 1055 3727 ἦσαν·

284 3761 474 3840 σκεψάμενος
490 3756 514 3820 δ’
530 3759 560 3822 ἐς
575 3759 630 3833 νῆα
646 3758 719 3836 θοὴν
735 3756 795 3837 ἅμα
811 3754 859 3819 καὶ
873 3754 939 3836 μεθ’
955 3760 1088 3841 ἑταίρους
1163 3792 1167 3802 ·
