2848 4296
557 481 609 549 23·
633 467 803 528 ιΛιΑΔον
825 469 862 527 ν.

243 635 376 718 δεύτεροι
391 637 425 699 ἔν
439 633 549 714 νήεσσι
565 634 750 715 πολυκλήϊσι
765 634 925 715 λίπησθε.”
1105 687 1108 696 ι

280 738 343 805 Ὠς
358 740 458 821 ἔφαθ’,
475 742 505 802 οἱ
517 739 545 803 δ’
562 741 705 804 ἔπῖθαντα
724 741 854 804 ποδώκεϊ
867 740 1043 820 Πηλεΐωνι..
1146 792 1150 802 ,

244 849 361 924 πρῶτον
374 844 431 922 μὲν
445 847 521 907 κατὰ
536 845 682 926 πυρκαϊὴν
698 843 821 925 σβέσαν
834 847 1037 930 αἵθαπιάἵνη),
1142 873 1190 924 ²50

245 949 342 1010 ὅσσον
356 948 407 1010 ἐπὶ
421 945 507 1028 φλὸξ
520 947 604 1027 ἦλθε,
620 952 733 1027 βαθεῖα
747 951 781 1012 δὲ
796 947 934 1012 κάππεσε
947 947 1055 1030 τέφρη·

245 1052 400 1117 κλαίοντες
414 1049 447 1114 δ’
457 1049 576 1134 ἑτάροιο
592 1050 694 1131 ἐνηέος
706 1051 801 1115 ὀστέα
814 1052 908 1118 λευκὰ

144 1223 145 1227 τ
244 1155 377 1237 ἄλλεγον
392 1157 424 1221 ἔς
438 1155 573 1238 χρυσέην
586 1153 704 1236 φιάλην
719 1153 768 1219 καὶ
782 1157 915 1220 δίπλακα
931 1157 1034 1235 δημόν,
1145 1217 1146 1220 ,

245 1260 279 1323 ἔν
292 1259 430 1343 κλισίῃσι
441 1261 479 1322 δὲ
494 1258 597 1332 θέντες
612 1261 688 1344 ἑανῷ
703 1259 766 1323 λιτὶ
782 1257 934 1341 κάλυψαν
998 1317 1002 1322 .
1110 1293 1113 1299 ν
1177 1311 1179 1320 ,

244 1363 433 1444 τορνώσαντο
448 1366 481 1428 δὲ
496 1364 579 1442 αῆμα
594 1362 732 1444 θεμείλιά
749 1387 787 1426 τε.
797 1361 993 1444 προβάλοντο

244 1467 321 1546 ἀμφὶ
337 1464 441 1547 πυρήν·
466 1467 551 1549 εἶθαρ
565 1471 599 1530 δὲ
613 1466 709 1550 χυτὴν
724 1465 774 1540 Ιἔπὶ
789 1469 882 1549 γαῖαν
896 1466 1015 1550 ἔχευαν,
1069 1496 1071 1502 ·

243 1569 385 1650 χεύαντες
400 1573 433 1634 δὲ
448 1569 482 1633 τά
498 1573 580 1650 σήμα
595 1569 690 1634 πάλιν
705 1572 779 1634 κίον.
824 1569 917 1651 αύτᾶρ
933 1567 1096 1652 Ἀχιλλεὺς

244 1671 333 1734 αὐτοῦ
347 1673 423 1736 λαδν
439 1673 524 1754 ἔρυκε
540 1674 589 1737 καὶ
604 1675 704 1751 ἵζανεν
719 1673 806 1755 εᾶρδν
821 1675 933 1754 ἀγῶνα,
1035 1729 1039 1737 .

245 1781 322 1852 νηῶν
338 1775 363 1838 δ’
382 1775 483 1857 ἔκφερ’
500 1777 605 1853 ἄεθλα,
620 1776 756 1858 λέβητάς
770 1802 803 1841 τε
817 1775 962 1858 τρίποδάς
976 1802 1009 1842 τε
1088 1809 1091 1816 ’
1124 1809 1127 1816 ’

244 1879 352 1944 ἵππους
367 1879 393 1942 θ’
409 1878 549 1958 ἡμιόνους
564 1905 597 1943 τε
612 1887 697 1960 βοάν
711 1877 738 1944 τ’
754 1884 865 1962 ἵφθιμα
880 1879 1004 1961 κάρηνα,

243 1980 295 2060 ἠδὲ
310 1986 451 2063 γυναῖκας
464 1984 610 2060 ἔῦζώνους
626 1984 736 2049 πολιύν
750 2009 783 2047 τε
799 1985 931 2064 σίδηρον.

285 2083 444 2149 Ἱππεῦσιν
457 2087 513 2165 μὲν
529 2091 631 2166 πρῶτα
646 2085 816 2151 ποδώκεσιν
827 2084 921 2168 ἀγλά’
940 2085 1037 2148 ἄεθλα

244 2191 316 2266 θῆκε
330 2193 457 2269 γυναῖκα
473 2189 601 2270 ἄγεσθαι
618 2189 754 2268 ἀμύμονα
769 2189 842 2272 ἔργα
858 2191 956 2254 ίδυϊαν
1014 2219 1016 2225 ·

245 2293 293 2354 καὶ
308 2291 421 2372 τρίποδ’
438 2291 576 2356 ὠτώεντα
591 2292 918 2373 δυωκαιεικοσίμετρον,

244 2396 284 2479 τῷ
303 2395 419 2479 πρώτην·
441 2394 515 2476 άτὰρ
530 2395 567 2458 ού
582 2401 623 2483 τῷ
639 2393 766 2480 δευτέρῳ
781 2397 875 2458 ἵππον
890 2395 998 2474 ἔθηκεν
1105 2446 1108 2452 .
1175 2449 1182 2462 ,

244 2495 335 2577 ἑξέτε’
352 2496 493 2578 ἀδμήτην,
510 2497 624 2581 βρέφος
637 2495 764 2579 ἡμίονον
779 2496 935 2562 κυέουσαν

244 2601 335 2682 αὐτὰρ
349 2603 390 2685 τῷ
405 2600 531 2686 τριτάτῳ
545 2602 663 2683 ιἄπυρον
677 2600 820 2680 κατέθηκε
833 2599 954 2681 λέβητα

244 2706 346 2784 καλόν,
361 2705 496 2786 τέσσαρα
509 2704 604 2786 μέτρα
621 2706 795 2788 κεχανδότα,
813 2703 924 2778 λευκὸν
939 2702 979 2766 ἔτ’
996 2701 1102 2767 αὔτως·

242 2809 283 2893 τῷ
300 2811 332 2872 δὲ
347 2807 476 2892 τετάρτῳ
496 2811 568 2884 θῆκε
583 2806 642 2871 δύω
657 2813 784 2890 χρνσοϊο
799 2805 941 2882 τάλαντα,

243 2911 366 2996 πέμπτην
382 2910 407 2974 δ’
424 2911 592 2991 άμφίθετον
607 2909 723 2991 φιάλην
738 2910 894 2991 ἀπύρωτον
909 2909 1008 2988 ἔθηκε.

243 3019 300 3093 στῆ
316 3013 341 3078 δ’
357 3013 446 3095 ὀρθὸς
461 3014 510 3077 καί
523 3017 619 3092 μῦθον
634 3015 667 3076 ἔν
684 3011 868 3094 Ἀργείοισιν
881 3013 993 3077 ἔειπεν·

179 3107 182 3112 ’
243 3123 262 3152 “
273 3115 411 3198 Ἀτρεΐδη
428 3141 462 3181 τε
477 3118 526 3180 καὶ
542 3116 634 3181 ἄλλοι
650 3114 825 3197 ἐϋκνήμιδες
838 3113 972 3199 Ἀχαιαί,

243 3223 354 3298 ἱππῆας
369 3220 439 3284 τᾶδἰ
448 3221 547 3286 ἄεθλα
561 3220 725 3304 δεδεγμένα
739 3221 810 3284 κεῖτ’
826 3222 861 3286 ἔν
876 3221 980 3302 ἀγῶνι.

242 3326 269 3388 εἰ
283 3327 339 3404 μὲν
355 3331 407 3388 νῦν
422 3327 473 3392 ἐπὶ
489 3325 575 3410 ἄλλῳ
593 3324 788 3404 ἀεθλεύοιμεν
804 3325 934 3406 Ἀχαιοί,

241 3426 299 3506 ἦτ’
316 3426 354 3492 ἄν
369 3430 429 3511 ἔγᾶ
444 3431 482 3494 τὰ
497 3434 602 3509 πρῶτα
615 3429 724 3507 λαβὼν
738 3429 897 3506 κλισίηνδε
912 3427 1069 3508 φεροίμην
1102 3461 1105 3468 ==
1140 3447 1186 3500 ατς

240 3535 308 3596 ἵστε
322 3537 380 3615 γδρ
396 3534 494 3598 ὅσσον
510 3534 576 3613 ἐμοὶ
591 3533 681 3618 ἀρετῇ
697 3530 923 3613 περιβάλλετον
938 3534 1035 3595 ἵπποι·
1107 3587 1109 3592 ,

241 3634 386 3700 ἀθάνατοί
400 3664 433 3702 τε
450 3635 508 3721 γάρ
522 3640 594 3710 εἶσι,
612 3634 791 3700 Ποσειδάων
807 3635 831 3699 δ’
849 3634 930 3717 ἔπορ’
948 3634 1065 3718 αὐτοὺςΙ

240 3743 330 3823 πατρὶ
345 3743 405 3827 ἐμῷ
421 3747 535 3821 Πηλῆϊ,
553 3745 569 3805 ά
586 3741 610 3805 δ’
627 3737 691 3804 οὔτ’
707 3738 774 3820 ἐμοὶ
789 3737 979 3822 ἔγγυάλιξεν.
1015 3792 1019 3799 .
1052 3791 1056 3800 .

240 3843 404 3923 ἄλλ’ἧτοι
421 3847 478 3925 μέν
492 3847 552 3928 ἔγὸ
567 3844 662 3926 μενέω
679 3844 728 3916 καὶ
741 3845 878 3927 μώνυχες
893 3846 990 3919 ἵππον.
1006 3895 1016 3904 ,.
1126 3885 1131 3904 ι
