2788 4230
252 319 314 382 816
550 335 599 399 19.
623 321 858 380 οιιπννπιλν
880 322 914 381 τ.

250 489 401 572 Ἀρτέμιδι
420 489 504 567 ίκέλη
519 489 554 568 ἠὲ
569 490 683 575 χρυσέῃ
697 489 873 576 Ἀφροδίτῃ.

251 595 286 680 τῇ
305 596 385 674 παρὰ
400 595 455 674 μὲν
472 593 594 671 κλισίην
609 593 679 674 πυρὶ
694 592 852 670 κάτθεσαν,
870 591 929 657 ἔνθ’
947 591 993 673 ἄρ’
1011 594 1104 673 ἔφῖζε,
1167 620 1203 668 55

252 697 380 775 δινωτὴν
396 698 540 778 ἐλέφαντι
556 694 605 760 καὶ
621 696 746 780 ἀργύρῳ·
768 697 808 776 ἥν
824 721 897 760 ποτε
915 697 1027 762 τέκτων

253 799 355 879 ποίησ’
371 798 533 881 Ἰκμάλιος,
549 797 598 863 καὶ
613 800 673 864 ὑπδ
688 801 796 881 θρῆνυν
811 800 904 864 ποσὶν
919 799 973 878 ἧκε
1105 783 1112 796 ⁰

254 903 407 985 προσφυέ’
424 902 460 982 ἔξ
472 904 571 982 αὐτῆς,
590 901 635 966 ὅθ’
650 904 700 966 ἐπὶ
715 901 792 984 μέγα
807 901 944 980 βάλλετο
961 907 1047 969 κῶας.

254 1009 326 1071 ἔνθα
341 1004 472 1085 καθέζετ’
487 1007 591 1070 ἔπειτα
605 1007 761 1088 περίφρων
777 1007 981 1084 Πηνελόπεια.

253 1110 348 1190 ἦλθον
363 1113 396 1174 δὲ
413 1107 507 1194 δμῳαὶ
521 1110 705 1174 λευκώλενοι
720 1112 751 1173 ἔκ
767 1108 919 1192 μεγάροιο.
1169 1121 1205 1174 60

254 1215 285 1276 αἱ
302 1211 327 1276 δ’
343 1215 403 1276 ἀπὸ
417 1215 472 1292 μὲν
489 1217 574 1276 σῖτον
588 1211 686 1277 πολὺν
701 1210 791 1298 ᾕρεον
806 1211 859 1290 ἠδὲ
876 1212 1022 1292 τραπέζας

256 1318 302 1381 καὶ
318 1319 403 1394 δέπα,
420 1318 506 1381 ἔνθεν
521 1314 567 1397 ἄρ’
583 1315 687 1395 ἄνδρες
703 1317 936 1397 ὑπερμενέοντες
951 1315 1064 1378 ἔπινον·

254 1425 312 1502 πῦρ
327 1417 352 1482 δ’
368 1420 426 1483 ἆπδ
442 1417 626 1501 λαμπτήρων
640 1418 768 1502 χαμάδις
783 1419 892 1500 βόλον,
908 1419 990 1482 ἄλλα
1005 1416 1030 1482 δ’
1043 1415 1089 1482 ἔπ’
1105 1418 1205 1481 αὐτῶν

255 1521 371 1602 νήησαν
387 1521 463 1601 ξύλα
477 1521 589 1598 πολλά,
606 1523 689 1604 φόως
705 1523 774 1600 ἔμεν
790 1523 840 1601 ἠδὲ
857 1524 1006 1604 θέρεσθαι.

254 1627 272 1705 ἡ
290 1625 315 1691 δ’
332 1625 453 1704 Ὀδυσῆ’
472 1625 589 1696 ἐνένιπε
607 1627 757 1691 Μελανθὼ
773 1626 910 1698 δεύτερον
925 1625 1018 1692 αὖτις·
1172 1639 1206 1702 ⁶5

255 1734 272 1762 “
284 1725 367 1807 ξεῖν’,
384 1728 428 1792 ἔτι
444 1725 492 1792 καί
508 1733 561 1792 νῦν
577 1725 675 1792 ἐνθάδ’
691 1725 825 1807 ἀνιήσεις
841 1731 890 1792 διδ
905 1727 997 1792 νύκτα

256 1832 378 1896 δινεύων
394 1832 469 1896 κατὰ
485 1831 577 1907 οἶκον,
593 1833 770 1898 ὀπιπεύσεις
785 1833 817 1897 δὲ
832 1836 974 1914 γυναῖκας
983 1858 994 1906 ,·

257 1935 326 1999 ἀλλ’
344 1935 449 2015 ἔξελθε
466 1937 581 2017 θύραζε,
596 1933 701 2012 τάλαν,
720 1937 768 2000 καὶ
783 1941 883 2002 δαιτδς
899 1937 1002 2014 ὄνησο·

255 2036 274 2117 ἢ
291 2037 369 2122 τάχα
386 2037 434 2106 καί
450 2040 531 2125 δαλῷ
547 2039 745 2120 βεβλημένος
762 2039 851 2103 εἶσθα
866 2036 1000 2120 θύραζε.”

299 2145 364 2223 Τὴν
379 2143 404 2208 δ’
422 2144 466 2226 ἄρ’
485 2145 598 2225 ὑπόδρα
615 2144 684 2208 ίδδν
700 2142 840 2224 προσέφη
852 2141 1018 2223 πολύμητις
1029 2140 1206 2209 Ὀδυσσεύς·

258 2253 278 2282 “
288 2249 435 2326 δαιμονίη,
451 2249 481 2310 τί
493 2273 545 2328 μοι
562 2246 610 2314 ὧδ’
627 2244 746 2327 ἐπέχεις
761 2247 915 2324 κεκοτηότι
932 2246 1013 2330 θυμῷ
1021 2272 1032 2320 ,·
1175 2273 1206 2321 71

258 2350 276 2431 ἦ
292 2352 337 2416 ὅτι
353 2351 389 2428 δη
403 2351 513 2432 ῥυπόω,
529 2352 605 2414 κακὰ
619 2352 651 2412 δὲ
665 2349 735 2431 χροῒ
749 2351 855 2428 εἵματα
870 2350 962 2428 εἷμαι,

258 2455 402 2532 πτωχεύω
418 2452 442 2516 δ’
461 2454 517 2516 ἆνδ
533 2455 648 2530 δῆμονι
673 2454 820 2535 ἀναγκαίη
836 2451 893 2535 γάρ
909 2454 1033 2534 ἐπείγει.

258 2561 387 2621 τοιοῦτοι
403 2554 518 2638 πτωχαί
534 2554 581 2620 καὶ
597 2555 748 2636 άλήμονες
762 2555 867 2637 ἄνδρες
883 2556 962 2620 ἔασι.

259 2662 307 2725 καὶ
324 2658 380 2743 γάρ
397 2661 456 2742 ἐγώ
472 2685 545 2724 ποτε
561 2660 643 2726 οἶκον
659 2663 693 2724 έν
708 2662 912 2743 ἀνθρώποισιν
927 2661 1028 2726 ἔναιον
1178 2683 1210 2736 75

259 2766 370 2841 ὄλβιος
386 2763 514 2844 ἀφνειὸν
530 2765 579 2827 καὶ
595 2763 728 2829 πολλάκι
744 2765 855 2830 δόσκον
872 2763 969 2849 ἀλήτῃ

262 2867 343 2950 τοίῳ,
359 2868 463 2933 ὁποῖος
478 2868 523 2931 ἔοι
540 2866 588 2931 καὶ
603 2869 671 2932 ὅτευ
686 2866 868 2952 κεχρημένος
883 2869 979 2933 ἔλθοι·

262 2969 341 3048 ἦσαν
360 2971 392 3033 δὲ
407 2975 502 3051 δμῶες
516 2970 599 3051 μάλα
612 2972 720 3052 μυρίοι,
735 2971 818 3034 άλλα
833 2996 866 3038 τε
881 2972 985 3036 πολλὰ

262 3073 345 3136 οἷσίν
360 3072 386 3136 τ’
404 3073 436 3137 εὖ
452 3074 560 3151 ζώουσι
576 3074 624 3137 καὶ
640 3072 761 3155 όφνειοὶ
777 3073 942 3140 καλέονται.

262 3177 345 3238 ἀλλὰ
361 3175 436 3242 Ζεὺς
452 3176 590 3257 θλάπαξε
607 3177 751 3259 Κρονίων·
784 3176 877 3256 ἤθελε
892 3177 951 3260 γάρ
966 3195 1032 3241 που·
1181 3192 1214 3240 80

261 3281 302 3364 τῷ
319 3285 372 3343 νῦν
386 3279 426 3360 μή
443 3307 517 3346 ποτε
532 3279 580 3347 καί
598 3282 644 3358 σύ,
659 3280 754 3363 γύναι,
770 3281 828 3346 ἀπὸ
844 3287 945 3348 πᾶσαν
961 3281 1096 3368 ὀλέσσῃς

264 3381 404 3465 ἀγλαίην,
420 3383 455 3472 τῇ
472 3390 524 3450 νῦν
539 3411 575 3468 γε
590 3383 667 3466 μετὰ
682 3387 800 3473 δμῳῇσι
818 3384 974 3452 κέκασσαι·

262 3483 303 3565 μή
320 3485 383 3552 πός
397 3511 444 3549 τοι
459 3485 606 3552 δέσποινα
622 3488 828 3567 κοτεσσαμένη
844 3486 1013 3574 χαλεπήνῃ,

263 3587 281 3669 ἢ
297 3588 444 3655 Ὀδυσεὺς
461 3591 545 3676 ἔλθῃ
576 3591 620 3654 ἔτι
636 3594 693 3676 γὰρ
710 3589 757 3656 καί
775 3594 897 3658 ἐλπίδος
914 3591 996 3656 αἶσα.

264 3696 291 3758 εἰ
307 3693 331 3758 δ’
349 3696 436 3774 ὁμὲν
451 3693 490 3759 ὣς
507 3694 651 3758 ἀπόλωλε
667 3697 715 3760 καὶ
731 3696 827 3760 ούκέτι
842 3695 984 3774 νόστιμός
1000 3697 1092 3772 ἔστιν,
1181 3709 1214 3771 85
