2834 4234
484 355 534 403 10.
557 342 793 404 ΟΔΥΣΣΕΙΑΣ
824 341 859 404 K.
1079 340 1143 424 675

196 513 239 577 εἰς
250 508 356 576 Ἀϊδος
371 510 397 574 δ’
412 509 447 573 ού
461 511 508 574 τά
524 535 570 577 τις
585 511 713 600 ἀφίκετο
728 509 778 589 νηὶ
791 508 952 597 μελαίνῃ.”
1003 575 1005 580 .

231 613 295 681 Ὠς
311 613 438 694 ἐφάμην,
453 613 471 693 ἡ
488 613 514 678 δ’
530 612 624 679 αὐτίκ’
640 615 785 694 ἀμείβετο
801 617 849 680 δῖο
865 613 972 679 θεάων·

195 726 214 756 “
227 715 375 806 [δισγενές
390 716 567 799 Λαερτιάδη,
582 715 770 802 πολυμήχαν’
786 713 963 804 Ὀδυσσεΰ,]

193 822 233 902 μή
249 823 281 886 τί
294 848 341 886 τοι
355 821 504 901 ἡγεμόνος
517 846 555 904 γε
568 821 648 901 ποθή
664 823 745 903 πορδ
760 820 810 901 νηί
822 820 973 901 μελέσθω,

194 926 281 990 ἱστὸν
296 927 329 989 δέ
345 923 461 1004 στήσας
476 923 534 988 άνά
549 924 576 988 θ’
592 926 676 992 ἱστία
691 922 784 990 λευκά
802 923 959 1010 πετάσσας

192 1029 295 1108 ἧσθαι·
328 1029 383 1107 τὴν
399 1027 433 1092 δέ
447 1029 481 1093 κέ
495 1053 541 1092 τοι
555 1028 645 1107 πνοιή
662 1027 777 1108 Βορέαο
791 1027 931 1114 φέρῃσιν.
976 1064 979 1074 ·

192 1132 263 1197 ἀλλ’
279 1132 362 1197 ὁπότ’
377 1131 416 1197 ἂν
430 1132 466 1212 δὴ
482 1130 533 1212 νηί
548 1131 583 1198 δι’
599 1131 758 1198 Ὠκεανοῖο
773 1131 917 1218 περήσῃς,
981 1197 983 1204 ,

193 1235 254 1299 ἐνθ’
270 1233 343 1313 άκτή
359 1260 391 1299 τε
406 1235 519 1318 λάχεια
535 1231 583 1300 καὶ
599 1235 697 1300 άλσεα
714 1235 956 1317 Περσεφονείης,

192 1341 304 1421 μακραί
316 1339 341 1403 τ’
356 1342 484 1421 αἴγειροι
499 1335 547 1402 καὶ
564 1337 638 1404 ἰτέαι
653 1338 868 1417 ὠλεσίκαρποι,

192 1447 250 1521 νῆα
264 1445 319 1523 μὲν
335 1443 424 1507 αὑτοῦ
441 1441 550 1506 κέλσαι
565 1441 612 1506 ἐπ’
627 1442 763 1527 Ὠκεανῷ
779 1442 937 1528 βαθυδίνῃ,

193 1546 280 1612 αὐτὸς
295 1545 321 1610 δ’
338 1547 381 1612 είς
395 1543 503 1610 Ἀίδεω
521 1544 598 1610 ἰέναι
614 1547 706 1624 δόμον
723 1545 878 1626 εὐρώεντα

193 1650 265 1714 ἔνθα
280 1651 335 1729 μὲν
351 1651 394 1716 είς
409 1649 575 1732 Ἀχέροντα
593 1649 833 1732 Πυριφλεγέθων
847 1675 881 1715 τε
895 1647 999 1731 ῥέουσι

194 1754 333 1819 Κώκυτός
349 1753 386 1832 θ’,
402 1751 435 1820 δς
450 1753 486 1831 δὴ
502 1757 616 1835 Στυγὸς
632 1753 738 1820 ὕδατός
754 1753 841 1824 ἐστιν
856 1751 1005 1834 ἀπορρώξ,

193 1856 285 1938 πέτρη
301 1881 334 1920 τε
350 1855 469 1934 ξύνεσίς
484 1881 516 1919 τε
531 1856 591 1919 δύω
607 1838 747 1932 ποταμόν
763 1855 936 1935 ἐριδούπων·
1094 1885 1142 1934 ⁵1⁵

193 1961 265 2025 ἔνθα
281 1959 306 2023 δ’
322 1959 426 2034 ἔπειθ’,
441 1958 529 2038 ἥρως,
545 1955 707 2043 χριμφθεὶς
722 1956 826 2033 τέλος,
843 1960 884 2025 ὥς
899 1983 937 2025 σε
951 1960 1074 2035 κελεύω,

192 2065 307 2143 βόθρον
322 2059 425 2144 ὀρύξαι
440 2062 516 2126 ὅσον
531 2061 745 2150 τεπυγοόσιον
762 2064 834 2148 ἔνθα
849 2060 899 2153 καὶ
914 2061 998 2138 ἐνθο,
1020 2147 1021 2152 ¹

193 2167 267 2247 ἀμφ’
284 2166 362 2251 αύτιρ
378 2167 411 2228 δὲ
425 2165 504 2247 χοὴν
517 2167 641 2247 χεῖσθαι
653 2168 750 2229 πᾶσιν
765 2165 917 2242 νεκύεσσι,
997 2251 1000 2258 ,

194 2277 295 2352 πρῶτα
310 2267 489 2354 μελικρήτῳ,
503 2269 663 2348 μετέπειτα
678 2271 712 2334 δὲ
726 2267 892 2354 ἡδέϊοίνῳ,
1056 2353 1058 2360 y

194 2374 228 2437 τὸ
243 2376 343 2456 τρίτον
359 2373 422 2437 αὕθ’
438 2374 531 2442 ὕδατι·
561 2374 611 2440 ἐπὶ
626 2372 652 2436 δ’
667 2371 785 2453 άλφιτα
802 2371 896 2441 λευκά
906 2371 1066 2444 παλύνειν.
1094 2399 1142 2450 520
1214 2382 1216 2388 ’

194 2480 297 2542 πολλὰ
313 2480 345 2542 δὲ
360 2481 542 2560 γουνοῦσθαι
557 2477 669 2542 νεκύων
684 2477 816 2555 ἀμενηνὰ
831 2475 954 2563 κάρηνα,
994 2537 997 2544 ,

195 2582 292 2645 ἐλθὼν
308 2583 351 2647 εἰς
366 2579 487 2659 Ἰθάκην
502 2584 625 2661 στεῖραν
639 2583 725 2660 βοῦν,
740 2579 760 2660 ἤ
775 2603 821 2648 τις
835 2580 954 2662 ἀρίστη,
1000 2605 1004 2613 “
1023 2643 1025 2652 s

192 2682 290 2766 ῥέξειν
307 2685 339 2746 ἐν
353 2682 512 2765 μεγάροισι
529 2682 626 2769 πυρήν
641 2683 666 2744 τ’
682 2682 877 2764 ἐμπλησέμεν
892 2685 1019 2759 ἐσθλῶν,
1106 2751 1109 2758 ,

192 2789 332 2875 Τειρεσίῃ
348 2787 374 2852 δ’
389 2786 558 2855 ἀπάνευθεν
573 2789 622 2852 ὄϊν
639 2787 811 2868 ἱερευσέμεν
827 2789 898 2871 οίιρΙ

193 2890 372 2971 παμμέλαν’,
388 2890 420 2958 δς
436 2890 564 2972 μήλοισι
579 2889 763 2973 μεταπρέπει
778 2890 975 2972 ὑμετέροισιν.
1093 2917 1141 2967 5²⁵

193 2994 283 3076 αὐτὰρ
300 2994 375 3074 ἐπήν
391 2994 498 3082 εὐχῇσι
512 2996 587 3080 λίσῃ
603 2997 697 3060 κλυτὰ
713 2994 801 3058 ἔθνεα
817 3001 939 3082 νεκρῶν,

193 3096 253 3159 ἐνθ’
269 3098 318 3160 ὄϊν
333 3098 451 3179 ἀρνειὸν
465 3096 563 3179 ῥέζειν
577 3098 673 3176 θῆλύν
689 3122 721 3163 τε
736 3098 884 3177 μέλαιναν
996 3167 999 3172 ,

192 3199 237 3267 εἰς
250 3198 380 3281 Ἔρεβος
397 3199 544 3282 στρέψας,
559 3201 647 3268 αὐτὸς
663 3200 689 3274 δ’
705 3202 862 3290 ἀπονόσφι
878 3200 1045 3282 τραπέσθαι
1091 3271 1093 3276 ,

194 3301 310 3382 ἰέμενος
325 3310 472 3385 ποταμοῖο
487 3302 607 3392 ῥοάων·Ι
626 3304 697 3368 ἔνθα
713 3307 745 3368 δέ
761 3306 880 3378 πολλοὶΙ

194 3404 292 3489 ψυχαὶ
307 3407 484 3473 ἐλεύσονται
500 3407 612 3472 νεκύων
627 3408 884 3485 κατατεθνηώτων.
943 3479 945 3484 ,
1090 3436 1144 3487 530

193 3509 229 3589 δὴ
245 3509 307 3574 τότ’
322 3508 416 3574 ἔπειθ’
434 3510 586 3592 ἑτάροισιν
602 3511 762 3592 ἐποτρῦναι
777 3512 827 3602 καὶ
842 3508 955 3589 άνῶξαι
1005 3551 1010 3562 ν

191 3617 284 3694 μῆλα,
299 3615 336 3676 τδ
352 3612 388 3692 δὴ
405 3612 552 3680 κατάκειτ’
570 3613 750 3696 ἐσφαγμένα
764 3612 850 3691 νηλέϊ
862 3616 980 3700 χαλκῷ,
1101 3691 1105 3694 ,

192 3721 347 3800 δείραντας
363 3718 516 3796 κατακῆαι,
533 3715 716 3797 ἐπεύξασθαι
731 3719 764 3781 δὲ
780 3720 908 3800 θεαῖσιν,
968 3805 971 3812 ἦ
1079 3765 1081 3772 ι
1109 3807 1112 3813 Ι

639 3835 693 3886 Z2
