2848 4296
482 318 532 382 18.
556 324 727 384 ΙΛΙΑΔΟΣ
750 325 783 383 Σ.
1051 321 1114 408 385

165 492 230 572 ῥεῖα
246 489 329 570 μάλ’,
347 491 386 558 ὧς
401 493 452 556 ὅτε
468 517 513 558 τις
528 492 639 576 τροχὸν
655 492 784 572 ἄρμενον
800 493 833 554 ἐν
848 491 1027 578 παλάμῃσιν
1064 503 1115 554 6ου

167 593 304 673 ἑζόμενος
320 593 462 676 κεραμεὺς
478 593 665 675 πειρήσεται,
684 597 717 658 αἵ
732 621 764 659 κε
781 593 897 681 θέῃσιν·

166 696 279 761 ἄλλοτε
293 695 319 761 δ’
333 693 371 760 ὀὐ
387 696 556 779 θρέξασκον
572 695 622 761 ἐπὶ
638 698 747 780 στίχας
763 696 939 776 ἀλλήλοισι.

166 800 281 866 πολλὸς
297 797 324 864 δ’
341 802 497 882 ἱμερόεντα
513 800 607 884 χορὸν
623 801 791 882 περιίσταθ’
807 802 914 881 ὅμιλος

166 906 349 985 τερπόμενοι·
372 907 449 984 μετὰ
464 903 498 968 δέ
514 913 591 986 σφιν
609 903 758 986 ἐμέλπετο
779 908 859 970 θεῖος
875 905 976 971 άοιδὸς

167 1009 327 1088 φορμίζων·
350 1009 421 1072 δοιὼ
437 1011 470 1072 δέ
488 1011 690 1090 κυβιστητῆρε
707 1008 770 1071 κατ’
787 1006 894 1075 αὐτοὺς
1064 1020 1113 1084 605

166 1115 286 1192 μολπῆς
302 1110 482 1196 ἐξάρχοντος
502 1113 635 1177 ἐδίνευον
652 1111 725 1176 κατὰ
743 1110 887 1191 μέσσους.

209 1214 261 1280 Ἐν
276 1214 301 1278 δ’
319 1216 410 1279 ἐτίθει
426 1222 574 1297 ποταμοῖο
590 1215 668 1299 μέγα
684 1214 793 1282 σθένος
810 1213 970 1279 Ὠκεανοῖο

167 1320 278 1403 ἄντυγα
293 1320 353 1401 πὰρ
369 1320 506 1400 πυμάτην
523 1321 633 1387 σάκεος
652 1320 730 1385 τόκα
750 1324 897 1400 ποιητοῖο.

209 1425 308 1506 Αὐτὰρ
324 1426 390 1489 ἐπεὶ
406 1426 442 1505 δὴ
458 1425 544 1504 τεῦξε
560 1424 653 1492 σάκος
667 1425 746 1508 μέγα
762 1450 794 1489 τε
810 1424 959 1506 στιβαρόν
974 1447 1015 1498 τε,

167 1527 244 1607 τεῦξ’
260 1528 318 1610 ἄρα
333 1532 362 1592 οὐ
378 1530 497 1610 θώρηκα
515 1533 711 1612 φαεινότερον
726 1528 817 1611 πυρδς
833 1528 934 1610 αὐγῆς,
1064 1539 1114 1588 610

167 1629 251 1709 τεῦξε
266 1630 299 1695 δέ
315 1635 343 1695 οἱ
360 1633 469 1714 κόρυθα
485 1633 616 1714 βριαρὴν
632 1632 796 1714 κροτάφοις
810 1633 962 1714 ἀραρυῖαν,

168 1737 262 1814 καλὴν
277 1735 447 1815 δαιδαλέην,
467 1737 517 1801 ἐπὶ
534 1738 567 1800 δέ
581 1737 712 1820 χρύσεον
726 1737 827 1817 λόφον
841 1736 904 1816 ἧκε,

168 1838 250 1918 τεῦξε
265 1839 299 1903 δέ
315 1843 344 1903 οἱ
359 1845 502 1921 κνημῖδας
517 1845 607 1904 ἑανοῦ
622 1839 824 1921 κασσιτέροιο.

210 1942 309 2025 Αὐτὰρ
325 1945 391 2008 ἐπεὶ
406 1943 493 2008 πάνθ’
515 1945 596 2008 όπλα
613 1943 688 2023 κάμε
704 1943 810 2009 κλυτὸς
825 1939 1015 2024 ἀμφιγυήεις,

168 2046 276 2128 μητρὸς
289 2046 457 2131 Ἀχιλλῆος
476 2051 550 2127 θῆκε
567 2045 769 2130 προπάροιθεν
786 2048 896 2126 ἀείρας.
1063 2054 1113 2120 615

168 2148 185 2226 ἡ
202 2149 225 2213 δ’
241 2149 312 2232 ίρηξ
325 2152 365 2218 δς
380 2153 457 2214 ἆλτο
475 2150 537 2216 κατ’
556 2151 721 2230 Οὐλύμπου
740 2151 907 2231 νιφόεντος,

169 2253 275 2338 τεόχεα
289 2257 494 2338 μαρμαίροντα
510 2254 576 2338 παρ’
593 2253 781 2334 Ἡφαίστοιο
797 2251 943 2334 φέρουσα.
