2738 4226
475 357 524 422 13.
552 343 721 402 ΙΑΙΑΔΟΣ
744 344 784 402 Ν.
1037 359 1097 424 249

157 499 224 566 τοὺς
240 501 272 564 οῖ
283 500 311 583 γ’
329 500 523 582 εἰσορόωντες
538 502 586 566 ὑπ’
603 502 714 584 ὀφρύσι
730 501 840 584 δάκρυα
853 510 973 584 λεῖβον·

157 605 263 684 οὐγὰρ
279 603 357 684 έφαν
372 602 538 682 φεύξεσθαι
552 607 627 670 ὑπὲκ
643 613 742 670 κακοῦ·
766 608 834 672 ἀλλ’
851 609 1021 690 ἐνοσίχθων

155 709 221 787 ῥεῖα
234 705 450 786 μετεισάμενος
465 711 609 790 κρατερᾶς
624 710 734 788 ὤτρυνε
754 710 926 793 φάλαγγας.
1064 739 1097 790 90

155 812 287 888 Τεῦκρον
303 809 353 873 ἔπι
369 815 486 891 πρῶτον
498 813 551 874 Ικαὶ
566 811 679 890 Λήϊτον
694 811 770 891 ἦλθε
786 813 915 876 κελεύων

157 910 320 989 Πηνέλεών
335 912 361 974 θ’
377 913 460 993 ἥρωα
475 913 599 979 Θόαντά
613 940 647 980 τε
662 913 818 995 Δηΐπυρόν
832 939 866 979 τε

157 1015 312 1097 Μηριόνην
326 1038 360 1079 τε
375 1017 423 1079 καὶ
432 1015 631 1101 ΙἈντίλοχον,
645 1015 805 1100 μήστωρας
821 1019 920 1094 ἀϋτῆς·

157 1117 224 1184 τοὺς
238 1119 298 1201 ὅγ’
315 1119 483 1200 ἐποτρύνων
499 1121 575 1185 ἔπεα
589 1123 753 1202 πτερόεντα
769 1122 933 1204 προσηύδα

158 1222 282 1298 ἐάῖδιός,
297 1221 440 1305 Ἀργεῖοι,
456 1229 557 1304 κοῦροι
571 1224 643 1288 νέοι·
666 1225 757 1304 ὔμμιν
769 1225 828 1306 ἐγώ
842 1251 879 1306 γε
1064 1251 1096 1301 95

155 1323 370 1406 μαρναμένοισι
385 1325 516 1390 πέποιθα
531 1327 722 1407 σαωσέμεναι
737 1327 806 1394 νέας
822 1326 908 1406 ἀμάς·

157 1429 182 1489 εὶ
197 1427 221 1490 δ’
237 1429 321 1506 ὑμεῖς
339 1427 485 1508 πολέμοιο
498 1430 648 1508 μεθήσετε
661 1429 851 1511 λευγαλέοιο,

157 1535 208 1595 νῦν
225 1531 261 1609 δή
277 1534 388 1594 εἴδεται
403 1530 481 1613 ἦμαρ
495 1532 553 1596 ὑπὸ
567 1534 710 1614 Τρώεσσι
725 1537 863 1612 δαμῆναι.

157 1631 178 1693 ὣ
193 1634 295 1711 τόποι,
311 1633 331 1712 ἦ
348 1633 426 1716 μέγα
441 1639 538 1714 θαῦμα
553 1636 613 1699 τόδ’
631 1637 838 1717 ὀφθαλμοῖσιν
853 1637 975 1717 ὁρῶμαι,

157 1738 263 1812 δεινόν,
274 1736 291 1800 δ
303 1738 337 1800 ού
351 1741 415 1803 ποτ’
430 1741 489 1822 ἐγώ
505 1766 541 1822 γε
555 1739 791 1818 τελευτήσεσθαι
807 1741 953 1820 ἔφασκον,
1049 1766 1096 1800 τοο

155 1843 258 1919 Τρῶας
273 1839 322 1919 ἐφ’
338 1838 482 1920 ἡμετέρας
498 1839 576 1904 ἰέναι
590 1838 668 1916 νέας,
685 1840 714 1904 οῖ
728 1840 764 1904 τδ
778 1840 872 1921 πάρος
887 1866 944 1922 περ

157 1945 318 2029 φυζακινῇς
334 1942 498 2024 ἐλάφοισιν
513 1946 661 2019 ἐοίκεσαν,
678 1947 758 2009 αἵτε
774 1941 840 2008 καθ’
854 1946 932 2023 ὕλην

157 2048 240 2111 θώων
255 2048 430 2127 παρδαλίων
444 2071 477 2111 τε
491 2047 591 2109 λύκων
605 2045 630 2109 τ’
646 2045 698 2124 ἤϊα
712 2045 857 2111 πέλονται

157 2151 249 2216 οὕτως
263 2148 453 2228 ἠλάσκουσαι
472 2148 640 2222 ἀνάλκιδες,
657 2149 717 2213 οὐδ’
733 2151 783 2214 ἔτι
798 2148 909 2233 χάρμη·

158 2255 195 2319 ἀς
208 2257 309 2334 Τρῶες
323 2252 358 2316 τὸ
373 2253 443 2333 πρίν
456 2279 493 2335 γε
507 2252 597 2332 μένος
612 2254 661 2316 καὶ
675 2257 779 2335 χεῖρας
792 2252 928 2336 Ἀχαιῶν
1048 2277 1094 2324 ιο5

156 2358 273 2434 μίμνειν
288 2353 340 2418 οὔκ
356 2354 519 2420 ἐθέλεσκον
533 2357 678 2428 ἐναντίον,
695 2354 754 2419 οὐδ’
771 2355 894 2434 ἠβαιόν·

156 2463 208 2522 νῦν
222 2459 255 2520 δέ
271 2460 341 2522 έκδς
355 2458 463 2522 πόλιος
478 2459 582 2543 κοίλης
597 2458 648 2521 ἐπὶ
663 2457 752 2535 νηυσὶ
765 2455 915 2540 μάχονται

156 2560 302 2643 ἡγεμόνος
316 2561 455 2638 κακότητι
467 2560 695 2645 μεθημοσύνῃσί
707 2585 740 2625 τε
757 2566 849 2638 λαῶν,

158 2664 184 2726 οῖ
199 2665 286 2747 κείνῳ
302 2663 456 2744 ἐρίσαντες
470 2662 618 2742 ἀμυνέμεν
632 2663 685 2726 οὐκ
701 2662 842 2727 ἐθέλουσι

158 2773 234 2846 νηῶν
249 2767 418 2847 ὠκυπόρων,
433 2767 515 2830 ἀλλὰ
530 2765 696 2831 κτείνονται
711 2762 756 2829 ἀν’
772 2764 871 2830 αὐτάς.
1048 2788 1095 2826 110

159 2867 226 2932 ἀλλ’
243 2871 270 2932 εἰ
285 2868 321 2948 δὴ
337 2870 386 2932 καὶ
401 2867 526 2947 πάμπαν
541 2866 686 2946 ἐτήτυμον
700 2868 794 2933 αίτιός
810 2871 896 2932 ἐστιν

158 2975 232 3054 ἥρως
243 2971 411 3054 Ἀτρείδης,
428 2972 602 3054 εύρυκρείων
615 2972 821 3054 Ἀγαμέμνων,

159 3075 249 3140 οὕνεκ’
266 3077 437 3155 ἀπητίμησε
452 3076 590 3142 ποδόκεα
605 3075 777 3153 Πηλείωνα,

158 3178 248 3258 ἡμέας
262 3177 292 3261 γ’
308 3179 342 3242 ού
356 3204 419 3245 πως
434 3179 501 3242 ἔστι
515 3178 688 3259 μεθιέμεναι
703 3177 859 3257 πολέμοιο.

159 3282 225 3346 ἀλλ’
242 3284 399 3363 ἀκεώμεθα
410 3287 537 3346 θᾶσσον·
553 3283 679 3346 ἀκεσταί
688 3306 736 3346 τοι
748 3280 856 3362 φρένες
871 3283 1000 3345 ἐσθλῶν.
1047 3306 1093 3354 115

157 3388 238 3465 ὑμεῖς
253 3386 277 3450 δ’
294 3386 395 3451 οὐκέτι
410 3389 489 3450 κολά
502 3385 621 3464 μεθίετε
635 3385 770 3465 θούριδος
785 3385 879 3462 ἀλκῆς

158 3488 266 3555 πάντες
280 3490 400 3570 ἄριστοι
416 3489 516 3555 ἐόντες
531 3487 588 3552 ἀνά
603 3489 741 3568 στρατόν.
786 3484 847 3550 οὐδ’
862 3485 900 3550 ἀν
911 3487 970 3568 ἐγῶ
986 3514 1021 3569 γε

157 3591 240 3671 ἀνδρὶ
255 3589 471 3673 μαχεσσαίμην
486 3591 519 3656 ὅς
534 3615 580 3657 τις
594 3588 742 3668 πολέμοιο
756 3592 860 3671 μεθείη

155 3692 266 3774 λυγρὸς
282 3694 348 3755 ἐόν·
371 3694 440 3772 ύμῖν
455 3695 487 3757 δὲ
503 3699 697 3773 νεμεσσῶμαι
713 3691 781 3770 περὶ
796 3698 872 3774 κῆρι.
