2848 4296
556 338 605 405 23·
631 323 802 384 1A1AA02
825 325 861 386 ψ.

229 493 308 574 χειρὶ
325 492 476 573 σκῆπτρον
491 491 589 571 ἔθηκε,
606 493 763 567 σιωπῆσαί
781 493 806 554 τ’
823 490 984 557 ἐκέλευσεν

230 594 393 678 Ἀργείους·
418 596 435 657 ὁ
450 593 475 658 δ’
492 595 597 658 ἔπειτα
611 594 742 674 μετηύδα
758 595 878 660 ἰσόθεος
893 596 967 675 φός·

232 705 250 733 “
260 697 430 780 Ἀντίλοχε,
447 698 583 777 πρόσθεν
598 696 778 777 πεπνυμένε,
794 702 883 762 ποῖον
897 695 1011 779 ἔρεξας.
1114 727 1116 734 ·

230 800 364 886 ᾔσχυνας
378 802 433 881 μὲν
449 801 524 880 έμὴυ
546 799 664 882 ἀρετήν,
680 799 811 883 βλάφας
826 801 860 866 δέ
873 827 926 882 μοι
941 804 1059 878 ίππους,

231 905 298 970 τοὺς
314 904 385 970 σοὺς
400 905 517 986 πρόσθε
531 904 647 982 βαλών,
664 905 695 968 οί
709 928 755 968 τοι
771 903 850 969 πολὺ
865 905 1002 987 χείρονες
1018 904 1105 984 ἦσαν.

232 1007 300 1070 ἀλλ’
316 1007 407 1090 ἄγετ’,
419 1007 568 1090 Ἀργείων
581 1005 728 1088 ἡγήτορες
744 1007 797 1087 ἠδὲ
812 1007 964 1087 μέδοντες,

231 1112 262 1177 ές
275 1110 370 1191 μέσον
389 1109 589 1192 ἀμφοτέροισι
605 1110 781 1187 δικάσσατε,
797 1110 866 1190 μηδ’
882 1109 930 1176 ἐπ’
946 1111 1058 1196 ἀρωγῇ,

230 1211 271 1294 μή
287 1213 360 1278 ποτέ
375 1239 420 1280 τις
436 1218 559 1300 είπησιν
575 1211 709 1296 Ἀχαιῶν
724 1216 970 1298 χολκοχιτόνων·
1131 1235 1179 1288 575

233 1317 430 1400 ’Ἀντίλοχον
444 1317 597 1399 ψεύδεσσι
612 1317 803 1399 βιησάμενος
819 1319 981 1387 Μενέλαος

232 1425 348 1504 οἴχεται
362 1424 456 1485 ίππον
471 1421 562 1503 ἄγων,
578 1424 625 1485 ὅτι
640 1425 669 1486 οἱ
685 1422 764 1486 πολὺ
779 1425 915 1505 χείρονες
929 1421 1009 1503 ήσαν

232 1528 328 1600 ἵπποι,
346 1524 434 1590 αὐτὸς
445 1525 479 1588 δὲ
494 1525 644 1606 κρείσσων
660 1527 749 1612 ἀρετῇ
762 1551 795 1590 τε
810 1529 867 1613 βίῃ
882 1524 935 1592 τε.’

233 1628 259 1691 εί
274 1624 299 1691 δ’
314 1625 362 1710 ἄγ’
380 1629 457 1710 ἐγὼν
472 1628 561 1694 αὐτὸς
576 1627 701 1702 δικάσω,
718 1631 769 1694 καί
781 1629 811 1709 μ’
829 1630 864 1694 ού
879 1630 946 1696 τινά
961 1639 1040 1712 φημι

232 1729 330 1795 ἀλλον
345 1730 526 1810 ἐπιπλήξειν
541 1738 679 1798 Δαναῶν·
704 1734 782 1797 ίθεῖα
797 1736 855 1816 γάρ
871 1733 968 1798 ἔσται.
1132 1747 1181 1808 580

233 1830 399 1917 Ἀντίλοχ’,
416 1833 484 1899 εἶδ’
501 1835 556 1918 άγε
571 1841 665 1916 δεῦρο,
681 1836 847 1916 διοτρεφές,
863 1833 882 1914 ἢ
899 1835 983 1916 θέμις
998 1836 1072 1910 έστί,

233 1941 308 2003 στδς
323 1940 426 2005 ίππων
442 1937 627 2020 προπάροιθε
642 1940 691 2002 καὶ
707 1938 845 2019 άρματος,
862 1939 954 2020 αάτδρ
971 1938 1124 2019 ἱμάσθλην

232 2041 341 2122 χερσὶν
356 2041 408 2125 έχε
423 2039 557 2124 ῥαδινήν,
572 2040 591 2126 ᾗ
608 2067 664 2123 περ
678 2041 713 2105 τὸ
729 2044 863 2122 πρόσθεν
878 2041 1011 2116 ἔλαυνες,

233 2144 333 2207 ίππων
348 2145 506 2225 ἀφάμενος
521 2142 668 2227 γαιήοχον
683 2144 875 2227 ἐννοσίγαιον

234 2247 338 2325 ὄμνυθι
353 2248 394 2327 μὴ
409 2251 467 2328 μὲν
482 2249 558 2311 ἑκὼν
572 2248 607 2311 τὸ
623 2247 696 2329 έμδν
711 2248 792 2332 δόλῳ
809 2247 888 2331 ἀρμα
903 2246 1061 2326 πεδῆσαι.”
1132 2261 1179 2324 585

274 2351 338 2415 Τὸν
352 2351 377 2414 δ’·
394 2349 457 2414 αὖτ’
471 2351 652 2435 Ἀντίλοχος
667 2350 855 2429 πεπνυμένος
871 2352 974 2416 ἀντίον
989 2351 1073 2430 ηύδα·

235 2459 253 2486 “
266 2452 381 2536 ἀνσχεο
397 2458 458 2516 νῦν·
481 2452 601 2518 πολλὸν
615 2456 673 2536 γδρ
689 2453 748 2536 έγό
762 2479 799 2537 γε
813 2453 955 2536 νεότερός
970 2455 1029 2533 είμι

235 2561 311 2633 σεῖο,
327 2555 406 2634 ἄναξ
419 2556 569 2632 Μενέλαε,
586 2556 625 2619 σδ
636 2558 669 2620 δὲ
684 2561 827 2638 πρότερος
843 2559 891 2622 καὶ
907 2557 1024 2640 ἀρείων.

235 2657 314 2723 οἶσθ’
330 2661 391 2723 οἶαι
406 2658 475 2724 νέου
490 2659 596 2740 ἀνδρὸς
610 2661 796 2740 ὑπερβασίαι
810 2659 979 2725 τελέθουσι·

235 2765 446 2845 κραιπνότερος
460 2765 517 2843 μὲν
532 2762 590 2846 γάρ
605 2788 639 2826 τε
654 2764 732 2836 νόος,
747 2764 844 2842 λεπτὴ
861 2763 895 2827 δέ
909 2789 941 2828 τε
955 2767 1051 2845 μῆτις.
1134 2789 1181 2841 590

235 2869 274 2952 τφ
290 2893 336 2931 τοι
353 2865 503 2946 ἐπιτλήτω
521 2869 634 2949 κραδίη·
659 2869 753 2931 ίππον
768 2865 802 2931 δέ
816 2892 863 2930 τοι
879 2867 966 2948 αὐτὸς

235 2971 331 3050 δόσω,
349 2972 404 3051 τήν
418 2973 542 3053 ἀρόμην.
567 2973 594 3035 εί
609 2971 660 3034 καί
675 2969 709 3034 νύ
725 2995 776 3034 κεν
791 2971 909 3034 οίκοθεν
924 2969 1004 3032 ἀλλο
1022 2975 1024 2980 ’

233 3077 335 3154 μεῖζον
350 3074 552 3154 ἐπαιτήσειας,
570 3074 653 3156 ἀφαρ
668 3073 702 3138 κέ
716 3099 763 3137 τοι
778 3074 881 3138 αὐτίκα
896 3078 998 3136 δοῦναι

233 3180 404 3259 βουλοίμην
418 3176 437 3258 ἢ
454 3180 566 3261 σοίγε,
583 3177 748 3261 διοτρεφές,
764 3177 863 3259 ήματα
879 3177 977 3242 πάντα

234 3284 267 3346 ἐκ
283 3287 376 3362 θυμοῦ
392 3282 516 3348 πεσέειν
531 3284 580 3347 καὶ
595 3283 737 3362 δαίμοσιν
752 3283 829 3347 εἶναι
844 3279 994 3364 ἀλιτρός·”
1132 3310 1180 3363 595

272 3384 318 3448 'H
332 3388 379 3470 ῥα,
400 3387 450 3450 καὶ
464 3391 558 3451 ἵππον
573 3387 656 3469 άγων
669 3386 842 3468 μεγαθύμου
857 3385 1012 3467 Νέστορος
1026 3387 1091 3454 υἰδς

233 3493 268 3555 ἐν
284 3493 426 3575 χείρεσσι
442 3492 518 3555 τίθει
534 3489 706 3555 Μενελάου·
729 3494 793 3552 τοῖο
809 3491 842 3552 δὲ
858 3488 948 3567 θυμδς

234 3594 321 3673 ἰάνθη
338 3595 377 3662 ὣς
393 3599 422 3659 εί
435 3620 469 3658 τε
483 3596 551 3676 περὶ
568 3594 758 3678 σταχύεσσιν
773 3590 863 3674 ἐέρση

232 3697 323 3777 ληίου
338 3698 553 3779 ἀλδήσκοντος,
570 3702 621 3764 ὅτε
637 3699 826 3780 φρίσσουσιν
840 3697 972 3781 άρουραι·
