2738 4226
457 375 506 420 ιι.
532 362 702 422 ΙΛΙΑΔΟΣ
725 366 761 426 Λ.
1022 383 1083 450 223

143 526 261 603 ἑστήκει
276 525 333 606 γάρ
349 525 399 588 ἐπὶ
415 524 531 611 πρύμνῃ
546 526 707 610 μεγακήτεϊ
722 528 780 605 νηί,
1033 548 1083 597 600

144 627 287 710 εἰσορόων
302 628 396 692 πόνον
411 627 501 691 αἰπὺν
516 629 589 694 ίῶκά
604 655 637 695 τε
652 633 867 714 δακρυόεσσαν.

143 731 221 812 αἶψα
235 728 263 795 δ’
279 733 397 812 ἑταῖρον
412 730 462 796 ἑὸν
477 735 662 813 Πατροκλῆα
675 733 848 824 προσέειπε,

143 832 349 917 φθεγξάμενος
365 836 446 916 πορδ
461 834 542 913 νηός·
566 834 631 899 ὁδέ
647 838 805 918 κλισίηθεν
820 839 950 906 ἀκούσας

143 937 269 1014 ἔκμολεν
283 937 352 1004 ῖσος
363 937 464 1019 Ἀρηϊ,
481 943 572 1002 κακοῦ
587 938 612 1002 δ’
628 938 687 1021 άρα
702 943 731 1003 οἱ
745 939 838 1007 πέλεν
853 941 941 1025 ἀρχή.

142 1040 193 1103 τὸν
208 1042 351 1122 πρότερος
366 1040 529 1124 προσέειπε
544 1044 708 1108 Μενοιτίου
722 1043 849 1125 ἀλκιμος
863 1047 935 1112 υἱός·
1033 1059 1082 1120 ⁶05

144 1148 160 1176 “
171 1144 256 1207 τίπτε
270 1170 308 1223 με
323 1142 504 1223 κικλήσκεις,
519 1144 667 1229 Ἀχιλειῖ;
688 1148 718 1210 τί
733 1146 766 1211 δέ
782 1174 819 1213 σε
832 1151 912 1231 χρεδ
928 1151 1009 1226 ἐμεῖο
1023 1149 1058 1220 ,·”

143 1244 193 1308 τὸν
208 1246 233 1309 δ’
249 1248 494 1328 ἀπαμειβόμενος
509 1249 650 1331 προσέφη
667 1252 761 1317 πόδας
776 1252 851 1319 ὠκὺς
866 1249 1038 1336 Ἀχιλλεύς·

144 1358 163 1382 “
172 1353 217 1413 δῖε
232 1349 426 1429 Μενοιτιάδη,
441 1354 482 1436 τῷ
500 1355 560 1437 ἐμῷ
577 1353 774 1436 κεχαρισμένε
790 1355 882 1440 θυμῷ,

144 1453 194 1513 νῦν
209 1449 263 1513 ἀίω
278 1453 347 1532 περὶ
359 1451 482 1534 γούνατ’
499 1456 556 1533 έμά
571 1453 741 1533 στήσεσθαι
754 1455 899 1540 Ἀχαιοὺς

142 1552 351 1631 λισσομένους·
374 1557 465 1638 χρειὼ
480 1555 539 1638 γὰρ
555 1556 687 1622 ἱκάνεται
702 1557 798 1622 οὐκέτ’
815 1561 943 1626 ἀνεκτός.
1033 1573 1081 1623 6ιο

144 1653 213 1716 ἀλλ’
227 1657 270 1720 ἴθι
286 1662 347 1733 νΰν,
365 1657 525 1738 Πάτροκλε
540 1661 665 1741 διίφιλε,
681 1660 811 1741 Νέστορ’
827 1664 905 1740 ἔρειο

143 1758 258 1821 ὅντινα
272 1764 379 1822 τοῦτον
394 1758 462 1840 άγει
476 1758 671 1839 βεβλημένον
686 1763 719 1825 ἔκ
734 1762 889 1843 πολέμοιο·

144 1859 222 1938 ήτοι
235 1863 292 1940 μὲν
307 1859 388 1942 τόγ’
405 1863 515 1926 ὄπισθε
530 1861 675 1946 Μαχάονι
690 1862 788 1927 πάντα
803 1864 882 1927 έοικε

143 1965 181 2046 τῷ
198 1961 419 2050 Ἀσκληπιάδη,
437 1965 511 2045 ἀτάρ
527 1964 578 2027 οὐκ
595 1967 660 2028 ίδον
675 1966 792 2045 ὄμματα
807 1965 916 2046 φωτός·

144 2069 228 2130 ’ίπποι
243 2065 301 2149 γάρ
315 2092 353 2146 με
368 2065 516 2147 παρήϊξαν
531 2069 658 2149 πρόσσω
672 2065 841 2148 μεμαυῖαι.”
1033 2080 1080 2142 615

180 2168 241 2236 Ὣς
258 2167 347 2248 φάτο,
364 2167 541 2251 Πάτροκλος
556 2172 589 2235 δὲ
604 2173 686 2254 φίλῳ
703 2168 872 2234 ἐπεπείθεθ’
888 2173 1002 2255 ἑταίρη,

143 2274 184 2351 βῆ
200 2275 232 2335 δὲ
249 2271 330 2336 θέειν
344 2270 424 2353 παρά
438 2297 471 2336 τε
487 2274 608 2338 κλισίας
624 2275 673 2336 καὶ
689 2276 761 2352 νήας
777 2271 917 2356 Ἀχαιῶν.

184 2377 225 2438 Οἱ
241 2372 267 2438 δ’
284 2376 335 2438 ὅτε
349 2375 385 2453 δή
401 2377 524 2454 κλισίην
533 2375 720 2456 ’Νηληϊάδεω
736 2377 890 2457 ἀφίκοντο,

143 2478 225 2540 αὐτοὶ
239 2476 296 2558 μέν
309 2477 341 2560 ῥ’
357 2477 520 2557 ἀπέβησαν
535 2480 585 2544 ἐπὶ
599 2481 697 2563 χθόνα
712 2481 962 2560 πουλυβότειραν,

143 2582 250 2645 ἵππους
265 2579 293 2643 δ’
309 2579 486 2662 Εὐρυμέδων
501 2581 639 2661 θεράπων
653 2583 709 2646 λύε
723 2588 787 2646 τοῖο
802 2582 942 2666 γέροντος
1033 2597 1082 2644 620

144 2683 179 2762 ἐξ
191 2682 298 2767 ὀχέων·
323 2686 370 2750 τοὶ
384 2682 411 2749 δ’
427 2687 498 2767 ἱδρῶ
515 2686 711 2768 ἀπεψύχοντο
725 2687 872 2769 χιτιίνων,

145 2787 252 2852 στάντε
268 2789 338 2853 ποτὶ
353 2788 461 2867 πνοιὴν
475 2791 557 2870 παρά
571 2787 629 2854 θῖν’
645 2791 727 2855 ἀλός·
752 2790 844 2870 αὐτὰρ
860 2789 963 2853 ἔπειτα

145 2891 174 2956 ές
189 2892 312 2968 κλισίην
327 2891 470 2957 ἐλθόντες
485 2892 536 2954 ἐπὶ
552 2896 710 2972 κλισμοῖσι
727 2893 855 2969 καθῖζον.

144 2997 222 3056 τοῖσι
238 2996 272 3056 δὲ
287 2998 376 3076 τεῦχε
393 2999 498 3058 κυκειῶ
514 2994 703 3072 ἐϋπλόκαμος
717 2993 881 3074 Ἑκαμήδη,

146 3093 198 3172 τήν
213 3092 294 3176 ἄρετ’
311 3098 344 3158 ἐκ
358 3095 501 3161 Τενέδοιο
517 3095 622 3180 γέρων,
638 3099 690 3161 ὅτε
705 3096 818 3179 πέρσεν
833 3095 1003 3178 Ἀχιλλεύς,
1038 3113 1084 3171 625

146 3195 279 3293 θυγατέρ’
296 3195 456 3280 Ἀρσινόου
470 3199 685 3281 μεγαλήτορος,
701 3200 739 3278 ἥν
754 3201 783 3262 οἱ
799 3196 919 3281 Ἀχαιοὶ

146 3295 261 3374 ἔξελον,
277 3299 384 3361 ούνεκα
398 3299 498 3384 βουλῇ
515 3299 728 3380 ἀριστεύεσκεν
743 3301 892 3362 ἀπάντων.

144 3398 164 3477 ή
179 3407 279 3480 σφωϊν
294 3403 480 3482 πρῶτονμὲν
496 3401 674 3483 ἐπιπροίηλε
689 3399 836 3481 τράπεζαν

147 3503 239 3582 καλήν
255 3504 439 3580 κυανόπεζαν
454 3501 568 3581 ἐύξοον,
585 3504 677 3585 αὐτὰρ
693 3501 740 3567 ἐπ’
755 3505 847 3583 αὐτῆς

145 3605 289 3686 χάλκειον
305 3604 420 3679 κάνεον,
437 3607 487 3670 ἐπὶ
502 3608 535 3672 δὲ
551 3608 678 3689 κρόμυον
693 3610 774 3691 ποτηῖ
790 3610 878 3689 ὅφον,
1035 3622 1084 3685 όηο

146 3707 195 3786 ήδὲ
209 3708 281 3788 μέλι
297 3709 427 3792 χλωρόν,
444 3711 524 3791 παρδ
539 3707 564 3773 δ’
581 3711 711 3791 ἀλφίτου
728 3713 807 3791 ῖεροθ
824 3711 925 3791 ἀκτήν,
