2738 4226
274 354 336 419 206
521 363 525 380 ·
591 371 638 416 11.
662 356 832 416 ΙΛΙΑΔΟΣ
856 356 892 415 λ

306 530 415 616 1Τρῶες
430 523 456 589 δ’
472 521 535 589 αὖθ’
551 522 696 607 ἑτέρωθεν
710 523 760 588 έπί
775 515 904 607 θρωσμῷ
920 522 1048 596 πεδίοιο,

268 625 401 709 Ἕκτορά
416 627 440 690 τ’
457 628 536 710 ἀμφὶ
550 625 646 709 μέγαν
662 628 711 691 καί
727 627 863 707 ἀμύμονα
878 624 1119 706 Πουλυδάμαντα

275 731 396 796 Αἰνείαν
412 731 448 808 θ,
465 729 498 797 δς
512 730 616 812 Τρωσὶ
630 728 699 794 θεὸς
715 730 754 796 ὣς
768 729 849 794 τίετο
864 728 956 816 δήμῳ,

272 839 351 915 τρεῖς
365 835 390 897 τ’
405 833 627 916 Ἀντηνορίδας,
642 833 791 912 Πόλυβον
806 833 856 896 καὶ
869 831 1020 916 Ἀγήνορα
1035 837 1100 896 δῖον

272 935 374 1015 ἠΐθεόν
389 935 414 1000 τ’
428 934 601 1017 Ἀκάμαντ’,
617 929 787 999 ἐπιείκελον
802 914 1008 1001 ἀθανάτοισιν.
1183 939 1218 992 ὀο

270 1039 386 1123 Ἕκτωρ
405 1040 430 1105 δ’
448 1042 481 1105 έν
495 1039 642 1121 πράτοισι
658 1037 725 1120 φέρ’
742 1039 857 1104 ἀσπίδα
871 1037 997 1104 πάντοσ’
1013 1037 1110 1120 ε’ἰσην.

272 1146 336 1211 οἶος
351 1144 376 1209 δ’
392 1145 425 1207 έκ
441 1140 558 1225 νεφέων
574 1143 771 1224 ἀναφαίνεται
787 1143 889 1208 ούλιος
903 1143 1001 1223 ἀστήρ

272 1248 462 1329 παμφαίνων,
479 1248 547 1311 τοτὲ
561 1243 588 1310 δ’
604 1246 686 1312 αὖτις
702 1246 752 1310 ἔδυ
767 1244 864 1328 νέφεα
879 1245 1029 1323 σκιόεντα,

272 1353 313 1418 δς
323 1349 441 1432 Ἕκτωρ
457 1351 508 1414 ὁτὲ
521 1348 579 1430 μέν
592 1373 626 1414 τε
640 1352 717 1430 μετδ
731 1351 878 1432 πρώτοισι
894 1348 1055 1431 φάνεσκεν,

273 1455 385 1518 άλλοτε
400 1451 425 1518 δ’
442 1454 476 1518 έν
490 1451 655 1533 πυμάτοισι
671 1452 811 1518 κελεύων·
833 1456 893 1519 πῖις
907 1450 934 1516 δ’
950 1452 1008 1533 ἄρα
1022 1454 1127 1537 χαλκῷ
1183 1465 1215 1529 65

271 1554 368 1638 λάμφ’
384 1557 424 1623 ὥς
439 1582 472 1621 τε
487 1557 619 1638 στεροπῇ
636 1553 748 1637 πατρδς
765 1554 840 1622 Διδς
854 1555 1016 1638 αἰγιόχοιο.

315 1662 356 1725 Οἰ
371 1658 407 1734 δ’,
424 1661 463 1727 ὥς
478 1659 503 1723 τ’
519 1660 666 1740 ἀμητῆρες
681 1659 811 1723 έναντίοι
826 1656 1012 1736 ἀλλήλοισιν

272 1766 366 1847 όγμον
382 1763 550 1827 ἐλαύνωσιν
566 1761 672 1844 ἀνδρὸς
686 1759 818 1843 μάκαρος
834 1760 899 1825 κατ’
914 1761 1043 1843 ἄρουραν

271 1872 372 1948 πυρῶν
389 1864 407 1943 ἢ
425 1863 559 1948 κριθέων·
581 1866 619 1927 τᾶ
634 1857 837 1945 δὲ’δράγματα
851 1863 968 1947 ταρφέα
982 1865 1095 1928 πίπτει·

272 1970 311 2035 ὣς
325 1974 426 2050 Τρῶες
442 1968 491 2031 καὶ
504 1966 627 2050 Ἀχαιοὶ
643 1965 689 2029 ἐπ’
707 1963 875 2046 ἀλλήλοισι
890 1969 1030 2050 θορόντες
1184 1990 1216 2038 ιο

271 2071 372 2158 δῄουν,
388 2071 447 2136 οὐδ’
465 2071 561 2153 έτεροι
578 2069 704 2150 μνώοντ’
721 2070 824 2134 ὀλοοῖο
840 2071 965 2153 φόβοιο.

270 2181 341 2242 ίσας
355 2172 383 2239 δ’
399 2175 508 2254 ὑσμίνη
525 2175 662 2256 κεφαλάς
677 2172 758 2257 έχεν,
774 2175 804 2238 οἰ
820 2176 852 2238 δὲ
867 2174 954 2239 λύκοι
970 2175 1009 2241 ὣς

271 2285 370 2345 θῦνον·
391 2277 476 2358 Ἔρις
492 2276 516 2340 δ’
534 2274 580 2359 ἄρ’
597 2277 701 2360 ἔχαιρε
716 2276 905 2344 πολύστονος
921 2277 1099 2360 εἰσορόωσα·

270 2387 318 2463 οίη
334 2379 391 2464 γάρ
405 2382 444 2463 ῥα
462 2383 539 2443 θεῶν
553 2379 762 2462 παρετύγχανε
775 2381 1019 2462 μαρναμένοισιν,

271 2488 300 2548 οἱ
315 2484 340 2548 δ’
357 2483 449 2546 ἄλλοι
465 2481 499 2543 ού
515 2488 592 2562 σφιν
607 2481 745 2563 πάρεσαν
761 2484 835 2556 θεοί,
854 2485 936 2548 ἀλλὰ
951 2484 1056 2562 έκηλοι
1183 2505 1214 2560 75

271 2590 399 2668 σφοῖσιν
414 2583 459 2648 ένί
472 2583 633 2667 μεγάροισι
649 2583 788 2665 καθήατο,
803 2586 857 2669 ἧχι
872 2583 989 2671 ἑκάστῳ

270 2691 391 2769 δόματα
406 2689 485 2751 καλά
499 2685 621 2749 τέτυκτο
637 2690 713 2751 κατδ
727 2688 843 2772 πτύχας
857 2689 1045 2770 Οὐλύμποιο.

270 2794 379 2860 πάντες
394 2791 419 2856 δ’
434 2790 579 2877 ᾐτιόωντο
596 2793 779 2874 κελαινεφέα
795 2794 959 2875 Κρονίωνα,

269 2895 363 2959 οὕνεκ’
381 2894 438 2976 άρα
451 2896 611 2976 Τρώεσσιν
626 2896 774 2975 ἐβούλετο
792 2901 879 2962 κῦδος
893 2893 1004 2978 ὀρέξαι.

269 3004 327 3061 τῶν
341 2999 397 3078 μὲν
412 2995 458 3079 ἄρ’
474 2998 526 3060 οὐκ
543 2995 664 3081 ἀλέγιζε
678 2997 787 3080 πατήρ·
812 3000 876 3062 ὀδέ
892 2999 987 3081 νόσφι
1002 2997 1140 3063 λιασθεὶς
1179 3012 1212 3062 80

269 3107 327 3164 τῶν
342 3101 446 3164 ἄλλων
462 3099 611 3166 ἀπάνευθε
626 3099 765 3179 καθέζετο
782 3101 864 3166 κύδεῖ
876 3103 978 3183 γαίων,

269 3207 413 3288 εἰσορόων
427 3206 538 3288 Τριόων
554 3231 586 3270 τε
601 3206 693 3270 πόλιν
708 3207 757 3270 καὶ
773 3210 846 3285 νήας
860 3206 995 3289 Ἀχαιῶν
1082 3265 1084 3269 ,

266 3314 385 3393 χαλκοῖ
399 3334 432 3374 τε
447 3307 607 3391 στεροπήν,
624 3309 772 3376 ὀλλύντας
787 3309 812 3373 τ’
828 3308 1013 3389 ὀλλυμένους
1026 3333 1071 3375 τε.

307 3412 412 3494 Ὄφρα
426 3412 482 3492 μὲν
496 3412 556 3490 ήδς
572 3412 608 3491 ἦν
626 3416 674 3476 καὶ
690 3411 795 3491 ἀέξετο
812 3411 892 3494 ίερδν
907 3411 993 3495 ήμαρ,

267 3517 366 3597 τόφρα
380 3513 450 3594 μάλ’
467 3514 646 3598 ἀμφοτέρων
660 3513 746 3594 βέλε’
762 3516 883 3594 ήπτετο,
899 3520 992 3579 πῖπτε
1006 3518 1038 3580 δὲ
1053 3519 1139 3583 λαός·
1178 3533 1209 3594 85

266 3616 341 3695 ἦμος
356 3619 389 3680 δὲ
405 3617 549 3698 δρυτόμος
563 3643 619 3698 περ
635 3617 709 3698 ἀνὴρ
725 3618 904 3680 ὡπλίσσατο
919 3622 1042 3682 δεῖπνον

265 3719 367 3800 οὔρεος
382 3719 416 3782 έν
430 3717 598 3806 βήσσῃσιν,
616 3723 685 3785 ἐπεί
698 3721 722 3783 τ’
740 3719 925 3803 ἐκορέσσατο
939 3725 1043 3805 χεῖρας
