2738 4226
433 285 455 394 ἰ
463 349 493 414 3.
516 333 687 398 ΙΛΙΑΔΟΣ
710 339 750 399 Ν.
1010 343 1073 422 265

134 505 287 594 σφενδόνῃ,
303 505 340 586 ἣν
355 507 411 590 άρα
427 509 456 571 ol
471 505 609 590 θεράπων
624 507 678 592 ἔχε
692 506 812 588 ποιμένι
827 515 920 575 λαῶν.
1016 523 1067 573 6ου

170 611 356 692 Πείσανδρος
370 605 397 675 δ’
413 610 476 677 ίθῦς
491 607 652 676 Μενελάου
668 612 843 692 κυδαλίμοιο

132 710 181 789 ἤϊε·
203 711 256 778 τὸν
271 710 298 778 δ’
313 713 370 796 άγε
382 717 473 794 μοῖρο
487 713 562 793 κακὴ
578 712 720 779 θανάτοιο
735 714 872 790 τέλοσδε,

132 816 186 887 σοί,
202 814 354 892 Μενέλαε,
369 820 497 896 δαμῆναι
512 818 546 881 ἐν
561 819 629 903 αἰνῇ
645 819 790 897 δηϊοτῆτι.

131 919 157 980 οἱ
171 915 194 982 δ’
213 918 264 983 ὅτε
279 917 315 997 δὴ
335 918 447 1000 σχεδδν
461 918 541 998 ἦσαν
555 915 602 983 ἐπ’
618 918 803 999 ἀλλήλοισιν
821 921 925 998 ίόντες,

129 1020 277 1102 Ἀτρείδης
291 1022 347 1101 μὲν
362 1021 483 1102 δμορτε,
498 1024 591 1104 παραὶ
606 1021 640 1088 δέ
654 1025 684 1088 οί
699 1021 833 1106 ἐτράπετ’
850 1025 951 1108 ἔγχος,
1017 1035 1067 1100 605

130 1126 312 1206 Πείσανδρος
327 1127 360 1188 δὲ
375 1122 469 1191 σάκος
484 1123 646 1190 Μενελάου
662 1126 837 1208 κυδαλίμοιο

129 1226 261 1303 οὔτασεν,
278 1228 346 1290 οὔδέ
361 1227 469 1309 διαπρδ
484 1226 634 1306 δυνήσατο
648 1229 767 1313 χαλκὸν
782 1229 926 1293 ἐλάσσαι·

128 1331 234 1412 ἔσχεθε
248 1333 307 1412 γδρ
323 1328 416 1396 σάκος
432 1330 509 1411 εὔρῦ,
527 1330 717 1411 κατεκλάσθη
734 1329 762 1396 δ’
776 1333 821 1399 ἐνὶ
837 1331 937 1417 καυλῷ

128 1433 223 1516 ἔγχος·
245 1435 262 1496 ό
277 1436 310 1497 δὲ
325 1433 437 1515 φρεσὶν
449 1430 504 1518 ᾗσι
518 1433 595 1517 χάρη
613 1435 662 1499 καὶ
677 1435 804 1500 ἐέλπετο
819 1437 914 1515 νίκην.

128 1533 277 1616 Ἀτρείδης
291 1537 325 1599 δέ
338 1533 543 1617 ἐρυσσάμενος
558 1534 647 1618 ξίφος
662 1539 850 1621 ἀργυρόηλον
1015 1549 1065 1600 610

126 1638 189 1701 ἆλτ’
207 1639 257 1705 ἐπὶ
272 1635 462 1723 Πεισάνδρῳ·
486 1640 503 1702 ὁ
517 1638 543 1704 δ’
558 1637 608 1703 ὑπ’
624 1641 753 1707 ἀσπίδος
768 1643 868 1706 είλετο
884 1639 980 1721 καλὴν

127 1740 228 1821 ἀξίνην
244 1741 401 1824 εὔχαλκον,
418 1740 528 1827 ἐλαΐνῳ
545 1743 622 1823 ἀμφὶ
638 1741 784 1828 πελέκκιρ,
1062 1741 1066 1752 '

125 1847 224 1932 μακρῷ
241 1842 383 1928 ἐϋξέστῳ·
406 1843 467 1922 άμα
481 1841 508 1908 δ’
523 1843 669 1923 ἀλλήλων
683 1846 836 1927 ἐφίκοντο.

125 1949 143 2028 ἦ
156 1974 203 2012 τοι
219 1949 235 2011 δ
249 1948 306 2027 μὲν
320 1947 444 2028 κόρυθος
457 1945 560 2028 φάλον
574 1946 692 2025 ἤλασεν
708 1949 906 2027 ἱπποδασείης

124 2053 214 2136 ἄκρον
228 2050 287 2116 ὑπὸ
301 2051 402 2131 λόφον
417 2049 515 2129 αὐτόν,
531 2051 547 2114 δ
563 2051 595 2114 δέ
610 2051 777 2131 προσιόντα
791 2049 930 2131 μέτωπον
1016 2061 1064 2125 615

122 2155 204 2239 ῥινὸς
217 2155 293 2234 ὔπερ
307 2151 450 2232 πυμάτης·
473 2151 549 2217 λάκε
563 2151 588 2216 δ’
606 2150 707 2228 ὀστέα,
724 2151 765 2216 τὸ
782 2152 815 2216 δέ
830 2155 859 2216 οἱ
875 2154 952 2216 όσσε

123 2259 183 2340 πὰρ
200 2257 294 2322 ποσὶν
312 2255 491 2336 αἱματόεντα
505 2255 601 2338 χαμαὶ
614 2253 712 2319 πέσον
727 2257 760 2319 ἐν
775 2255 921 2341 κονίῃσιν,

123 2362 232 2439 ἰδνώθη
249 2362 281 2424 δέ
297 2358 409 2422 πεσών·
432 2359 448 2422 δ
464 2360 496 2423 δὲ
511 2354 574 2435 λὰξ
588 2359 621 2420 ἐν
636 2351 764 2433 στήθεσι
778 2353 896 2434 βαίνων

121 2463 232 2549 τεύχεά
245 2461 270 2527 τ’
287 2459 440 2542 ἐξενάριξε
454 2460 503 2522 καὶ
519 2458 680 2542 εὐχόμενος
695 2459 767 2526 ἔπος
781 2459 866 2539 ηὔδα·

122 2576 140 2603 “
149 2564 277 2649 λείψετέ
292 2569 348 2643 θην
362 2565 439 2627 οὔτω
452 2587 489 2644 γε
504 2561 572 2628 νέας
588 2569 718 2626 Δαναῶν
734 2564 932 2647 ταχυπώλων,
1014 2574 1065 2624 620

120 2677 223 2754 Τρῶες
237 2668 431 2749 ὑπερφίαλοι,
445 2667 543 2742 δεινῆς
559 2666 699 2746 ἀκόρητοι
715 2667 813 2746 ἆῦτῆς,

120 2776 221 2854 άλλης
235 2773 291 2853 μὲν
304 2771 411 2849 λώβης
425 2793 458 2833 τε
474 2769 523 2832 καὶ
538 2770 663 2852 αἴσχεος
678 2769 731 2832 οὔκ
747 2770 903 2844 ἐπιδευεῖς,

117 2876 158 2957 ἣν
173 2878 227 2957 ἐμὲ
241 2871 442 2954 λωβήσασθε,
458 2872 545 2935 κακαὶ
560 2871 654 2945 κόνες,
671 2870 740 2935 οὔδέ
756 2895 784 2936 τι
800 2871 882 2956 θυμῷ

119 2979 220 3060 Ζηνὸς
235 2974 433 3061 ἐριβρεμέτεω
448 2973 589 3058 χαλεπὴν
604 2970 738 3037 ἐδείσατε
751 2971 843 3050 μῆνιν

117 3083 242 3164 ξεινίου,
259 3078 292 3146 ός
303 3075 336 3142 τέ
347 3075 414 3142 ποτ’
427 3077 500 3157 ὔμμι
515 3075 693 3158 διαφθέρσει
709 3076 802 3139 πόλιν
817 3071 919 3152 αίπήν·
1014 3085 1064 3150 ⁶25

116 3193 149 3251 οἵ
161 3211 220 3266 μευ
236 3180 387 3264 κουριδίην
401 3180 518 3263 θλοχον
532 3181 582 3244 καί
598 3177 731 3259 κτήματα
745 3180 848 3241 πολλὰ

114 3292 189 3370 μὰψ
206 3285 325 3368 οἴχεσθ’
342 3282 512 3365 ἀνάγοντες,
529 3283 595 3348 ἐπεὶ
610 3279 757 3364 φιλέεσθε
773 3279 840 3361 παρ’
857 3277 941 3366 αὐτῇ·

115 3399 171 3458 νῦν
187 3389 252 3456 οὔτ’
270 3392 304 3454 ἐν
318 3388 424 3466 νηυσὶν
438 3387 609 3467 μενεαίνετε
625 3384 843 3466 ποντοπόροισι

113 3502 175 3578 πῦρ
191 3491 289 3558 ὅλαδν
302 3489 441 3572 βαλέειν,
457 3493 569 3553 κτεῖναι
583 3485 610 3552 δ’
625 3487 724 3571 ήρωος
737 3485 891 3569 Ἀχαιούς.

113 3597 202 3663 ἀλλά
216 3599 291 3661 ποθι
308 3590 466 3675 σχήσεσθε
484 3587 532 3654 καὶ
547 3590 711 3674 ἐσοῦμενοί
723 3613 779 3669 περ
790 3587 912 3670 Ἀρηος.
1013 3600 1063 3662 630

113 3706 176 3768 Ζεῦ
192 3699 301 3779 πάτερ,
318 3694 337 3776 ἦ
352 3692 386 3758 τέ
401 3692 438 3758 σέ
453 3702 531 3776 φασι
547 3693 615 3773 περὶ
630 3690 742 3773 φρένας
758 3692 882 3772 ἔμμεναι
898 3690 1010 3764 ἄλλων,

568 3802 595 3851 K
611 3807 630 3869 3
