2874 4234
531 375 563 435 4.
585 360 820 420 οοπςνπιλυ
851 363 889 420 Δ.
1112 355 1174 438 569

231 523 346 590 εὐνάσω
362 524 470 605 ἑξείης·
494 526 533 591 σὺ
548 525 574 591 δ’
590 526 624 591 ἐθ
644 529 801 609 κρίνασθαι
819 528 953 606 ἓταίρονς

230 635 320 709 τρεῖς,
337 631 369 694 οἵ
381 655 427 694 τοι
442 631 522 711 παρὰ
538 633 645 709 νηυσὶν
660 631 878 708 ἐῦσσέλμοισιν
893 629 1019 708 άριστοι.

230 732 329 795 πάντα
343 731 377 798 δέ
390 759 436 797 τοι
452 735 525 816 ἐρέω
541 735 680 814 ὀλοφώϊα
694 741 759 798 τοῖο
773 733 921 816 γέροντος.
1127 761 1184 811 4¹0·

231 839 336 916 φόκας
350 837 466 915 μέντοι
481 842 600 918 πρῶτον
612 837 772 918 ἀριθμήσει
788 834 835 900 καὶ
852 837 979 901 ἔπεισιν·

232 939 324 1021 αιἰτάρ
341 940 417 1015 ἐπὴν
431 939 533 1006 πάσας
548 939 761 1021 πεμπάσσεται
775 937 827 1017 ήδέ
842 940 950 1018 ίδηται,

231 1041 353 1120 λέξεται
368 1044 401 1106 ἐν
415 1042 560 1129 μέσσῃσι,
576 1043 682 1118 νομεὺς
697 1045 736 1110 ὣς
752 1044 849 1107 πύεσι
864 1041 979 1124 μήλων.
1016 1075 1018 1080 ’

232 1151 284 1209 τδν
298 1149 354 1225 μέν
369 1148 445 1226 ἐπὴν
460 1147 495 1224 δὴ
515 1155 617 1226 πρῶτα
633 1147 979 1225 κατευνηθέντα-ἴδησθε,

236 1247 284 1313 καὶ
299 1251 360 1313 τότ’
372 1248 468 1315 ἔπειθ’
482 1253 552 1331 ύμῖν
566 1253 683 1332 μελέτω
700 1251 806 1331 κάρτος
820 1275 853 1314 τε
868 1253 924 1330 βίη
939 1277 982 1328 τε,
1130 1277 1179 1328 4¹⁵

233 1354 301 1418 αάθι
316 1351 342 1417 δ’
354 1355 593 1436 ἔχεινμεμαῶτα
609 1356 657 1418 καὶ
673 1355 842 1434 ἐσσύμενόν
856 1379 911 1434 περ
927 1353 1044 1434 ἀλύξαι.

233 1457 331 1522 πάντα
346 1460 379 1522 δέ
396 1461 574 1540 γιγνόμενος
589 1456 773 1539 πειρήσεται,
789 1455 860 1520 ὅσσ’
876 1455 925 1522 ἐπὶ
940 1463 1029 1540 γαῖαν

233 1557 342 1638 ἑρπετά
356 1561 512 1643 γίγνονται
527 1561 576 1624 καὶ
590 1562 668 1640 ὕδωρ
685 1562 733 1624 καὶ
749 1564 911 1626 θεσπιδαὲς
925 1567 992 1641 πῦρ·

232 1664 316 1740 ὑμεῖς
331 1662 357 1726 δ’
372 1663 549 1744 ἀστεμφέως
566 1662 675 1746 ἐχέμεν
685 1666 805 1745 μᾶλλόν
820 1655 853 1726 τε
868 1664 989 1741 πιέζειν.

234 1764 304 1830 ἀλλ’
319 1768 370 1831 ὅτε
386 1793 437 1830 κεν
451 1765 533 1846 δή·σ’
549 1767 636 1834 αὐτὸς
652 1768 803 1847 άνείρηται
820 1767 956 1845 ἐπέεσσι,
1131 1797 1182 1848 420

233 1875 314 1936 τοῖος
329 1872 387 1936 ἐὼν
401 1872 467 1935 οἶόν
483 1897 516 1934 κε
532 1871 748 1948 κατευνηθέντα
763 1871 878 1949 ίδησθε,

234 1972 282 2037 καὶ
298 1975 365 2037 τότε
381 1975 417 2053 δὴ
433 1973 567 2056 σχέσθαι
582 2000 615 2037 τε
630 1973 702 2052 βίης
717 1974 812 2036 λῦσαί
824 1998 857 2036 τε
874 1971 1012 2054 γέροντα,

233 2077 321 2159 ἥρως,
334 2080 467 2157 εἴρεσθαι
483 2080 515 2140 δὲ
532 2081 609 2140 θεῶυ
623 2077 657 2142 ὅς
671 2078 717 2142 τίς
733 2103 770 2140 σε
785 2076 942 2160 χαλέπτει,

234 2183 345 2246 νόστον
363 2179 398 2257 θ’,
414 2181 453 2247 ὣς
465 2178 515 2244 ἐπὶ
531 2181 642 2244 πόντον
658 2180 798 2243 ἐλεύσεαι
819 2181 985 2262 ἰχθυόεντα.

235 2285 275 2350 ὣς
290 2282 406 2348 εἶποΰσ’
420 2286 478 2347 ύπδ
493 2285 604 2348 πόντον
619 2285 742 2348 ἐδύσετο
758 2284 945 2362 κυμαίνοντα.
1133 2314 1181 2364 4²5

234 2387 327 2469 αὐτὰρ
343 2389 420 2470 ἐγδν
436 2385 486 2452 ἐπὶ
503 2390 585 2465 νῆας,
602 2385 647 2450 ὅθ’
662 2387 797 2450 ἕστασαν
812 2389 844 2450 ἐν
861 2385 1062 2468 ψαμάθοισιν,

235 2491 295 2570 ἤϊα·
318 2491 421 2554 πολλὰ
436 2492 471 2557 δέ
484 2517 536 2568 μοι
552 2492 655 2572 κραδίη
671 2491 806 2571 πόρφυρε
822 2491 926 2554 κιόντι.

236 2596 327 2675 αὐτὰρ
343 2597 413 2659 ἐπεί
423 2592 455 2676 ῤ’
471 2596 521 2659 ἐπὶ
536 2599 594 2673 νῆα
609 2593 778 2672 κατήλυθον
794 2594 845 2672 ήδέ
862 2595 1031 2672 θάλασσαν,

236 2700 349 2778 δόρπον
364 2696 391 2761 θ’
407 2694 610 2778 ὁπλισάμεσθ’
612 2746 619 2773 ,
636 2699 688 2761 ἐπί
700 2696 725 2758 τ’
739 2697 853 2776 ἤλυθεν
864 2699 1017 2777 ἀμβροσίη
1034 2696 1097 2777 νύξ·

237 2800 273 2879 δη
289 2802 357 2864 τότε
373 2799 557 2881 κοιμήθημεν
573 2798 623 2863 ε’πί
634 2803 755 2883 ῥηγμῖνι
772 2801 941 2879 θαλάσσης.
1132 2829 1184 2877 430

237 2903 311 2986 ήμος
326 2903 351 2968 δ’
367 2905 517 2986 ἠριγένεια
533 2905 613 2984 φάνη
628 2903 846 2985 ῥοδοδάκτυλος
859 2903 949 2981 Ἠιύς,

238 3009 287 3070 καὶ
301 3008 369 3070 τότε
384 3009 420 3086 δὴ
436 3011 517 3088 παρὰ
533 3013 601 3071 θῖνα
617 3006 775 3086 θαλάσσης
791 3008 967 3089 εὐρυπόροιο

236 3110 287 3189 ἤϊα
302 3109 404 3175 πολλά
418 3113 503 3177 θεοὺς
518 3112 723 3193 γουνούμενος·
746 3112 838 3191 αὐτὰρ
851 3113 984 3192 ἑταίρους

237 3219 316 3294 τρεῖς
331 3215 416 3296 άγον,
431 3217 496 3279 οῖσι
510 3215 645 3294 μάλιστα
660 3217 805 3279 πεποίθεα
821 3220 924 3278 πᾶσαν
940 3213 986 3278 ἐπ’
1001 3215 1075 3280 ι’θύν.

280 3319 389 3399 Τόφρα
404 3316 429 3382 δ’
444 3317 489 3400 ἄρ’
504 3319 524 3398 ἥ
538 3315 567 3402 γ’
581 3320 718 3382 ὑποδῦσα
733 3316 892 3396 θαλάσσης
908 3319 994 3398 εὐρέα
1010 3321 1131 3394 κόλπον,

237 3420 371 3502 τέσσαρα
386 3423 516 3502 φωκάων
530 3424 563 3486 ἐκ
579 3423 690 3486 πόντου
705 3420 822 3502 δέρματ’
838 3425 941 3487 ἔνεικε·
1133 3437 1185 3501 43⁶

239 3524 337 3591 πάντα
353 3524 377 3590 δ’
394 3527 468 3590 ἐσαν
483 3527 634 3608 νεόδαρτα·
657 3527 750 3590 δόλον
765 3525 790 3590 δ’
805 3524 969 3604 ἐπεμήδετο
985 3528 1083 3607 πατρί.

238 3628 325 3696 εὐνάς
340 3626 366 3694 δ’
382 3632 415 3694 ἐν
430 3631 600 3710 ψαμάθοισι
617 3627 805 3712 διαγλάψοσ’
821 3631 944 3715 ἁλίῃσιν

238 3734 314 3813 ἧστο
328 3730 462 3815 μένουσ’·
485 3733 570 3815 ἡμεῖς
585 3738 618 3798 δὲ
632 3733 716 3812 μάλα
730 3731 844 3816 σχεδδν
859 3733 991 3815 ἤλθομεν
1007 3733 1106 3810 αὐτῆς·
