<?xml version="1.0" encoding="UTF-8"?>
<!DOCTYPE html PUBLIC "-//W3C//DTD XHTML 1.0 Transitional//EN"
    "http://www.w3.org/TR/xhtml1/DTD/xhtml1-transitional.dtd">
<html xmlns="http://www.w3.org/1999/xhtml" xml:lang="en" lang="en">
 <head>
  <title>
</title>
<meta http-equiv="Content-Type" content="text/html;charset=utf-8" />
  <meta name='ocr-system' content='tesseract 3.04.00' />
  <meta name='ocr-capabilities' content='ocr_page ocr_carea ocr_par ocr_line ocrx_word'/>
</head>
<body>
  <div class='ocr_page' id='page_1' title='image "./homerioperaetre00homegoog_0867.png"; bbox 0 0 2758 4228; ppageno 0'>
   <div class='ocr_carea' id='block_1_1' title="bbox 263 325 932 390">
    <p class='ocr_par' dir='ltr' id='par_1_1' title="bbox 263 325 932 390">
     <span class='ocr_line' id='line_1_1' title="bbox 263 325 932 390; baseline -0.006 -4"><span class='ocrx_word' id='word_1_1' title='bbox 263 325 324 390; x_wconf 80' lang='lat'>862</span> <span class='ocrx_word' id='word_1_2' title='bbox 560 341 609 388; x_wconf 78' lang='lat'>22.</span> <span class='ocrx_word' id='word_1_3' title='bbox 634 326 867 388; x_wconf 74' lang='grc' dir='ltr'><strong>ΟΔὙΣΣΕΙΑΣ</strong></span> <span class='ocrx_word' id='word_1_4' title='bbox 895 326 932 383; x_wconf 87' lang='grc' dir='ltr'>Χ.</span> 
     </span>
    </p>
   </div>
   <div class='ocr_carea' id='block_1_2' title="bbox 260 492 1211 1200">
    <p class='ocr_par' dir='ltr' id='par_1_2' title="bbox 261 492 1029 574">
     <span class='ocr_line' id='line_1_2' title="bbox 261 492 1029 574; baseline -0.005 -13"><span class='ocrx_word' id='word_1_5' title='bbox 261 494 394 561; x_wconf 82' lang='grc' dir='ltr'>πάντοσε</span> <span class='ocrx_word' id='word_1_6' title='bbox 408 494 624 558; x_wconf 78' lang='grc' dir='ltr'>παπταίνοντες</span> <span class='ocrx_word' id='word_1_7' title='bbox 640 492 800 572; x_wconf 75' lang='grc' dir='ltr'>ἐϋδμήτους</span> <span class='ocrx_word' id='word_1_8' title='bbox 817 494 886 556; x_wconf 83' lang='grc' dir='ltr'>ποτὶ</span> <span class='ocrx_word' id='word_1_9' title='bbox 902 492 1029 574; x_wconf 79' lang='grc' dir='ltr'>τοίχους·</span> 
     </span>
    </p>

    <p class='ocr_par' dir='ltr' id='par_1_3' title="bbox 261 593 1211 781">
     <span class='ocr_line' id='line_1_3' title="bbox 261 593 1211 682; baseline -0.012 -21"><span class='ocrx_word' id='word_1_10' title='bbox 261 597 329 661; x_wconf 87' lang='grc' dir='ltr'>σιίδέ</span> <span class='ocrx_word' id='word_1_11' title='bbox 345 621 385 682; x_wconf 83' lang='grc' dir='ltr'>πῃ</span> <span class='ocrx_word' id='word_1_12' title='bbox 402 593 494 662; x_wconf 84' lang='grc' dir='ltr'>ἀσπὶς</span> <span class='ocrx_word' id='word_1_13' title='bbox 511 596 563 673; x_wconf 83' lang='grc' dir='ltr'>ἔην</span> <span class='ocrx_word' id='word_1_14' title='bbox 579 593 639 659; x_wconf 88' lang='grc' dir='ltr'>οὐδ’</span> <span class='ocrx_word' id='word_1_15' title='bbox 655 597 782 676; x_wconf 83' lang='grc' dir='ltr'>ἄλκιμον</span> <span class='ocrx_word' id='word_1_16' title='bbox 798 596 888 678; x_wconf 81' lang='grc' dir='ltr'>ἔγχος</span> <span class='ocrx_word' id='word_1_17' title='bbox 904 593 1039 659; x_wconf 80' lang='grc' dir='ltr'>ἑλέσθαι.</span> <span class='ocrx_word' id='word_1_18' title='bbox 1180 617 1191 650; x_wconf 86' lang='lat'>2</span> <span class='ocrx_word' id='word_1_19' title='bbox 1197 617 1211 665; x_wconf 88' lang='lat'><strong>5</strong></span> 
     </span>
     <span class='ocr_line' id='line_1_4' title="bbox 261 698 929 781; baseline -0.006 -15"><span class='ocrx_word' id='word_1_20' title='bbox 261 701 387 766; x_wconf 85' lang='grc' dir='ltr'>νείκειον</span> <span class='ocrx_word' id='word_1_21' title='bbox 403 699 428 763; x_wconf 91' lang='grc' dir='ltr'>δ’</span> <span class='ocrx_word' id='word_1_22' title='bbox 444 699 578 778; x_wconf 79' lang='grc' dir='ltr'>Ὀδυσῆα</span> <span class='ocrx_word' id='word_1_23' title='bbox 593 704 776 781; x_wconf 83' lang='grc' dir='ltr'>χολωτοῖσιν</span> <span class='ocrx_word' id='word_1_24' title='bbox 792 698 929 763; x_wconf 83' lang='grc' dir='ltr'>ἐπέεσσι·</span> 
     </span>
    </p>

    <p class='ocr_par' dir='ltr' id='par_1_4' title="bbox 260 799 1035 884">
     <span class='ocr_line' id='line_1_5' title="bbox 260 799 1035 884; baseline -0.006 -15"><span class='ocrx_word' id='word_1_25' title='bbox 260 809 277 838; x_wconf 86' lang='lat'><strong>“</strong></span> <span class='ocrx_word' id='word_1_26' title='bbox 289 803 377 882; x_wconf 84' lang='grc' dir='ltr'>ξεῖνε,</span> <span class='ocrx_word' id='word_1_27' title='bbox 394 807 490 868; x_wconf 83' lang='grc' dir='ltr'>κακῶς</span> <span class='ocrx_word' id='word_1_28' title='bbox 507 805 622 884; x_wconf 81' lang='grc' dir='ltr'>ἀνδρῶν</span> <span class='ocrx_word' id='word_1_29' title='bbox 636 801 783 882; x_wconf 80' lang='grc' dir='ltr'>τοξάζεαι·</span> <span class='ocrx_word' id='word_1_30' title='bbox 807 799 903 866; x_wconf 78' lang='grc' dir='ltr'>οὐκέτ’</span> <span class='ocrx_word' id='word_1_31' title='bbox 918 800 1035 864; x_wconf 88' lang='grc' dir='ltr'>ἀέθλων</span> 
     </span>
    </p>

    <p class='ocr_par' dir='ltr' id='par_1_5' title="bbox 261 905 1012 985">
     <span class='ocr_line' id='line_1_6' title="bbox 261 905 1012 985; baseline -0.005 -15"><span class='ocrx_word' id='word_1_32' title='bbox 261 907 365 970; x_wconf 81' lang='grc' dir='ltr'>ἄλλων</span> <span class='ocrx_word' id='word_1_33' title='bbox 381 907 542 973; x_wconf 87' lang='grc' dir='ltr'>ἀντιάσεις·</span> <span class='ocrx_word' id='word_1_34' title='bbox 567 912 619 971; x_wconf 81' lang='grc' dir='ltr'>νῦν</span> <span class='ocrx_word' id='word_1_35' title='bbox 634 931 680 969; x_wconf 89' lang='grc' dir='ltr'>τοι</span> <span class='ocrx_word' id='word_1_36' title='bbox 695 911 758 972; x_wconf 86' lang='grc' dir='ltr'>σῶς</span> <span class='ocrx_word' id='word_1_37' title='bbox 773 905 862 972; x_wconf 80' lang='grc' dir='ltr'>αίπὺς</span> <span class='ocrx_word' id='word_1_38' title='bbox 878 907 1012 985; x_wconf 85' lang='grc' dir='ltr'>ὄλεθρος.</span> 
     </span>
    </p>

    <p class='ocr_par' dir='ltr' id='par_1_6' title="bbox 261 1006 1061 1092">
     <span class='ocr_line' id='line_1_7' title="bbox 261 1006 1061 1092; baseline -0.001 -18"><span class='ocrx_word' id='word_1_39' title='bbox 261 1007 309 1074; x_wconf 78' lang='grc' dir='ltr'>καὶ</span> <span class='ocrx_word' id='word_1_40' title='bbox 326 1014 383 1092; x_wconf 86' lang='grc' dir='ltr'>γάρ</span> <span class='ocrx_word' id='word_1_41' title='bbox 398 1011 434 1089; x_wconf 77' lang='grc' dir='ltr'>δή</span> <span class='ocrx_word' id='word_1_42' title='bbox 450 1016 502 1074; x_wconf 80' lang='grc' dir='ltr'>νῦν</span> <span class='ocrx_word' id='word_1_43' title='bbox 518 1015 605 1091; x_wconf 83' lang='grc' dir='ltr'>φῶτα</span> <span class='ocrx_word' id='word_1_44' title='bbox 618 1009 793 1076; x_wconf 83' lang='grc' dir='ltr'>κατέκτανες</span> <span class='ocrx_word' id='word_1_45' title='bbox 810 1008 842 1075; x_wconf 87' lang='grc' dir='ltr'>δς</span> <span class='ocrx_word' id='word_1_46' title='bbox 857 1008 923 1090; x_wconf 90' lang='grc' dir='ltr'>μέγ’</span> <span class='ocrx_word' id='word_1_47' title='bbox 939 1006 1061 1090; x_wconf 83' lang='grc' dir='ltr'>ἀριστος</span> 
     </span>
    </p>

    <p class='ocr_par' dir='ltr' id='par_1_7' title="bbox 261 1109 1211 1200">
     <span class='ocr_line' id='line_1_8' title="bbox 261 1109 1211 1200; baseline -0.006 -23"><span class='ocrx_word' id='word_1_48' title='bbox 261 1113 373 1195; x_wconf 82' lang='grc' dir='ltr'>κούρων</span> <span class='ocrx_word' id='word_1_49' title='bbox 389 1115 433 1178; x_wconf 80' lang='grc' dir='ltr'>εἰν</span> <span class='ocrx_word' id='word_1_50' title='bbox 448 1112 558 1200; x_wconf 82' lang='grc' dir='ltr'>Ἰθάκῃ·</span> <span class='ocrx_word' id='word_1_51' title='bbox 585 1113 626 1196; x_wconf 73' lang='grc' dir='ltr'>τῷ</span> <span class='ocrx_word' id='word_1_52' title='bbox 641 1112 669 1174; x_wconf 88' lang='grc' dir='ltr'>σ’</span> <span class='ocrx_word' id='word_1_53' title='bbox 689 1112 793 1178; x_wconf 90' lang='grc' dir='ltr'>ἐνθάδε</span> <span class='ocrx_word' id='word_1_54' title='bbox 807 1118 900 1192; x_wconf 82' lang='grc' dir='ltr'>γῦπες</span> <span class='ocrx_word' id='word_1_55' title='bbox 918 1109 1064 1176; x_wconf 84' lang='grc' dir='ltr'>ἔδονται.”</span> <span class='ocrx_word' id='word_1_56' title='bbox 1177 1138 1211 1186; x_wconf 76' lang='lat'>30</span> 
     </span>
    </p>
   </div>
   <div class='ocr_carea' id='block_1_3' title="bbox 261 1213 1213 3782">
    <p class='ocr_par' dir='ltr' id='par_1_8' title="bbox 261 1213 1212 2334">
     <span class='ocr_line' id='line_1_9' title="bbox 299 1213 1111 1298; baseline -0.002 -18"><span class='ocrx_word' id='word_1_57' title='bbox 299 1217 402 1282; x_wconf 84' lang='grc' dir='ltr'>Ἴσκεν</span> <span class='ocrx_word' id='word_1_58' title='bbox 417 1218 544 1284; x_wconf 75' lang='grc' dir='ltr'>ἕκαστος</span> <span class='ocrx_word' id='word_1_59' title='bbox 561 1214 647 1298; x_wconf 88' lang='grc' dir='ltr'>ἀνήρ,</span> <span class='ocrx_word' id='word_1_60' title='bbox 662 1214 727 1281; x_wconf 76' lang='grc' dir='ltr'>ἐπεὶ</span> <span class='ocrx_word' id='word_1_61' title='bbox 743 1218 759 1292; x_wconf 79' lang='grc' dir='ltr'>ἢ</span> <span class='ocrx_word' id='word_1_62' title='bbox 776 1216 882 1296; x_wconf 81' lang='grc' dir='ltr'>φάσαν</span> <span class='ocrx_word' id='word_1_63' title='bbox 898 1215 949 1279; x_wconf 90' lang='grc' dir='ltr'>οὑκ</span> <span class='ocrx_word' id='word_1_64' title='bbox 966 1213 1111 1279; x_wconf 83' lang='grc' dir='ltr'>ἐθέλοντα</span> 
     </span>
     <span class='ocr_line' id='line_1_10' title="bbox 261 1319 1013 1406; baseline -0.004 -19"><span class='ocrx_word' id='word_1_65' title='bbox 261 1325 352 1406; x_wconf 88' lang='grc' dir='ltr'>ἀνδρα</span> <span class='ocrx_word' id='word_1_66' title='bbox 368 1327 566 1387; x_wconf 82' lang='grc' dir='ltr'>κατακτεῖναι·</span> <span class='ocrx_word' id='word_1_67' title='bbox 590 1328 623 1384; x_wconf 87' lang='grc' dir='ltr'>τὸ</span> <span class='ocrx_word' id='word_1_68' title='bbox 640 1324 672 1385; x_wconf 82' lang='grc' dir='ltr'>δέ</span> <span class='ocrx_word' id='word_1_69' title='bbox 689 1319 788 1400; x_wconf 80' lang='grc' dir='ltr'>νήπιοι</span> <span class='ocrx_word' id='word_1_70' title='bbox 805 1322 856 1385; x_wconf 88' lang='grc' dir='ltr'>οὑκ</span> <span class='ocrx_word' id='word_1_71' title='bbox 872 1320 1013 1396; x_wconf 85' lang='grc' dir='ltr'>ἐνόησαν,</span> 
     </span>
     <span class='ocr_line' id='line_1_11' title="bbox 261 1422 1035 1508; baseline -0.009 -17"><span class='ocrx_word' id='word_1_72' title='bbox 261 1428 300 1494; x_wconf 82' lang='grc' dir='ltr'>ἀς</span> <span class='ocrx_word' id='word_1_73' title='bbox 315 1426 351 1506; x_wconf 90' lang='grc' dir='ltr'>δή</span> <span class='ocrx_word' id='word_1_74' title='bbox 368 1433 445 1508; x_wconf 89' lang='grc' dir='ltr'>σφιν</span> <span class='ocrx_word' id='word_1_75' title='bbox 460 1422 509 1489; x_wconf 79' lang='grc' dir='ltr'>καὶ</span> <span class='ocrx_word' id='word_1_76' title='bbox 525 1430 620 1489; x_wconf 81' lang='grc' dir='ltr'>πᾶσιν</span> <span class='ocrx_word' id='word_1_77' title='bbox 635 1425 762 1507; x_wconf 84' lang='grc' dir='ltr'>ὀλέθρου</span> <span class='ocrx_word' id='word_1_78' title='bbox 777 1423 890 1506; x_wconf 84' lang='grc' dir='ltr'>πείρατ’</span> <span class='ocrx_word' id='word_1_79' title='bbox 907 1425 1035 1504; x_wconf 82' lang='grc' dir='ltr'>ἐφῆπτο.</span> 
     </span>
     <span class='ocr_line' id='line_1_12' title="bbox 261 1525 1184 1610; baseline -0.001 -18"><span class='ocrx_word' id='word_1_80' title='bbox 261 1533 329 1596; x_wconf 82' lang='grc' dir='ltr'>τοὺς</span> <span class='ocrx_word' id='word_1_81' title='bbox 345 1527 370 1593; x_wconf 91' lang='grc' dir='ltr'>δ’</span> <span class='ocrx_word' id='word_1_82' title='bbox 384 1525 430 1610; x_wconf 88' lang='grc' dir='ltr'>ἀρ’</span> <span class='ocrx_word' id='word_1_83' title='bbox 446 1531 561 1609; x_wconf 86' lang='grc' dir='ltr'>ὑπόδρα</span> <span class='ocrx_word' id='word_1_84' title='bbox 577 1529 648 1592; x_wconf 83' lang='grc' dir='ltr'>ἰδὼν</span> <span class='ocrx_word' id='word_1_85' title='bbox 664 1528 804 1610; x_wconf 76' lang='grc' dir='ltr'>προσέφη</span> <span class='ocrx_word' id='word_1_86' title='bbox 824 1527 989 1605; x_wconf 82' lang='grc' dir='ltr'>πολύμητις</span> <span class='ocrx_word' id='word_1_87' title='bbox 1005 1525 1184 1591; x_wconf 79' lang='grc' dir='ltr'>Ὀδυσσεύς·</span> 
     </span>
     <span class='ocr_line' id='line_1_13' title="bbox 261 1627 1171 1712; baseline -0.005 -16"><span class='ocrx_word' id='word_1_88' title='bbox 261 1631 315 1696; x_wconf 65' lang='lat'>“33</span> <span class='ocrx_word' id='word_1_89' title='bbox 332 1632 426 1710; x_wconf 87' lang='grc' dir='ltr'>κόνες,</span> <span class='ocrx_word' id='word_1_90' title='bbox 443 1630 478 1693; x_wconf 88' lang='grc' dir='ltr'>οὑ</span> <span class='ocrx_word' id='word_1_91' title='bbox 492 1629 521 1711; x_wconf 88' lang='grc' dir='ltr'>μ’</span> <span class='ocrx_word' id='word_1_92' title='bbox 538 1630 577 1694; x_wconf 82' lang='grc' dir='ltr'>ἔτ’</span> <span class='ocrx_word' id='word_1_93' title='bbox 594 1631 739 1712; x_wconf 82' lang='grc' dir='ltr'>ἐφάσκεθ’</span> <span class='ocrx_word' id='word_1_94' title='bbox 755 1632 924 1711; x_wconf 82' lang='grc' dir='ltr'>ὑπότροπον</span> <span class='ocrx_word' id='word_1_95' title='bbox 940 1629 1034 1695; x_wconf 78' lang='grc' dir='ltr'>οἴκαδ’</span> <span class='ocrx_word' id='word_1_96' title='bbox 1052 1627 1171 1693; x_wconf 78' lang='grc' dir='ltr'>ἱκέσθαι</span> 
     </span>
     <span class='ocr_line' id='line_1_14' title="bbox 261 1733 1212 1818; baseline -0.007 -17"><span class='ocrx_word' id='word_1_97' title='bbox 261 1736 354 1818; x_wconf 90' lang='grc' dir='ltr'>δήμου</span> <span class='ocrx_word' id='word_1_98' title='bbox 369 1734 429 1801; x_wconf 88' lang='grc' dir='ltr'>άτο</span> <span class='ocrx_word' id='word_1_99' title='bbox 444 1735 564 1816; x_wconf 84' lang='grc' dir='ltr'>Τρώων,</span> <span class='ocrx_word' id='word_1_100' title='bbox 580 1735 626 1798; x_wconf 86' lang='grc' dir='ltr'>ὅτι</span> <span class='ocrx_word' id='word_1_101' title='bbox 641 1760 691 1814; x_wconf 91' lang='grc' dir='ltr'>μοι</span> <span class='ocrx_word' id='word_1_102' title='bbox 708 1735 892 1815; x_wconf 85' lang='grc' dir='ltr'>κατεκείρετε</span> <span class='ocrx_word' id='word_1_103' title='bbox 908 1733 1000 1808; x_wconf 83' lang='grc' dir='ltr'>οἶκον,</span> <span class='ocrx_word' id='word_1_104' title='bbox 1179 1745 1212 1807; x_wconf 82' lang='lat'>3⁶</span> 
     </span>
     <span class='ocr_line' id='line_1_15' title="bbox 261 1837 951 1926; baseline -0.004 -21"><span class='ocrx_word' id='word_1_105' title='bbox 261 1840 396 1926; x_wconf 79' lang='grc' dir='ltr'>δμῳῇσιν</span> <span class='ocrx_word' id='word_1_106' title='bbox 411 1843 444 1903; x_wconf 82' lang='grc' dir='ltr'>δὲ</span> <span class='ocrx_word' id='word_1_107' title='bbox 460 1837 578 1923; x_wconf 80' lang='grc' dir='ltr'>γυναιῇ</span> <span class='ocrx_word' id='word_1_108' title='bbox 593 1837 817 1920; x_wconf 80' lang='grc' dir='ltr'>παρευνάζεσθε</span> <span class='ocrx_word' id='word_1_109' title='bbox 831 1838 951 1918; x_wconf 85' lang='grc' dir='ltr'>βιαίως,</span> 
     </span>
     <span class='ocr_line' id='line_1_16' title="bbox 261 1941 897 2024; baseline -0.008 -17"><span class='ocrx_word' id='word_1_110' title='bbox 261 1944 350 2007; x_wconf 83' lang='grc' dir='ltr'>αὑτοῦ</span> <span class='ocrx_word' id='word_1_111' title='bbox 365 1969 398 2008; x_wconf 88' lang='grc' dir='ltr'>τε</span> <span class='ocrx_word' id='word_1_112' title='bbox 414 1941 539 2021; x_wconf 80' lang='grc' dir='ltr'>ζώοντος</span> <span class='ocrx_word' id='word_1_113' title='bbox 555 1941 748 2020; x_wconf 81' lang='grc' dir='ltr'>ὑπεμνάασθε</span> <span class='ocrx_word' id='word_1_114' title='bbox 763 1947 897 2024; x_wconf 83' lang='grc' dir='ltr'>γυναῖκα,</span> 
     </span>
     <span class='ocr_line' id='line_1_17' title="bbox 262 2044 1047 2128; baseline -0.006 -16"><span class='ocrx_word' id='word_1_115' title='bbox 262 2049 328 2113; x_wconf 87' lang='grc' dir='ltr'>οὑτε</span> <span class='ocrx_word' id='word_1_116' title='bbox 344 2047 429 2114; x_wconf 84' lang='grc' dir='ltr'>θεοὺς</span> <span class='ocrx_word' id='word_1_117' title='bbox 444 2047 608 2121; x_wconf 89' lang='grc' dir='ltr'>δείσαντες,</span> <span class='ocrx_word' id='word_1_118' title='bbox 626 2045 655 2109; x_wconf 72' lang='grc' dir='ltr'>οἳ</span> <span class='ocrx_word' id='word_1_119' title='bbox 671 2046 796 2128; x_wconf 88' lang='grc' dir='ltr'>οὑρανδν</span> <span class='ocrx_word' id='word_1_120' title='bbox 813 2044 897 2126; x_wconf 80' lang='grc' dir='ltr'>εὐρὺν</span> <span class='ocrx_word' id='word_1_121' title='bbox 914 2044 1047 2126; x_wconf 82' lang='grc' dir='ltr'>ἔχουσιν,</span> 
     </span>
     <span class='ocr_line' id='line_1_18' title="bbox 262 2147 1211 2231; baseline -0.009 -15"><span class='ocrx_word' id='word_1_122' title='bbox 262 2153 330 2216; x_wconf 88' lang='grc' dir='ltr'>οὑτε</span> <span class='ocrx_word' id='word_1_123' title='bbox 348 2151 403 2216; x_wconf 86' lang='grc' dir='ltr'>τιν’</span> <span class='ocrx_word' id='word_1_124' title='bbox 419 2150 585 2231; x_wconf 77' lang='grc' dir='ltr'>ἀνθρώπων</span> <span class='ocrx_word' id='word_1_125' title='bbox 600 2149 722 2230; x_wconf 88' lang='grc' dir='ltr'>νέμεσιν</span> <span class='ocrx_word' id='word_1_126' title='bbox 738 2149 921 2212; x_wconf 89' lang='grc' dir='ltr'>κατόπισθεν</span> <span class='ocrx_word' id='word_1_127' title='bbox 939 2147 1075 2210; x_wconf 80' lang='grc' dir='ltr'>ἔσεσθαι·</span> <span class='ocrx_word' id='word_1_128' title='bbox 1178 2174 1211 2224; x_wconf 89' lang='lat'>40</span> 
     </span>
     <span class='ocr_line' id='line_1_19' title="bbox 262 2249 1024 2334; baseline -0.008 -14"><span class='ocrx_word' id='word_1_129' title='bbox 262 2262 314 2321; x_wconf 84' lang='grc' dir='ltr'>νῦν</span> <span class='ocrx_word' id='word_1_130' title='bbox 329 2257 398 2334; x_wconf 83' lang='grc' dir='ltr'>ὑμῖν</span> <span class='ocrx_word' id='word_1_131' title='bbox 415 2251 464 2317; x_wconf 83' lang='grc' dir='ltr'>καὶ</span> <span class='ocrx_word' id='word_1_132' title='bbox 480 2257 574 2318; x_wconf 81' lang='grc' dir='ltr'>πᾶσιν</span> <span class='ocrx_word' id='word_1_133' title='bbox 589 2252 716 2333; x_wconf 88' lang='grc' dir='ltr'>ὀλέθρου</span> <span class='ocrx_word' id='word_1_134' title='bbox 732 2250 845 2334; x_wconf 83' lang='grc' dir='ltr'>πείρατ’</span> <span class='ocrx_word' id='word_1_135' title='bbox 862 2249 1024 2331; x_wconf 83' lang='grc' dir='ltr'>ἐφήπτοι.”</span> 
     </span>
    </p>

    <p class='ocr_par' dir='ltr' id='par_1_9' title="bbox 264 2353 1169 2646">
     <span class='ocr_line' id='line_1_20' title="bbox 299 2353 1169 2439; baseline -0.008 -17"><span class='ocrx_word' id='word_1_136' title='bbox 299 2359 361 2424; x_wconf 86' lang='grc' dir='ltr'>Ὣς</span> <span class='ocrx_word' id='word_1_137' title='bbox 377 2357 465 2439; x_wconf 88' lang='grc' dir='ltr'>φάτο,</span> <span class='ocrx_word' id='word_1_138' title='bbox 480 2355 548 2422; x_wconf 84' lang='grc' dir='ltr'>τοὺς</span> <span class='ocrx_word' id='word_1_139' title='bbox 565 2353 589 2420; x_wconf 90' lang='grc' dir='ltr'>δ’</span> <span class='ocrx_word' id='word_1_140' title='bbox 604 2354 661 2437; x_wconf 84' lang='grc' dir='ltr'>ἀρα</span> <span class='ocrx_word' id='word_1_141' title='bbox 676 2357 789 2421; x_wconf 89' lang='grc' dir='ltr'>πάντας</span> <span class='ocrx_word' id='word_1_142' title='bbox 804 2357 862 2419; x_wconf 85' lang='grc' dir='ltr'>ὑπὸ</span> <span class='ocrx_word' id='word_1_143' title='bbox 876 2361 999 2439; x_wconf 87' lang='grc' dir='ltr'>χλωρὸν</span> <span class='ocrx_word' id='word_1_144' title='bbox 1015 2355 1081 2420; x_wconf 83' lang='grc' dir='ltr'>δέος</span> <span class='ocrx_word' id='word_1_145' title='bbox 1096 2355 1169 2418; x_wconf 77' lang='grc' dir='ltr'>εἷλε·</span> 
     </span>
     <span class='ocr_line' id='line_1_21' title="bbox 264 2453 1079 2549; baseline -0.005 -23"><span class='ocrx_word' id='word_1_146' title='bbox 264 2459 432 2549; x_wconf 88' lang='grc' dir='ltr'>[πάπτηνεν</span> <span class='ocrx_word' id='word_1_147' title='bbox 448 2463 480 2523; x_wconf 83' lang='grc' dir='ltr'>δὲ</span> <span class='ocrx_word' id='word_1_148' title='bbox 496 2463 623 2526; x_wconf 80' lang='grc' dir='ltr'>ἕκαστος</span> <span class='ocrx_word' id='word_1_149' title='bbox 638 2461 696 2546; x_wconf 82' lang='grc' dir='ltr'>ὅπῃ</span> <span class='ocrx_word' id='word_1_150' title='bbox 714 2459 807 2540; x_wconf 84' lang='grc' dir='ltr'>φάγοι</span> <span class='ocrx_word' id='word_1_151' title='bbox 823 2458 912 2523; x_wconf 83' lang='grc' dir='ltr'>αίτὺν</span> <span class='ocrx_word' id='word_1_152' title='bbox 928 2453 1079 2544; x_wconf 76' lang='grc' dir='ltr'>ὄλεθρον]</span> 
     </span>
     <span class='ocr_line' id='line_1_22' title="bbox 265 2552 1051 2646; baseline -0.005 -18"><span class='ocrx_word' id='word_1_153' title='bbox 265 2566 438 2646; x_wconf 83' lang='grc' dir='ltr'>Εὐρύμαχος</span> <span class='ocrx_word' id='word_1_154' title='bbox 454 2563 488 2627; x_wconf 90' lang='grc' dir='ltr'>δέ</span> <span class='ocrx_word' id='word_1_155' title='bbox 501 2588 552 2642; x_wconf 88' lang='grc' dir='ltr'>μιν</span> <span class='ocrx_word' id='word_1_156' title='bbox 568 2564 631 2629; x_wconf 76' lang='grc' dir='ltr'>οἶος</span> <span class='ocrx_word' id='word_1_157' title='bbox 647 2552 847 2644; x_wconf 84' lang='grc' dir='ltr'>ἀμειβόμενος</span> <span class='ocrx_word' id='word_1_158' title='bbox 862 2562 1051 2643; x_wconf 81' lang='grc' dir='ltr'>προσέειπεν·</span> 
     </span>
    </p>

    <p class='ocr_par' dir='ltr' id='par_1_10' title="bbox 262 2664 1210 2853">
     <span class='ocr_line' id='line_1_23' title="bbox 263 2664 1210 2749; baseline -0.006 -15"><span class='ocrx_word' id='word_1_159' title='bbox 263 2676 284 2705; x_wconf 86' lang='grc'><strong>“</strong></span> <span class='ocrx_word' id='word_1_160' title='bbox 295 2672 321 2734; x_wconf 81' lang='grc' dir='ltr'>εί</span> <span class='ocrx_word' id='word_1_161' title='bbox 336 2671 390 2749; x_wconf 77' lang='grc' dir='ltr'>μὲν</span> <span class='ocrx_word' id='word_1_162' title='bbox 406 2668 442 2747; x_wconf 76' lang='grc' dir='ltr'>δὴ</span> <span class='ocrx_word' id='word_1_163' title='bbox 458 2665 603 2734; x_wconf 86' lang='grc' dir='ltr'>Ὀδυσεὺς</span> <span class='ocrx_word' id='word_1_164' title='bbox 616 2665 786 2745; x_wconf 82' lang='grc' dir='ltr'>Ἰθακήσιος</span> <span class='ocrx_word' id='word_1_165' title='bbox 802 2664 992 2744; x_wconf 78' lang='grc' dir='ltr'>εἰλήλουθας,</span> <span class='ocrx_word' id='word_1_166' title='bbox 1178 2690 1210 2740; x_wconf 84' lang='lat'>45</span> 
     </span>
     <span class='ocr_line' id='line_1_24' title="bbox 262 2767 1035 2853; baseline -0.006 -17"><span class='ocrx_word' id='word_1_167' title='bbox 262 2779 355 2837; x_wconf 78' lang='grc' dir='ltr'>ταῦτα</span> <span class='ocrx_word' id='word_1_168' title='bbox 368 2775 425 2851; x_wconf 84' lang='grc' dir='ltr'>μέν</span> <span class='ocrx_word' id='word_1_169' title='bbox 439 2774 547 2851; x_wconf 80' lang='grc' dir='ltr'>αἴσιμα</span> <span class='ocrx_word' id='word_1_170' title='bbox 562 2771 657 2846; x_wconf 82' lang='grc' dir='ltr'>εἶπας,</span> <span class='ocrx_word' id='word_1_171' title='bbox 673 2771 733 2833; x_wconf 87' lang='grc' dir='ltr'>ὅσα</span> <span class='ocrx_word' id='word_1_172' title='bbox 748 2770 891 2853; x_wconf 80' lang='grc' dir='ltr'>ῥέζεσκον</span> <span class='ocrx_word' id='word_1_173' title='bbox 907 2767 1035 2852; x_wconf 87' lang='grc' dir='ltr'>Ἀχαιοί,</span> 
     </span>
    </p>

    <p class='ocr_par' dir='ltr' id='par_1_11' title="bbox 261 2869 1197 3164">
     <span class='ocr_line' id='line_1_25' title="bbox 262 2869 1197 2956; baseline -0.007 -15"><span class='ocrx_word' id='word_1_174' title='bbox 262 2875 365 2942; x_wconf 80' lang='grc' dir='ltr'>πολλὰ</span> <span class='ocrx_word' id='word_1_175' title='bbox 379 2879 435 2955; x_wconf 78' lang='grc' dir='ltr'>μὲν</span> <span class='ocrx_word' id='word_1_176' title='bbox 451 2877 483 2938; x_wconf 88' lang='grc' dir='ltr'>ἐν</span> <span class='ocrx_word' id='word_1_177' title='bbox 497 2873 673 2956; x_wconf 89' lang='grc' dir='ltr'>μεγάροισιν</span> <span class='ocrx_word' id='word_1_178' title='bbox 693 2872 861 2951; x_wconf 83' lang='grc' dir='ltr'>ἀτάσθαλα,</span> <span class='ocrx_word' id='word_1_179' title='bbox 877 2871 980 2936; x_wconf 83' lang='grc' dir='ltr'>πολλὰ</span> <span class='ocrx_word' id='word_1_180' title='bbox 996 2869 1021 2936; x_wconf 89' lang='grc' dir='ltr'>δ’</span> <span class='ocrx_word' id='word_1_181' title='bbox 1033 2869 1078 2935; x_wconf 88' lang='grc' dir='ltr'>ἐπ’</span> <span class='ocrx_word' id='word_1_182' title='bbox 1094 2873 1197 2953; x_wconf 83' lang='grc' dir='ltr'>ἀγροῦ.</span> 
     </span>
     <span class='ocr_line' id='line_1_26' title="bbox 263 2975 1047 3058; baseline -0.003 -16"><span class='ocrx_word' id='word_1_183' title='bbox 263 2977 333 3042; x_wconf 91' lang='grc' dir='ltr'>ἀλλ’</span> <span class='ocrx_word' id='word_1_184' title='bbox 349 2981 365 3042; x_wconf 91' lang='grc' dir='ltr'>ὁ</span> <span class='ocrx_word' id='word_1_185' title='bbox 379 2981 434 3058; x_wconf 75' lang='grc' dir='ltr'>μὲν</span> <span class='ocrx_word' id='word_1_186' title='bbox 450 2977 505 3058; x_wconf 85' lang='grc' dir='ltr'>ἤδη</span> <span class='ocrx_word' id='word_1_187' title='bbox 523 2982 618 3042; x_wconf 85' lang='grc' dir='ltr'>κεῖται</span> <span class='ocrx_word' id='word_1_188' title='bbox 634 2976 667 3044; x_wconf 88' lang='grc' dir='ltr'>δς</span> <span class='ocrx_word' id='word_1_189' title='bbox 682 2978 776 3044; x_wconf 79' lang='grc' dir='ltr'>αἴτιος</span> <span class='ocrx_word' id='word_1_190' title='bbox 792 2978 902 3041; x_wconf 83' lang='grc' dir='ltr'>ἔπλετο</span> <span class='ocrx_word' id='word_1_191' title='bbox 918 2975 1047 3053; x_wconf 87' lang='grc' dir='ltr'>πάντων,</span> 
     </span>
     <span class='ocr_line' id='line_1_27' title="bbox 261 3079 928 3164; baseline -0.001 -19"><span class='ocrx_word' id='word_1_192' title='bbox 261 3081 422 3147; x_wconf 88' lang='grc' dir='ltr'>Ἀντίνοος·</span> <span class='ocrx_word' id='word_1_193' title='bbox 445 3082 531 3148; x_wconf 86' lang='grc' dir='ltr'>οὑτος</span> <span class='ocrx_word' id='word_1_194' title='bbox 546 3079 604 3164; x_wconf 83' lang='grc' dir='ltr'>γάρ</span> <span class='ocrx_word' id='word_1_195' title='bbox 620 3083 745 3160; x_wconf 80' lang='grc' dir='ltr'>ἐπίηλεν</span> <span class='ocrx_word' id='word_1_196' title='bbox 759 3081 829 3144; x_wconf 88' lang='grc' dir='ltr'>τάδε</span> <span class='ocrx_word' id='word_1_197' title='bbox 846 3081 928 3163; x_wconf 87' lang='grc' dir='ltr'>ἔργα,</span> 
     </span>
    </p>

    <p class='ocr_par' dir='ltr' id='par_1_12' title="bbox 263 3183 1211 3370">
     <span class='ocr_line' id='line_1_28' title="bbox 263 3183 1211 3268; baseline -0.002 -20"><span class='ocrx_word' id='word_1_198' title='bbox 263 3187 297 3249; x_wconf 90' lang='grc' dir='ltr'>οὑ</span> <span class='ocrx_word' id='word_1_199' title='bbox 312 3210 341 3250; x_wconf 89' lang='grc' dir='ltr'>τι</span> <span class='ocrx_word' id='word_1_200' title='bbox 356 3184 452 3267; x_wconf 89' lang='grc' dir='ltr'>γάμου</span> <span class='ocrx_word' id='word_1_201' title='bbox 468 3185 583 3248; x_wconf 91' lang='grc' dir='ltr'>τόσσον</span> <span class='ocrx_word' id='word_1_202' title='bbox 601 3183 783 3268; x_wconf 84' lang='grc' dir='ltr'>κεχρημένος</span> <span class='ocrx_word' id='word_1_203' title='bbox 799 3184 867 3250; x_wconf 85' lang='grc' dir='ltr'>οὑδέ</span> <span class='ocrx_word' id='word_1_204' title='bbox 882 3184 1023 3268; x_wconf 88' lang='grc' dir='ltr'>χατίζων,</span> <span class='ocrx_word' id='word_1_205' title='bbox 1178 3209 1211 3258; x_wconf 82' lang='lat'>5⁰</span> 
     </span>
     <span class='ocr_line' id='line_1_29' title="bbox 264 3285 1081 3370; baseline 0.001 -20"><span class='ocrx_word' id='word_1_206' title='bbox 264 3285 333 3350; x_wconf 87' lang='grc' dir='ltr'>ἀλλ’</span> <span class='ocrx_word' id='word_1_207' title='bbox 349 3285 432 3351; x_wconf 85' lang='grc' dir='ltr'>ἀλλα</span> <span class='ocrx_word' id='word_1_208' title='bbox 447 3287 593 3370; x_wconf 86' lang='grc' dir='ltr'>φρονέων,</span> <span class='ocrx_word' id='word_1_209' title='bbox 608 3287 644 3350; x_wconf 91' lang='grc' dir='ltr'>τά</span> <span class='ocrx_word' id='word_1_210' title='bbox 662 3290 692 3350; x_wconf 84' lang='grc' dir='ltr'>οἱ</span> <span class='ocrx_word' id='word_1_211' title='bbox 708 3287 759 3351; x_wconf 87' lang='grc' dir='ltr'>οὑκ</span> <span class='ocrx_word' id='word_1_212' title='bbox 776 3288 923 3353; x_wconf 84' lang='grc' dir='ltr'>ἐτέλεσσε</span> <span class='ocrx_word' id='word_1_213' title='bbox 939 3289 1081 3367; x_wconf 84' lang='grc' dir='ltr'>Κρονίων,</span> 
     </span>
    </p>

    <p class='ocr_par' dir='ltr' id='par_1_13' title="bbox 264 3386 1032 3472">
     <span class='ocr_line' id='line_1_30' title="bbox 264 3386 1032 3472; baseline -0.003 -18"><span class='ocrx_word' id='word_1_214' title='bbox 264 3387 333 3472; x_wconf 88' lang='grc' dir='ltr'>ὄφρ’</span> <span class='ocrx_word' id='word_1_215' title='bbox 347 3386 465 3470; x_wconf 89' lang='grc' dir='ltr'>Ἰθάκης</span> <span class='ocrx_word' id='word_1_216' title='bbox 481 3388 556 3455; x_wconf 81' lang='grc' dir='ltr'>κατὰ</span> <span class='ocrx_word' id='word_1_217' title='bbox 571 3395 664 3469; x_wconf 82' lang='grc' dir='ltr'>δῆμον</span> <span class='ocrx_word' id='word_1_218' title='bbox 681 3389 853 3472; x_wconf 79' lang='grc' dir='ltr'>ἐϋκτιμένης</span> <span class='ocrx_word' id='word_1_219' title='bbox 868 3389 1032 3470; x_wconf 79' lang='grc' dir='ltr'>βασιλεύοι</span> 
     </span>
    </p>

    <p class='ocr_par' dir='ltr' id='par_1_14' title="bbox 264 3491 1015 3576">
     <span class='ocr_line' id='line_1_31' title="bbox 264 3491 1015 3576; baseline -0.001 -19"><span class='ocrx_word' id='word_1_220' title='bbox 264 3495 362 3568; x_wconf 87' lang='grc' dir='ltr'>αὑτάς,</span> <span class='ocrx_word' id='word_1_221' title='bbox 378 3494 453 3576; x_wconf 85' lang='grc' dir='ltr'>ἀτδρ</span> <span class='ocrx_word' id='word_1_222' title='bbox 469 3500 526 3559; x_wconf 90' lang='grc' dir='ltr'>σδν</span> <span class='ocrx_word' id='word_1_223' title='bbox 541 3498 634 3558; x_wconf 84' lang='grc' dir='ltr'>παῖδα</span> <span class='ocrx_word' id='word_1_224' title='bbox 650 3496 850 3560; x_wconf 90' lang='grc' dir='ltr'>κατακτείνειε</span> <span class='ocrx_word' id='word_1_225' title='bbox 864 3491 1015 3576; x_wconf 89' lang='grc' dir='ltr'>λοχήσας.</span> 
     </span>
    </p>

    <p class='ocr_par' dir='ltr' id='par_1_15' title="bbox 264 3596 1094 3685">
     <span class='ocr_line' id='line_1_32' title="bbox 264 3596 1094 3685; baseline -0.004 -23"><span class='ocrx_word' id='word_1_226' title='bbox 264 3602 317 3662; x_wconf 82' lang='grc' dir='ltr'>νῦν</span> <span class='ocrx_word' id='word_1_227' title='bbox 333 3596 358 3661; x_wconf 85' lang='grc' dir='ltr'>δ’</span> <span class='ocrx_word' id='word_1_228' title='bbox 378 3598 464 3677; x_wconf 86' lang='grc' dir='ltr'>ὑμέν</span> <span class='ocrx_word' id='word_1_229' title='bbox 478 3599 511 3662; x_wconf 90' lang='grc' dir='ltr'>ἐν</span> <span class='ocrx_word' id='word_1_230' title='bbox 525 3599 613 3685; x_wconf 86' lang='grc' dir='ltr'>μοίρῃ</span> <span class='ocrx_word' id='word_1_231' title='bbox 630 3597 772 3679; x_wconf 83' lang='grc' dir='ltr'>πέφαται,</span> <span class='ocrx_word' id='word_1_232' title='bbox 788 3598 828 3662; x_wconf 87' lang='grc' dir='ltr'>σὺ</span> <span class='ocrx_word' id='word_1_233' title='bbox 843 3599 876 3663; x_wconf 86' lang='grc' dir='ltr'>δέ</span> <span class='ocrx_word' id='word_1_234' title='bbox 891 3598 995 3678; x_wconf 89' lang='grc' dir='ltr'>φείδεο</span> <span class='ocrx_word' id='word_1_235' title='bbox 1011 3602 1094 3660; x_wconf 84' lang='grc' dir='ltr'>λαῶν</span> 
     </span>
    </p>

    <p class='ocr_par' dir='ltr' id='par_1_16' title="bbox 265 3697 1213 3782">
     <span class='ocr_line' id='line_1_33' title="bbox 265 3697 1213 3782; baseline -0.003 -18"><span class='ocrx_word' id='word_1_236' title='bbox 265 3707 338 3765; x_wconf 82' lang='grc' dir='ltr'>σῶν·</span> <span class='ocrx_word' id='word_1_237' title='bbox 361 3701 436 3781; x_wconf 83' lang='grc' dir='ltr'>ἀτὰρ</span> <span class='ocrx_word' id='word_1_238' title='bbox 451 3699 546 3779; x_wconf 87' lang='grc' dir='ltr'>άμμες</span> <span class='ocrx_word' id='word_1_239' title='bbox 562 3702 690 3766; x_wconf 85' lang='grc' dir='ltr'>ὄπισθεν</span> <span class='ocrx_word' id='word_1_240' title='bbox 705 3699 907 3782; x_wconf 86' lang='grc' dir='ltr'>ἀρεσσάμενοι</span> <span class='ocrx_word' id='word_1_241' title='bbox 923 3697 997 3764; x_wconf 82' lang='grc' dir='ltr'>κατὰ</span> <span class='ocrx_word' id='word_1_242' title='bbox 1012 3701 1116 3778; x_wconf 83' lang='grc' dir='ltr'>δῆμον,</span> <span class='ocrx_word' id='word_1_243' title='bbox 1180 3725 1213 3774; x_wconf 82' lang='lat'>55</span> 
     </span>
    </p>
   </div>
   <div class='ocr_carea' id='block_1_4' title="bbox 0 0 1387 4228">
    <p class='ocr_par' dir='ltr' id='par_1_17' title="bbox 0 0 1387 4228">
     <span class='ocr_line' id='line_1_34' title="bbox 0 0 1387 4228; baseline 0 0"><span class='ocrx_word' id='word_1_244' title='bbox 0 0 1387 4228; x_wconf 95' lang='lat' dir='ltr'> </span> 
     </span>
    </p>
   </div>
  </div>
 </body>
</html>
