2788 4230
490 323 537 385 19.
561 305 795 367 ΟΔΎΣΣΕΙΑΣ
826 307 861 369 Τ.
1082 301 1145 384 815

199 474 258 538 “ast
274 473 331 556 γὰρ
350 473 386 553 δή
404 499 486 551 ποτε,
504 474 619 552 τέκνον,
636 474 841 556 ἐπιφροσύνας
856 474 977 540 ἀνέλοιο

198 578 282 641 οίκου
298 576 442 656 κήδεσθαι
459 576 507 642 καὶ
522 577 655 657 κτήματα
670 578 769 642 πάντα
784 576 968 660 φυλάσσειν.

197 680 267 744 ἀλλ’
287 682 352 764 ἀγε,
369 683 414 748 τίς
432 706 479 744 τοι
497 683 601 746 ἔπειτα
615 682 816 766 μετοιχομένη
833 681 913 763 φάος
928 683 1031 754 οίσει,·

196 769 296 868 δμῳὰς
310 785 336 848 δ’
351 785 404 848 οὐκ
423 788 486 851 είας
500 785 752 868 προβλωσκέμεν,
766 787 801 850 αί
814 811 865 850 κεν
879 781 1037 865 ἔφαινον.”
1113 811 1142 860 ²5

239 888 305 966 Τὴν
320 886 345 952 δ’
360 888 397 951 αδ
411 891 594 972 Τηλέμαχος
608 889 796 968 πεπνυμένος
811 890 914 954 ἀντίον
928 888 1011 966 ηὔδα·

196 997 216 1027 “
228 991 324 1082 ξεῖνος
339 993 398 1056 ὅδ’·
422 992 457 1056 οὐ
471 995 529 1075 γάρ
546 994 654 1075 ἀεργὸν
670 992 812 1072 ἀνέξομαι
828 995 861 1058 ὀς
878 1018 928 1056 κεν
943 993 1016 1071 ἐμῆς
1030 1017 1066 1075 γε

195 1095 327 1177 χοίνικος
342 1096 478 1174 ἅπτηται,
496 1098 545 1160 καὶ
560 1097 690 1176 τηλόθεν
705 1093 920 1175 είληλουθός.”

232 1197 295 1266 Ὦς
310 1200 356 1280 ἀρ’
371 1201 540 1280 ἐφώνησεν,
555 1203 591 1288 τῇ
608 1201 632 1264 δ’
649 1199 778 1282 ἄπτερος
793 1201 903 1264 ἔπλετο
917 1203 1022 1277 μῦθος.

195 1301 320 1381 κλήϊσεν
336 1306 368 1367 δὲ
384 1304 473 1384 θύρας
486 1305 625 1386 μεγάρων
642 1304 674 1368 εδ
689 1303 897 1370 ναιεταόντων.
1107 1329 1141 1377 30

193 1408 233 1468 τὼ
250 1405 275 1470 δ’
291 1405 336 1489 ἀρ’
351 1406 503 1486 ἀναΐξαντ’
520 1407 665 1474 Ὀδυσεὺς
682 1409 730 1471 καὶ
745 1411 888 1490 φαίδιμος
902 1408 967 1474 υίὸς

193 1511 342 1592 ἐσφόρεον
358 1511 482 1592 κόρυθάς
497 1538 529 1575 τε
548 1510 596 1575 καὶ
612 1513 743 1578 ἀσπίδος
757 1511 979 1593 ὀμφαλοέσσας

192 1613 285 1697 ἔγχεά
299 1613 325 1676 τ’
342 1614 494 1694 ὀξυόεντα·
517 1615 643 1698 πάροιθε
658 1618 691 1680 δέ
709 1620 840 1682 Παλλάς
855 1614 978 1693 Ἀθήνη,

192 1718 322 1801 χρύσεον
337 1718 452 1801 λύχνον
467 1719 592 1803 ἔχουσα,
608 1716 688 1801 φάος
703 1721 886 1801 περικαλλὲς
902 1722 1008 1784 ἐποίει.

193 1824 229 1901 δὴ
244 1823 312 1886 τότε
326 1823 508 1906 Τηλέμαχος
522 1823 741 1904 προσεφώνεεν
756 1822 791 1888 δν
805 1821 909 1904 πατέρ’
924 1824 1013 1903 αἶψα·
1105 1847 1137 1897 35

191 1923 240 1987 “ἀι
257 1925 360 2007 πάτερ,
376 1925 395 2005 ή
413 1924 489 2007 μέγα
504 1931 601 2003 θαῦμα
616 1925 677 1989 τόδ’
695 1927 904 2006 ὀφθαλμοῖσιν
922 1927 1049 2006 ὁρῶμαι.

193 2029 288 2107 ἔμπης
301 2053 353 2108 μοι
369 2033 467 2112 τοῖχοι
482 2027 621 2108 μεγάρων
638 2030 730 2092 καλαί
742 2054 776 2092 τε
790 2030 939 2108 μεσόδμαι

192 2133 341 2196 εἰλάτιναί
353 2158 386 2196 τε
401 2131 484 2198 δοκοὶ
500 2131 548 2197 καὶ
564 2134 662 2200 κίονες
679 2132 773 2214 δψόσ’
791 2133 913 2216 ἔχοντες

191 2237 328 2318 φαίνοντ’
344 2238 515 2318 ὀφθαλμοῖς
530 2237 571 2302 ὣς
587 2239 613 2301 εί
629 2238 720 2319 πυρὸς
736 2239 919 2318 αίθομένοιο.

179 2341 210 2420 ἦ
224 2340 308 2421 μάλα
323 2365 369 2406 τις
381 2344 449 2406 θεὸς
465 2341 562 2419 ἔνδον,
576 2341 604 2404 οδ
620 2342 747 2422 οὐρανὸν
762 2341 847 2419 εὐρὺν
864 2337 1001 2423 ἔχουσι.”
1099 2368 1132 2417 40

233 2449 295 2508 Τὸν
310 2443 335 2508 δ’
352 2445 594 2525 ἀπαμειβόμενος
608 2446 747 2526 προσέφη
763 2445 931 2526 πολύμητις
946 2442 1125 2509 Ὀδυσσεύς·

192 2555 212 2582 “
222 2549 295 2629 σίγα
310 2550 359 2612 καὶ
375 2546 451 2611 κατὰ
465 2550 522 2612 σὸν
538 2549 608 2613 νόον
623 2551 733 2631 ἴσχανε
748 2549 816 2628 μηδ’
832 2549 953 2629 ἐρέεινε·

191 2654 262 2730 αὕτη
279 2678 326 2716 τοι
341 2653 408 2730 δίκη
426 2654 493 2715 ἐστὶ
510 2656 594 2728 θεῶν,
610 2651 639 2714 οἳ
652 2649 811 2730 Ὄλυμπον
827 2652 961 2734 ἔχουσιν.

190 2754 272 2818 ἀλλὰ
289 2754 327 2818 σὺ
342 2760 398 2834 μὲν
414 2753 585 2834 κατάλεξαι,
601 2756 660 2839 ἐγὼ
677 2754 701 2818 δ’
717 2757 923 2836 ὑπολείψομαι
940 2755 1041 2830 αὐτοῦ,

190 2861 270 2938 ὄφρα
286 2859 311 2922 κ’
327 2859 371 2922 ἔτι
386 2861 486 2943 δμῳὰς
501 2858 549 2921 καὶ
564 2857 675 2939 μητέρα
691 2858 749 2937 σὴν
765 2859 895 2939 ἐρεθίζω·
1102 2883 1135 2934 45

189 2962 207 3040 ἡ
225 2963 258 3027 δέ
271 2961 301 3042 μ’
315 2961 476 3044 ὀδυρομένη
492 2960 643 3043 εἰρήσεται
658 2959 752 3043 ἀμφὶς
767 2959 906 3025 ἔκαστο.”

225 3065 288 3132 Ὣς
304 3066 394 3147 φάτο,
409 3065 591 3149 Τηλέμαχος
608 3070 637 3131 δέ
654 3069 717 3130 διὲκ
732 3067 875 3148 μεγάροιο
891 3063 1021 3145 βεβήκει

190 3172 278 3233 κείων
296 3172 327 3236 ἐς
342 3155 490 3249 θάλαμον,
506 3168 615 3234 δαίδων
629 3171 687 3233 θπο
701 3168 936 3250 λαμπομενάων,

189 3275 261 3337 ἔνθα
277 3272 369 3354 πόρος
385 3271 511 3354 κοιμᾶθ’,
527 3273 578 3336 ὅτε
593 3299 644 3354 μιν
659 3273 771 3354 γλυκὺς
785 3274 878 3338 ὕπνος
895 3272 1002 3336 ίκόνοι·

146 3409 148 3415 2
189 3373 250 3440 ἔνθ’
265 3375 322 3457 άρα
338 3379 386 3440 καὶ
403 3375 464 3441 τότ’
481 3378 587 3440 ἔλεκτο
605 3377 653 3440 καὶ
667 3376 733 3440 Ἠῶ
749 3381 816 3442 δῖαν
832 3378 964 3457 ἔμιμνεν.
1102 3404 1133 3454 50

188 3477 280 3558 αὐτὰρ
296 3480 312 3541 ὁ
328 3480 361 3542 ἐν
375 3479 494 3565 μεγάρῳ
509 3480 689 3544 ὑπελείπετο
705 3485 768 3545 δῖος
782 3480 959 3559 Ὀδυσσεύς,

187 3581 395 3663 μνηστήρεσσι
411 3585 507 3664 φόνον
521 3583 579 3648 σὺν
592 3581 705 3668 Ἀθήνη
721 3585 916 3665 μερμηρίζων.

230 3684 271 3748 Ἣ
287 3683 313 3749 δ’
329 3688 374 3750 ἴεν
389 3689 421 3750 ἐκ
437 3686 586 3768 θαλάμοιο
602 3688 756 3769 περίφρων
772 3690 975 3766 Πηνελόπεια,
