2834 4234
492 374 540 433 14.
564 361 800 421 οΔτΣΣνιιν
831 359 868 424 Ξ.
1089 371 1152 440 737

201 526 287 591 ἐννέα
301 530 374 606 νῆας
390 533 508 606 στεῖλα,
523 533 600 596 θοῶς
616 528 642 594 δ’
658 531 832 611 ἐσαγείρετο
846 531 931 595 λαός.

201 627 312 712 ἑξῆμαρ
327 632 383 700 μὲν
398 633 503 696 ἔπειτα
520 634 587 713 ἐμοὶ
604 635 717 716 ἐρίηρες
734 635 845 713 ἑταῖροι

200 731 340 799 δαίνυντ’·
362 734 454 818 αὐτὰρ
470 737 548 818 ἐγὼν
565 734 662 817 ἱερήϊα
677 738 779 800 πολλδ
796 739 943 819 παρεῖχον

199 840 317 901 θεοῖσίν
331 863 365 902 τε
378 839 475 920 ῥέζειν
491 839 612 903 αὐτοῖσί
624 865 658 904 τε
673 844 758 903 δαῖτα
775 839 928 903 πένεσθαι.

199 940 351 1028 ἑβδομάτῃ
368 940 392 1006 δ’
408 942 577 1015 ἀναβάντες
596 943 655 1006 ἀπδ
672 942 789 1026 Κρήτης
807 943 921 1024 εὐρείης

198 1043 345 1121 ἐπλέομεν
361 1045 458 1132 Βορέῃ
474 1046 574 1132 ἀνέμῳ
590 1045 694 1126 ἀκραέϊ
710 1048 792 1129 καλῷ

195 1150 324 1230 ῥηϊδίως,
341 1150 379 1217 ὡς
396 1151 471 1215 εἴτε
487 1151 562 1215 κατδ
576 1151 656 1233 ῥόον·
679 1151 747 1214 οὐδέ
762 1175 806 1215 τις
823 1150 875 1214 οὖν
888 1175 940 1227 μοι

197 1261 277 1330 νηῶν
292 1254 443 1334 πημάνθη,
460 1255 529 1318 ἀλλ’
545 1253 693 1334 ἀσκηθέες
709 1252 758 1318 καὶ
775 1252 897 1319 ἄνουσοι

196 1356 302 1435 ἥμεθα,
319 1361 372 1424 τδς
390 1359 414 1422 δ’
431 1357 540 1439 ἀνεμός
555 1385 587 1422 τε
604 1359 785 1438 κυβερνῆταί
799 1358 823 1421 τ’
839 1360 951 1422 ίθυνον.

197 1467 360 1541 πεμπταῖοι
375 1459 399 1525 δ’
415 1465 568 1545 Αίγνπτον
584 1462 735 1544 ἐϋρρείτην
752 1461 908 1541 ἱκόμεσθα,

197 1567 299 1642 στῆσα
314 1563 338 1629 δ’
356 1568 388 1630 ἐν
403 1565 544 1650 Αἰγύπτῳ
561 1566 684 1650 ποταμῷ
701 1565 768 1631 νέας
784 1567 1002 1646 ἀμφιελίσσας.

197 1666 258 1730 ἐνθ’
273 1667 293 1748 ῆ
308 1693 354 1732 τοι
369 1673 426 1750 μὲν
441 1669 500 1752 ἐγὼ
518 1670 650 1750 κελόμην
666 1671 785 1750 ἐρίηρας
801 1669 937 1748 ἑταίρους

153 1776 157 1781 ’
197 1771 286 1834 αὐτοῦ
301 1771 361 1854 πάρ
378 1772 487 1851 νήεσσι
502 1772 604 1854 μένειν
623 1773 671 1837 καὶ
688 1775 762 1850 νῆας
777 1772 912 1852 ἔρυσθαι,

197 1874 328 1956 ὀπτῆρας
343 1881 377 1940 δὲ
392 1877 467 1940 κατὰ
486 1876 615 1940 σκοπιὰς
631 1877 744 1956 ὤτρυνα
761 1876 893 1940 νέεσθαι·

196 1979 225 2041 οἱ
240 1977 266 2042 δ’
281 1980 366 2058 ὕβρει
382 1977 524 2056 εἴξαντες,
540 1979 738 2057 ἐπισπόμενοι
753 1976 837 2057 μένεϊ
853 1979 934 2062 σφῷ,

194 2081 275 2164 αἶψα
289 2081 361 2160 μάλ’
376 2083 546 2164 Αἰγυπτίων
562 2083 677 2162 ἀνδρῶν
692 2079 894 2161 περικαλλέας
909 2079 1017 2162 ἀγροὺς

195 2188 334 2266 πόρθεον,
351 2189 384 2249 ἐκ
399 2189 432 2250 δὲ
446 2191 588 2264 γυναῖκας
603 2185 678 2268 ἄγον
694 2182 740 2247 καὶ
757 2183 850 2262 νήπια
864 2182 963 2262 τέκνα,

195 2289 300 2356 αὐτούς
316 2287 341 2352 τ’
358 2290 500 2353 ἔκτεινον·
531 2288 611 2370 τάχα
627 2288 651 2352 δ’
668 2289 699 2354 ἐς
714 2291 807 2352 πόλιν
822 2285 895 2350 ἵκετ’
909 2285 993 2366 ἀϋτή.

195 2395 225 2456 οἱ
240 2395 273 2456 δὲ
287 2397 364 2474 βοῆς
380 2392 496 2458 ἀίοντες
513 2392 562 2473 ἅμ’
577 2392 630 2470 ήοῖ
642 2389 864 2473 φαινομένηφιν
983 2471 984 2478 ¹

195 2496 300 2575 ῆλθον·
332 2500 431 2576 πλῆτο
447 2499 479 2561 δὲ
494 2501 555 2562 πᾶν
570 2496 676 2560 πεδίον
691 2496 789 2573 πεζῶν
804 2521 838 2559 τε
855 2492 903 2558 καὶ
919 2497 1020 2561 ἵππων

194 2605 310 2681 χαλκοῦ
329 2626 363 2663 τε
379 2603 538 2681 στεροπῆς·
570 2602 603 2664 ἐν
620 2603 652 2662 δὲ
669 2599 744 2666 Ζεὺς
761 2598 987 2680 τερπικέραυνος

195 2704 292 2783 φύζαν
308 2705 390 2782 ἐμοῖς
406 2703 540 2784 ἑτάροισι
557 2703 649 2782 κακήν
663 2703 773 2782 βάλεν,
789 2700 857 2766 οὐδέ
870 2727 916 2767 τις
932 2703 1004 2781 ἑτλη

194 2812 293 2886 μεῖναι
311 2808 490 2886 ἐναντίβιον·
519 2804 588 2886 περὶ
606 2805 663 2888 γὰρ
684 2806 760 2868 κακὰ
775 2805 924 2869 πάντοθεν
939 2806 1023 2883 ἔστη.
1095 2828 1145 2882 ²70

195 2910 256 2973 ἐνθ’
271 2910 370 2988 ήμέων
385 2909 519 2976 πολλοὺς
533 2910 589 2988 μὲν
605 2908 773 2974 ἀπέκτανον
788 2908 851 2988 ὀξέϊ
866 2909 981 2993 χαλκῷ,

194 3014 263 3080 τοὺς
278 3012 304 3078 δ’
319 3014 433 3095 ἄναγον
449 3013 548 3092 ζωούς,
565 3015 676 3093 σφίσιν
692 3013 871 3096 ἐργάζεσθαι
888 3012 1013 3098 ἀνάγκη.

194 3117 285 3199 αὐτὰρ
300 3119 365 3200 ἐμοὶ
382 3117 457 3184 Ζεδς
473 3115 560 3182 αὐτὸς
578 3114 622 3180 ἐνί
638 3114 749 3197 φρεσίν
764 3118 821 3180 ὦδε
839 3118 934 3197 νόημα

194 3218 380 3300 ποίησ’-ὦς
397 3223 512 3302 ὄφελον
530 3219 648 3284 θανέειν
665 3218 713 3283 καὶ
727 3221 844 3298 πότμον
858 3221 1000 3284 ἐπισπεῖν

193 3323 284 3386 αὐτοῦ
302 3326 501 3409 ἑνΑίγόπτιρ·
533 3323 649 3406 έτιράρ
664 3325 700 3388 νή
715 3350 752 3404 με
767 3321 839 3404 πῆμ’
854 3322 1040 3387 ὑπέδεκτο-
1095 3348 1143 3402 275

194 3425 288 3491 αὐτίκ’
305 3430 364 3492 ἀπὸ
380 3434 485 3510 κρατὸς
502 3428 607 3507 κυνέην
622 3427 762 3492 εὔτυκτον
777 3429 869 3506 ἔθηκα

195 3527 242 3595 καὶ
258 3529 352 3596 σάκος
368 3531 481 3612 ὤμοιϊν,
498 3531 568 3606 δόρν
584 3530 609 3594 δ’
625 3531 761 3610 ἔκβαλον
778 3533 886 3595 έκτοσε
901 3532 1012 3613 χειρός·

192 3632 285 3714 αὐτὰρ
300 3635 360 3714 ἑγδ
375 3639 528 3714 βασιλῆος
544 3635 678 3700 ἐναντίον
693 3631 807 3712 ήλυθον
822 3636 923 3697 ἵππων

194 3737 242 3801 καὶ
258 3736 334 3801 κόσα
349 3735 471 3819 γούναθ’
487 3738 574 3802 ἑλόν·
606 3739 623 3801 ὁ
639 3735 663 3798 δ’
681 3736 809 3819 ἐρύσατο
825 3738 877 3802 καί
889 3737 918 3819 μ’
936 3739 1073 3816 ἐλέησεν,

636 3842 695 3906 Bb
