2788 4230
250 337 313 420 784
541 351 588 417 17.
619 339 853 400 οκυνςνικν
885 340 915 401 ν.

249 514 345 592 είρετο
360 508 384 570 δ’
402 507 494 574 αὐτίκ’
511 509 616 573 ἔπειτα
630 509 710 588 βοήν
726 509 838 590 ἁγαθὸς
854 509 1014 576 Μενέλαος
1145 536 1196 573 120

249 616 334 678 ὅττευ
348 611 479 697 χρηίζων
496 613 601 691 ἱκόμην
612 614 819 691 Λακεδαίμονα
834 617 909 677 δῖαν·

249 718 341 800 αὐτὰρ
357 717 416 800 ἐγὼ
433 717 475 801 τῷ
490 720 592 780 πᾶσαν
607 717 753 797 ἀληθείην
769 715 895 795 κατέλεξ
916 736 922 752 ·

251 823 299 886 καὶ
314 821 382 884 τότε
398 819 433 899 δή
449 819 478 900 μ’
495 819 641 885 ἐπέεσσιν
655 821 857 899 ἀμειβόμενος
872 818 1064 901 προσέειπεν·

251 925 293 988 ίθ)
309 927 411 1002 πόποι,
426 924 445 1004 ή
460 924 543 1004 μάλα
558 923 594 1001 δή
610 923 847 1006 κρατερόφρονος
864 925 970 1006 ἀνδρὸς
986 925 1018 989 ἐν
1034 925 1103 1011 εὐνῇ

249 1027 361 1108 ἤθελον
377 1028 544 1106 εὐνηθῆναι,
561 1027 719 1094 ἀνάλκιδες
734 1025 818 1090 αὐτοὶ
834 1026 942 1092 ἐόντες.
1148 1055 1197 1105 1²⁵

252 1133 290 1200 ὡς
307 1132 331 1196 δ’
349 1132 432 1196 ὁπότ’
453 1136 485 1195 ἐν
500 1129 621 1215 ξυλόχῳ
638 1131 753 1211 ἔλαφος
769 1135 923 1212 κρατεροῖο
937 1131 1059 1197 λέοντος

252 1236 377 1320 νεβροὺς
392 1235 564 1314 κοιμήσασα
579 1234 738 1316 νεηγενέας
756 1233 944 1315 γαλαθηνοὺς

253 1339 380 1419 κνημοὺς
396 1338 532 1421 ἐξερέῃσι
548 1338 597 1401 καὶ
611 1338 705 1420 ἄγκεα
720 1335 865 1415 ποιήεντα

251 1441 437 1523 βοσκομένη,
454 1440 510 1504 ὁδ’
527 1442 631 1505 ἔπειτα
651 1441 703 1518 ἑὴν
719 1439 881 1518 εἰσήλυθεν
896 1438 992 1519 εὐνήν,

252 1544 451 1626 ἀμφοτέροισι
467 1547 500 1608 δὲ
515 1549 613 1608 τοῖσιν
628 1544 728 1608 ἀεικέα
745 1545 858 1624 πότμον
874 1546 994 1625 ἐφῆκεν,
1150 1571 1199 1620 ¹30

254 1650 293 1715 ὣς
308 1645 455 1712 Ὀδυσεὺς
472 1645 617 1711 κείνοισιν
634 1645 733 1710 ἀεικέα
748 1647 864 1725 πότμον
878 1646 999 1728 ἐφήσει.

253 1752 284 1816 αδ
298 1751 365 1834 γάρ,
383 1756 442 1814 Ζεῦ
457 1775 490 1813 τε
504 1749 598 1832 πάτερ
615 1748 663 1814 καὶ
678 1750 822 1829 Ἀθηναίη
840 1752 888 1814 καὶ
900 1748 1069 1832 Ἄπολλον,

252 1860 332 1921 τοῖος
352 1855 410 1918 ἐὼν
426 1854 489 1918 οἶός
505 1853 571 1917 ποτ’
587 1853 743 1940 ἐϋκτιμένῃ
758 1856 803 1918 ἐνὶ
820 1854 934 1938 Λέσβῳ

254 1957 290 2037 ἐξ
303 1958 399 2039 ἔριδος
413 1956 621 2042 Φιλομηλεΐδῃ
637 1956 804 2022 ἐπάλαισεν
818 1957 961 2035 ἀναστάς,

255 2061 308 2126 κὰδ
323 2062 348 2125 δ’
365 2062 462 2142 ἔβαλε
478 2065 634 2142 κρατερῶς,
650 2059 814 2144 κεχάροντο
830 2063 862 2125 δὲ
878 2061 988 2128 πάντες
1002 2062 1132 2145 Ἀχαιοί,
1150 2089 1198 2139 135

254 2171 334 2232 τοῖος
352 2166 408 2230 ἐὼν
425 2166 612 2247 μνηστῆρσιν
628 2163 804 2245 ὁμιλήσειεν
818 2165 996 2234 Ὀδυσσεύς·

254 2268 364 2335 πάντες
381 2268 405 2332 κ’
423 2268 571 2349 ὠκύμοροί
584 2295 616 2332 τε
632 2271 768 2351 γενοίατο
784 2271 966 2350 πικρόγαμοί
980 2295 1022 2333 τε.

176 2457 180 2462 ¹
255 2379 345 2436 ταῦτα
361 2371 386 2436 δ’
406 2371 426 2435 θ
440 2371 469 2450 μ’
487 2373 610 2454 εἰρωτᾷς
624 2369 674 2436 καὶ
689 2376 825 2452 λίσσεαι,
842 2374 892 2436 οὐκ
908 2372 945 2436 ἂν
961 2374 1020 2456 ἐγιύ
1035 2398 1072 2455 γε

256 2477 339 2539 ἄλλα
354 2473 451 2555 παρὲξ
464 2477 577 2554 είποιμι
594 2481 779 2558 παρακλιδὸν
795 2475 854 2540 οὐδ’
871 2475 1029 2554 ἀπατήσω,

255 2578 337 2642 ἀλλὰ
353 2578 389 2642 τὰ
403 2578 459 2657 μέν
471 2604 523 2658 μοι
540 2580 622 2643 ἔειπε
638 2580 734 2662 γέρων
749 2579 835 2646 ἆλιος
850 2579 1005 2661 νημερτής,
1150 2607 1200 2658 140

255 2689 316 2748 τῶν
330 2680 412 2746 οὐδέν
428 2708 474 2745 τοι
489 2683 549 2764 ἐγὼ
566 2684 670 2764 κρύψω
687 2685 760 2750 ἐπος
776 2684 837 2748 οὐδ’
853 2685 1013 2756 ἐπικεύσω,

158 2839 160 2852 .
257 2789 301 2867 φῆ
316 2811 368 2867 μιν
385 2785 445 2867 ὅγ’
463 2788 496 2849 ἐν
511 2785 593 2871 νήσῳ
611 2786 700 2850 ἰδέειν
716 2785 831 2869 κρατέρ’
848 2787 934 2868 ἄλγε’
951 2789 1071 2870 έχοντα,

256 2891 374 2971 νύμφης
390 2891 421 2952 ἐν
436 2887 594 2971 μεγάροισι
611 2894 787 2971 Καλυψοῦς,
802 2890 823 2976 ῆ
836 2916 888 2969 μιν
903 2890 1018 2977 ἀνάγκη

255 2995 350 3076 ἴσχει·
374 2995 390 3055 ὁ
405 2992 430 3056 δ’
446 2993 480 3055 οὐ
495 2993 615 3057 δύναται
630 2990 668 3070 ἣν
683 2994 810 3072 πατρίδα
823 2999 914 3074 γαῖαν
931 2995 1057 3058 ἱκέσθαι.

257 3096 292 3158 οὐ
306 3095 364 3178 γάρ
380 3097 407 3159 οἱ
423 3095 502 3177 πείρα
518 3100 586 3175 νῆες
601 3093 761 3178 ἐπήρετμοι
777 3093 825 3159 καὶ
842 3098 964 3179 ἑταῖροι,
1154 3125 1203 3176 145

258 3201 289 3263 οἵ
306 3198 356 3262 κέν
371 3225 423 3279 μιν
436 3200 583 3279 πέμποιεν
599 3199 645 3262 ἐπ’
661 3198 746 3279 εὐρέα
761 3205 841 3264 νῶτα
856 3199 1033 3279 θαλάσσηςῖ

258 3303 297 3368 ὣς
313 3301 400 3381 ἔφατ’
419 3300 583 3385 Ἀτρείδης,
598 3305 800 3384 δουρικλειτὸς
819 3301 986 3369 Μενέλαος.

258 3408 351 3466 ταῦτα
369 3403 552 3482 τελευτήσας
568 3404 686 3485 νεόμην·
709 3405 820 3468 ἔδοσαν
836 3406 870 3470 δέ
881 3429 933 3483 μοι
950 3405 1038 3485 ούρον

259 3507 410 3581 ἀθάνατοι,
425 3508 474 3571 τοί
486 3506 515 3586 μ’
532 3505 595 3572 ὦκα
610 3508 706 3588 φίλην
721 3509 752 3575 ἐς
769 3508 884 3590 πατρίδ’
903 3508 1074 3590 ἐπεμψαν.”

296 3609 357 3676 Ὣς
373 3607 464 3690 φότο,
482 3611 518 3695 τῆ
535 3611 560 3674 δ’
576 3611 633 3692 ἄρα
652 3611 745 3690 θυμὸν
761 3609 805 3676 ἐνὶ
820 3609 991 3689 στήθεσσιν
1005 3615 1096 3695 όρινε.
1156 3641 1205 3690 150
1222 3681 1226 3688 ,

260 3720 341 3780 τοῖσι
356 3716 388 3776 δὲ
405 3719 451 3776 καὶ
467 3712 606 3792 μετέειπε
620 3715 829 3795 Θεοκλύμενος
843 3714 987 3794 θεοειδής·
