2746 4228
498 365 527 414 2.
551 353 722 412 ΙΛΙΑΔΟΣ
746 353 779 411 Β.

158 516 317 600 Δήμητρος
332 515 463 596 τέμενος,
478 515 585 582 Ἴτωνά
600 542 634 581 τε
648 516 760 599 μητέρα
774 517 887 598 μήλων,

159 622 312 705 ἀγχίαλόν
326 621 351 684 τ’
367 620 522 703 Ἀντρῶνα
538 623 582 685 ίδέ
599 622 736 685 Πτελεὸν
752 624 927 706 λεχεποίην,

157 731 218 789 τῶν
233 724 271 786 αὖ
287 725 503 805 Πρωτεσίλαος
517 723 638 805 Ἀρήϊοι
652 723 816 807 ἡγεμόνευε

159 826 234 904 ζωὸς
249 829 315 892 ἐόν·
338 828 408 892 τότε
422 828 447 890 δ’
463 827 519 907 ἤδη
536 825 607 910 ἔχεν
622 827 697 892 κάτα
711 833 784 910 γαῖα
797 827 936 908 μέλαινα.

157 935 212 993 ταῶ
227 932 260 994 δὲ
277 932 325 994 καὶ
340 931 534 1012 ἀμφιδρυφὴς
550 931 664 1014 όλοχος
678 931 803 1019 Φυλάκῃ
819 931 979 997 ἐλέλειπτο
1054 957 1102 1009 700

159 1035 209 1098 καὶ
226 1035 316 1113 δόμος
330 1033 485 1114 ἡμιτελής·
508 1034 561 1098 τδν
575 1033 601 1098 δ’
618 1034 722 1099 ἔκτανε
739 1033 895 1117 Δάρδανος
911 1036 984 1118 ἀνὴρ

160 1136 232 1215 νηὸς
247 1135 484 1222 ἀποθρῴσκοντα
498 1137 577 1201 πολὺ
593 1138 763 1218 πρώτιστον
777 1138 920 1222 Ἀχαιῶν.

160 1241 228 1304 οὐδὲ
242 1242 299 1320 μὲν
315 1241 374 1304 οὐδ’
392 1240 420 1304 οἳ
436 1241 562 1323 ἄναρχοι
578 1240 661 1319 έσαν,
677 1241 790 1306 πόθεόν
802 1269 840 1325 γε
854 1245 909 1323 μὲν
924 1244 1026 1325 ἀρχόν·

162 1343 243 1406 ἀλλά
259 1352 359 1425 σφεας
375 1346 512 1423 κόσμησε
527 1342 688 1425 Ποδάρκης,
702 1346 769 1422 ὄζος
780 1343 900 1428 Ἀρηος,

159 1446 299 1527 Ἰφίκλου
314 1447 378 1512 υἱδς
393 1444 571 1526 πολυμήλου
586 1448 769 1520 Φυλακίδαο,
1055 1470 1102 1523 705

161 1549 414 1630 αὐτοκασίγνητος
428 1549 601 1632 μεγαθύμου
617 1549 836 1632 Πρωτεσιλάου

162 1654 327 1733 ὁπλότερος
341 1654 440 1739 γενεή·
465 1655 482 1716 ὁ
497 1653 522 1716 δ’
539 1652 601 1734 ἅμα
615 1655 760 1736 πρότερος
775 1655 825 1718 καὶ
841 1655 948 1735 ἀρείων

159 1756 237 1836 ἥρως
253 1757 470 1837 Πρωτεσίλαος
484 1755 615 1838 Ἀρήϊος·
639 1758 709 1822 οὐδέ
722 1783 751 1821 τι
765 1759 837 1822 λαοὶ

162 1856 275 1923 δεύονθ’
290 1859 447 1942 ήγεμόνος,
463 1860 576 1924 πόθεόν
590 1887 627 1942 γε
640 1863 696 1940 μὲν
712 1861 824 1924 έσθλδν
839 1861 937 1925 έόντα·

160 1963 200 2045 τῷ
217 1961 243 2025 δ’
260 1961 322 2041 ἅμα
337 1961 565 2045 τεσσαράκοντα
579 1962 720 2041 μέλαιναι
736 1965 802 2040 νῆες
818 1963 935 2028 ἕποντο.
1055 1985 1103 2037 710

203 2064 243 2127 Οί
259 2067 292 2128 δὲ
308 2065 407 2148 Φερὰς
423 2065 563 2145 ἐνέμοντο
579 2067 671 2146 παραὶ
689 2065 839 2146 Βοιβηίδα
852 2067 972 2144 λίμνην,

162 2169 278 2247 Βοίβην
293 2169 342 2232 καὶ
358 2168 519 2249 Γλαφύρας
535 2169 584 2232 καὶ
600 2167 775 2249 ἐϋκτιμένην
788 2168 944 2241 Ἰαωλκόν,

163 2277 220 2335 τῶν
234 2271 302 2354 ἦρχ’
317 2270 479 2350 Ἀδμήτοιο
495 2273 589 2353 φίλος
602 2277 673 2338 παῖς
689 2273 794 2337 ἕνδεκα
810 2277 889 2350 νηῶν

163 2373 310 2455 Εὔμηλος,
327 2374 380 2439 τὸν
394 2373 442 2439 ὑπ’
459 2373 597 2460 Ἀδμήτῳ
613 2374 681 2440 τέκε
696 2381 746 2439 δῖα
760 2381 909 2458 γυναικῶν

160 2475 335 2556 Ἀλκηστις,
354 2477 472 2540 Πελίαο
488 2481 642 2559 θυγατρῶν
657 2478 737 2544 εἶδος
752 2479 870 2558 ἀρίστη.
1057 2501 1103 2552 715

204 2580 245 2643 Οί
260 2577 285 2643 δ’
302 2580 360 2660 ἄρα
375 2581 529 2660 Μηθώνην
544 2583 592 2645 καὶ
609 2580 786 2661 Θαυμακίην
801 2579 942 2660 ἐνέμοντο

163 2685 211 2748 καὶ
227 2685 404 2763 Μελίβοιαν
420 2684 493 2766 έχον
509 2685 558 2748 καὶ
571 2684 724 2762 Ὀλιζῶνα
739 2690 890 2768 τρηχεῖαν,

162 2793 220 2850 τῶν
235 2789 268 2850 δὲ
283 2785 472 2866 Φιλοκτήτης
487 2787 581 2870 ἦρχεν
595 2786 692 2866 τόξων
707 2788 739 2852 εὖ
755 2790 840 2854 εἰδὼς

162 2893 238 2954 ἑπτὰ
249 2896 334 2954 νεῶν·
359 2889 459 2970 έρέται
474 2891 499 2954 δ’
517 2893 549 2956 ἓν
566 2891 678 2977 ἑκάστῃ
694 2890 880 2970 πεντήκοντα

162 2992 354 3074 ἐμβέβασαν,
370 2992 468 3072 τόξων
483 2994 515 3058 εὖ
532 2995 643 3060 εἰδότες
657 2996 707 3075 ἶφι
722 2993 884 3077 μάχεσθαι.
1057 3021 1106 3068 720

162 3096 231 3160 ἀλλ’
248 3099 335 3176 ὁμὲν
350 3098 383 3160 έν
399 3095 482 3181 νήσῳ
499 3102 578 3160 κεῖτο
596 3096 709 3178 κρατέρ’
725 3098 822 3180 άλγεα
837 3097 974 3181 πάσχων,

160 3199 271 3286 Λήμνῳ
288 3202 321 3265 έν
336 3199 461 3286 ἠγαθέη,
477 3191 526 3264 όθι
540 3225 592 3281 μιν
606 3201 700 3265 λίπον
714 3202 775 3266 υἶες
789 3201 923 3284 Ἀχαιῶν

162 3304 245 3368 ἕλκεϊ
259 3304 443 3386 μοχθίζοντα
459 3303 538 3386 κακῶ
554 3299 741 3383 ὀλοόφρονος
755 3304 853 3382 ὕδρου·

163 3406 223 3470 ἔνθ’
240 3407 257 3469 ό
270 3431 307 3489 γε
323 3403 393 3469 κεῖτ’
411 3403 520 3486 ἀχέων·
544 3403 623 3488 τάχα
638 3406 671 3468 δὲ
685 3403 856 3485 μνήσεσθαι
871 3405 1002 3485 ἔμελλον

161 3508 294 3590 Ἀργεῖοι
309 3507 390 3590 παρὰ
406 3509 494 3587 νηυσὶ
510 3506 699 3586 Φιλοκτήταο
714 3508 850 3574 ἄνακτος.
1057 3535 1103 3585 7²5

163 3609 231 3672 οὐδὲ
244 3612 300 3689 μὲν
316 3610 377 3674 οὐδ’
394 3609 423 3674 οδ
439 3609 566 3692 ἄναρχοι
582 3610 667 3683 ἔσαν,
682 3611 794 3674 πόθεόν
808 3636 845 3692 γε
859 3613 914 3690 μὲν
929 3612 1033 3692 ἀρχόν·

164 3713 243 3777 ἀλλὰ
259 3713 372 3779 Μέδων
388 3713 542 3794 κόσμησεν
557 3713 680 3791 Ὀϊλῆος
696 3714 784 3780 νόθος
798 3713 871 3788 υἱός,

612 3816 632 3864 (ἶ
648 3819 667 3884 5
