2834 4234
490 1224 885 1302 ΟΔΥΣΣΕΙΑΣ
936 1228 983 1302 N.

662 1476 816 1488 —

262 1620 476 1706 Ὀδυσσέως
493 1627 681 1707 ἀπόπλους
698 1628 801 1728 παρὰ
818 1628 988 1702 Φαιάκων
1006 1627 1068 1702 καὶ
1087 1625 1212 1724 ἀφιξις

624 1763 673 1842 εἷς
690 1759 848 1860 Ἰθάκην.

257 1943 320 2011 Ὣς
336 1943 434 2025 ἔφαθ’,
450 1947 480 2010 οἱ
496 1943 521 2009 δ’
536 1945 593 2027 ἄρα
608 1946 719 2013 πάντες
736 1947 811 2026 ἀκὴν
827 1947 966 2029 ἐγένοντο
981 1949 1089 2033 σιωπῇ,

263 2049 404 2132 κηληθμῷ
421 2046 447 2112 δ’
463 2050 593 2132 ἔσχοντο
610 2052 684 2113 κατὰ
698 2051 821 2131 μέγαρα
832 2052 984 2115 σκιόεντα.

261 2151 314 2215 τὸν
332 2150 358 2216 δ’
374 2150 437 2215 αὖτ’
450 2150 609 2219 ’Λλκίνοος
626 2154 814 2234 ἀπαμείβετο
830 2153 971 2235 φώνησέν
987 2174 1028 2217 τε·

262 2253 313 2318 “ὦ
330 2253 467 2332 Ὀδυσεῦ,
486 2257 552 2320 ἐπεὶ
567 2257 631 2320 ἵκευ
647 2256 719 2334 ἔμδν
734 2258 804 2322 ποτὶ
819 2259 1014 2340 χαλκοβατὲς
1029 2262 1080 2334 δῶ,

260 2359 423 2441 ὑψερεφές,
440 2360 480 2442 τῷ
496 2358 524 2422 α’
543 2359 576 2422 οὔ
592 2385 620 2423 τι
636 2360 930 2444 παλιμπλαγχθέντα
944 2358 972 2442 γ’
988 2359 1041 2423 ὀίω
1196 2390 1209 2438 5

261 2461 308 2543 ἂψ
324 2462 556 2542 ἀπονοστήσειν,
575 2467 601 2528 εί
618 2466 666 2528 καὶ
680 2464 763 2544 μάλα
778 2467 882 2528 πολλὰ
897 2462 1059 2530 πέπονθας.

259 2566 357 2646 ὑμέων
373 2564 398 2631 δ’
413 2567 497 2648 ἀνδρὶ
513 2569 629 2653 ἑκάστῳ
646 2567 804 2651 ἐφιέμενος
819 2567 889 2632 τάδε
905 2571 984 2649 εἴρω,

260 2672 352 2734 ὅσσοι
366 2672 413 2736 ἑνὶ
427 2670 588 2753 μεγάροισι
602 2672 761 2754 γερούσιον
776 2673 889 2735 αἴθοπα
904 2673 988 2737 οἶνον

260 2772 319 2838 alet
335 2771 429 2838 πίνετ’
445 2776 573 2853 ἐμοῖσιν,
591 2774 777 2851 ἀκουάζεσθε
793 2773 819 2839 δ’
837 2777 948 2840 ἀοιδοῦ.

260 2882 366 2956 εἵματα
380 2881 435 2958 μὲν
451 2879 487 2958 δὴ
503 2878 592 2965 ξείνῳ
608 2876 736 2963 ἐϋξέστῃ
753 2876 797 2942 ἑνὶ
812 2881 899 2962 χηλῷ
1178 2907 1209 2942 ιο

260 2987 354 3045 κεῖται
371 2980 419 3045 καὶ
433 2982 548 3065 χρυοδς
562 2979 785 3047 πολυδαίδαλος
800 2982 883 3044 ἀλλα
899 3008 932 3046 τε
947 2980 1045 3045 πάντα

259 3082 336 3165 δῶρ’,
352 3084 412 3148 ὅσα
426 3085 569 3166 Φαιήκων
583 3084 776 3165 βουληφόροι
793 3083 890 3150 ἐνθάδ’
906 3085 1033 3150 ἔνεικαν·

259 3185 328 3251 ἀλλ’
343 3187 399 3271 ἀγε
415 3192 444 3253 οἱ
460 3195 558 3268 δῶμεν
573 3188 700 3268 τρίποδα
714 3188 810 3270 μέγαν
824 3188 877 3268 ἠδὲ
892 3187 1012 3267 λέβητα

258 3291 415 3371 ἀνδρακάς·
446 3293 530 3372 ἡμεῖς
546 3288 571 3354 δ’
587 3289 656 3354 αὖτε
672 3291 860 3373 ἀγειρόμενοι
877 3293 952 3354 κατὰ
967 3294 1062 3370 δῆμον

258 3394 401 3476 τισόμεθ’·
433 3395 583 3477 ἀργαλέον
597 3393 655 3477 γὰρ
671 3395 725 3458 ἔνο
739 3395 863 3476 προικδς
874 3392 1091 3477 χαρίσασθαι.”
1176 3423 1206 3473 ¹5

295 3498 358 3565 Ὣς
376 3496 462 3581 ἔφατ’
476 3496 642 3573 Ἀλκίνοος,
658 3503 757 3563 τοῖσιν
772 3496 797 3563 δ’
812 3497 972 3577 ἐπιήνδανε
988 3502 1089 3578 μῦθος.

255 3605 285 3665 οἱ
300 3605 356 3681 μὲν
372 3601 559 3668 κακκείοντες
575 3601 653 3683 ἔβαν
668 3603 785 3667 οἶκόνδε
800 3602 934 3680 ἔκαστος,

255 3706 328 3786 ἦμος
343 3703 369 3769 δ’
384 3703 535 3786 ἠριγένεια
550 3705 632 3785 φάνη
647 3705 867 3787 ῥοδοδάκτυλος
882 3702 973 3785 Ἠώς,
