2834 4234
260 292 322 358 688
549 311 599 354 11.
623 294 858 355 ΟΔΎΣΣΕΙΑΣ
885 294 921 353 Λ.

261 465 354 543 εάρος,
372 462 445 543 ἀτὰρ
459 464 552 541 μῆκός
566 489 603 545 γε
617 461 767 544 γενέσθην
782 463 973 544 ἐννεόργυιοι.

262 570 292 632 οἵ
305 569 343 649 ῥα
359 565 407 630 καί
424 566 619 632 ἀθανάτοισιν
635 564 802 644 ἀπειλήτην
818 569 850 630 ἐν
864 566 1009 653 Ὀλύμπῳ

261 671 416 750 φυλόπιδα
432 668 557 748 στήσειν
573 669 737 736 πολυάϊκος
752 668 906 749 πολέμοιο.
1161 667 1213 750 ,μή

258 775 381 838 Ὄσσαν
398 772 442 837 ἐπ’
460 774 615 858 Οὐλύμπῳ
629 772 770 852 μέμασαν
786 773 885 855 θέμεν,
902 773 993 856 αύτάρ
1009 772 1056 838 ἐπ’
1072 773 1175 861 Ὄσσῃ

261 876 381 956 Πήλιον
398 879 625 959 εἰνοσίφυλλον,
642 874 680 940 ἵν’
697 874 819 956 ούραυδς
834 877 970 956 ἀμβατὸς
986 881 1040 955 εἰη.

262 982 313 1044 καί
326 981 361 1045 νύ
377 1007 427 1044 κεν
442 979 654 1059 ἐξετέλεσσαν,
671 981 698 1042 εί
712 979 792 1059 ἥβης
806 979 916 1060 μέτρου
931 982 1041 1044 ἵκοντο·

262 1083 332 1148 ἀλλ’
349 1087 460 1148 ὄλεσεν
476 1089 550 1148 Διὸς
565 1085 641 1160 υἱός,
655 1081 689 1147 δυ
704 1082 831 1160 ἠύκομος
846 1081 912 1148 τέκε
927 1085 1024 1161 Λητώ,

262 1186 430 1269 ἀμφοτέρω,
447 1187 517 1267 πρίν
534 1194 636 1266 σφωϊν
650 1185 708 1250 ύπδ
724 1185 921 1267 κροτάφοισιν
937 1187 1056 1255 ἰούλους

263 1293 392 1370 ἀνθῆσαι
408 1289 540 1353 πυκάσαι
555 1315 587 1353 τε
603 1288 690 1372 γένυς
706 1287 822 1353 εύανθέϊ
837 1290 945 1376 λάχνῃ.
1163 1319 1212 1368 3²0

306 1395 440 1475 Φαίδρην
455 1420 488 1458 τε
505 1394 635 1475 Πρόκριν
650 1419 683 1457 τε
697 1393 763 1457 ἰδου
779 1392 875 1472 καλήν
890 1394 914 1456 τ’
931 1393 1100 1476 Ἀριάδνην,

263 1499 370 1579 κούρην
385 1499 510 1563 Μίνωος
525 1497 722 1578 ὀλοόφρονος,
737 1496 775 1574 ήν
791 1522 864 1561 ποτε
881 1499 1003 1578 Θησεύς

263 1606 296 1665 ἐκ
313 1598 429 1681 Κρήτης
445 1603 476 1666 ἐς
491 1600 600 1680 γουνὸν
614 1599 771 1678 Ἀθηνάων
789 1599 896 1680 ἱεράων

262 1704 317 1786 ήγε
331 1703 398 1782 μέν,
415 1701 475 1766 οὐδ’
492 1703 632 1779 ἀπόνητο·
663 1701 756 1782 πάρος
771 1702 805 1766 δέ
818 1729 869 1782 μιν
883 1702 1023 1786 Ἀρτεμις
1041 1704 1112 1768 ἔκτα

265 1809 325 1892 Δίῃ
342 1809 374 1870 ἐν
390 1805 539 1891 ἀμφιρύτῃ
556 1805 707 1869 Διονύσου
722 1809 909 1893 μαρτυρίῃσι.
1163 1835 1211 1884 3²5

307 1908 429 1991 Μαῖράν
445 1935 477 1973 τε
495 1909 653 1989 Κλυμένην
667 1935 699 1974 τε
714 1911 779 1973 ίδον
794 1909 943 1991 στυγερήν
958 1911 983 1972 τ’
998 1911 1174 1992 Ἐριφύλην,

263 2011 283 2090 ή
298 2019 413 2096 χρυσδν
429 2014 523 2094 φίλου
539 2013 645 2090 ἀνδρὸς
661 2011 783 2091 ἐδέξατο
799 2011 950 2094 τιμήεντα.

264 2116 366 2182 πάσας
384 2116 409 2179 δ’
426 2117 478 2179 οὐκ
494 2115 531 2180 ἀν
547 2117 605 2199 ἐγὼ
620 2115 791 2196 μυθήσομαι
807 2116 868 2181 οὐδ’
885 2115 1030 2196 ὀνομήνω,

264 2221 362 2284 ὅσσας
378 2219 481 2299 ἡρώων
497 2221 628 2302 ἀλόχους
642 2221 707 2283 ίδον
722 2220 774 2298 ἠδὲ
790 2220 944 2302 θύγατρας·

265 2322 335 2404 πρὶν
349 2324 406 2405 γάρ
423 2349 474 2386 κεν
489 2324 539 2386 καὶ
554 2320 610 2401 νὺξ
623 2323 705 2404 φθῖτ’
723 2326 884 2404 ἄμβροτος.
915 2325 997 2388 ἀλλά
1014 2323 1061 2389 καί
1076 2327 1136 2406 ὥρη
1166 2342 1214 2400 330

266 2427 372 2505 εὕδειν,
387 2423 405 2504 ἢ
423 2427 474 2490 ἐπὶ
490 2429 547 2504 νῆα
563 2427 636 2505 θοήν
652 2423 769 2492 ἐλθόντ’
786 2427 817 2494 ἔς
833 2428 967 2508 ἑταίρους

265 2529 284 2608 ἢ
301 2531 398 2595 αὐτοῦ·
429 2532 533 2611 πομπὴ
548 2533 581 2595 δὲ
597 2535 677 2597 θεοῖς
691 2532 760 2611 ύμῖν
775 2557 807 2595 τε
821 2531 981 2610 μελήσει.”

303 2632 367 2700 Ὣς
384 2635 481 2715 ἔφαθ’,
502 2636 531 2697 οἱ
547 2633 573 2698 δ’
591 2635 647 2715 ἀρα
662 2634 772 2701 πάντες
788 2635 863 2714 ἀκήν
879 2636 1018 2718 ἐγένοντο
1034 2637 1145 2721 σιωπῇ,

266 2739 408 2822 κηληθμῷ
421 2737 446 2801 δ’
463 2739 593 2820 ἔσχοντο
612 2737 686 2802 κατὰ
700 2738 815 2820 μέγαρα
831 2739 981 2806 σκιόεντα.

268 2847 366 2905 τοῖσιν
381 2840 406 2904 δ’
423 2839 532 2921 Ἀρήτη
547 2840 734 2906 λευκώλενος
749 2833 859 2924 ἤρχετο
874 2844 985 2921 μύθων·
1167 2869 1215 2918 335

312 2951 330 2980 “
340 2947 482 3022 Φαίηκες,
499 2949 562 3010 πῶς
577 2944 668 3024 ύμμιν
684 2945 758 3025 ἀνὴρ
775 2945 826 3009 ὅδε
843 2947 985 3027 φαίνεται
1001 2947 1078 3010 εἶναι

268 3049 346 3114 εἶδός
362 3072 395 3110 τε
409 3047 536 3129 μέγεθός
551 3074 583 3112 τε
600 3050 644 3111 ἰδὲ
660 3049 773 3128 φρένας
788 3048 875 3112 ἔνδον
890 3047 998 3124 ἐίσας,·

268 3152 366 3230 ξεῖνος
382 3149 407 3214 δ’
424 3149 487 3214 αὖτ’
504 3152 573 3231 ἐμός
590 3153 683 3229 ἔστιν,
700 3152 826 3218 ἔκαστος
841 3152 866 3216 δ’
884 3153 992 3234 ἔμμορε
1007 3157 1104 3234 τιμῆς·

268 3253 309 3338 τῷ
324 3255 364 3334 μὴ
382 3255 571 3336 ἐπειγόμενοι
587 3254 791 3334 ἀποπέμπετε,
806 3258 880 3336 μηδὲ
895 3255 931 3320 τὰ
946 3262 1027 3336 δῶρα

268 3358 344 3420 οὕτω
360 3356 512 3440 χρηίζοντι
529 3358 679 3422 κολούετε·
711 3359 814 3423 πολλὰ
830 3358 886 3442 γὰρ
900 3361 969 3438 ὑμῖν
1166 3389 1217 3438 340

269 3458 388 3541 κτήματ’
406 3460 449 3526 ἐυί
464 3461 624 3544 μεγάροισι
640 3465 716 3526 θεῶν
733 3463 828 3541 ἰότητι
844 3460 989 3528 κέονται.”

176 3563 178 3572 ἰ
210 3603 211 3606 =
311 3569 402 3629 Τοῖσι
418 3569 450 3629 δέ
466 3563 515 3629 καί
529 3563 668 3645 μετέειπε
684 3565 780 3648 γέρων
794 3567 871 3647 ήρως
886 3565 1041 3649 Ἐχένηος,

271 3665 320 3756 [δς
334 3669 370 3748 δὴ
386 3666 528 3747 Φαιήκων
543 3670 658 3750 ἀνδρῶν
674 3668 907 3753 προγενέστερος
923 3668 1000 3758 ἦεν]
