2738 4226
277 381 340 445 270
595 381 643 448 13.
668 368 839 427 ΙΛΙΑΔΟΣ
863 367 902 426 Νι

275 535 367 615 φοίτα
383 533 440 597 ἀνα
455 531 627 616 προμάχους
642 529 805 613 διζήμενος,
823 537 922 597 εἵπου
937 533 1067 614 ἐφεύροι.
1172 547 1218 609 762

275 638 343 704 τοὺς
358 637 384 701 δ’
400 637 458 718 εὗρ’
475 636 573 700 οὐκέτι
588 635 713 715 πάμπαν
728 634 882 716 ἀπήμονας
898 633 960 700 οὐδ’
976 635 1165 718 ἀνολέθρους·

275 739 344 803 ἀλλ’
361 743 391 804 οἱ
405 742 460 820 μὲν
475 741 510 819 δή
527 739 634 818 νηυσὶν
649 739 699 802 έπι
714 738 882 826 πρύμνῃσιν
896 739 1031 822 Ἀχαιῶν

274 845 383 927 χερσὶν
396 843 445 907 ὑπ’
459 841 608 925 Ἀργείων
624 841 711 906 κέατο
726 842 830 925 ψυχὰς
846 841 1019 918 ὀλέσαντες,

275 948 304 1008 οἱ
319 945 344 1010 δ’
361 950 394 1010 ἐν
409 948 505 1029 τείχει
520 945 596 1010 έσαν
610 944 802 1025 βεβλημένοι
814 943 975 1023 οὐτάμενοί
989 970 1031 1008 τε.

275 1050 327 1114 τδν
341 1052 375 1114 δὲ
389 1049 456 1133 τάχ’
472 1049 540 1129 εὗρε
553 1047 653 1131 μάχης
669 1045 715 1111 ἐπ’
731 1049 874 1129 ἀριστερὰ
889 1046 1095 1128 δακρυοέσσης
1170 1062 1218 1124 765

275 1158 339 1217 δῖον
352 1151 563 1233 Ἀλέξανδρον,
578 1150 707 1230 Ἑλένης
722 1152 815 1214 πόσιν
829 1151 980 1230 ἠϋκόμοιο,

274 1252 453 1336 θαρσύνονθ’
469 1253 591 1336 ἑτάρους
605 1255 656 1319 καὶ
672 1254 872 1336 ἐποτρύνοντα
884 1251 1048 1336 μάχεσθαι,

275 1360 372 1441 ἀγχοῦ
387 1358 412 1421 δ’
429 1357 588 1437 ἱστάμενος
603 1356 744 1439 προσέφη
760 1360 901 1440 αἰσχροῖς
916 1355 1053 1420 ἐπέεσσι·

276 1465 294 1497 “
305 1461 454 1543 Δύσπαρι,
471 1463 550 1528 εἶδος
568 1461 683 1544 άριστε,
699 1460 886 1544 γυναιμανές,
902 1458 1099 1542 ἠπεροπευτά,

275 1570 332 1628 ποΰ
346 1590 393 1628 τοι
410 1562 571 1645 Δηΐφοβός
585 1590 619 1629 τε
634 1565 688 1644 βίη
703 1563 732 1626 θ’
748 1562 888 1628 Ἑλένοιο
904 1564 1030 1629 ἄνακτος
1168 1588 1219 1640 770

275 1665 419 1746 Ἀσιάδης
434 1666 460 1729 τ’
477 1666 608 1747 Ἀδάμας
623 1667 667 1746 ἠδ’
681 1667 797 1744 Ἀσιας,
813 1665 958 1748 Ὑρτάκου
972 1667 1057 1740 υίός;

275 1775 333 1833 ποῦ
348 1770 381 1834 δέ
395 1795 442 1833 τοι
457 1768 634 1852 Ὀθρυονεύς
642 1794 656 1844 ,·
679 1775 731 1833 νῦν
746 1769 841 1833 ὤλετο
857 1773 941 1831 πᾶσα
957 1767 1020 1832 κατ’
1037 1769 1128 1849 ἄκρης

270 1872 366 1939 ’Ίλιος
381 1871 509 1952 αἰπεινή·
533 1879 585 1937 νῦν
600 1897 647 1935 τοι
662 1879 724 1938 σῶς
739 1871 826 1938 αἰπὺς
841 1870 996 1954 όλεθρος.”

318 1975 381 2040 Τδν
395 1974 420 2040 δ’
436 1976 506 2040 αὖτε
522 1974 704 2055 προσέειπεν
717 1973 919 2056 Ἀλέξανδρος
934 1971 1077 2054 θεοειδής·

278 2078 421 2160 “Ἑκτορ,
438 2080 507 2143 ἐπεί
520 2104 566 2171 τοι
581 2078 672 2157 θυμὸς
687 2080 822 2142 ἀναίτιον
836 2077 1020 2154 αἰτιάασθαι,
1171 2101 1219 2154 775

275 2183 389 2247 ἄλλοτε
404 2179 440 2261 δή
456 2207 529 2247 ποτε
543 2186 663 2261 μᾶλλον
678 2185 809 2264 ἐρωῆσαι
824 2180 970 2262 πολέμοιο

274 2282 388 2363 μέλλω,
405 2285 471 2348 ἐπεὶ
487 2281 548 2347 οὐδ’
564 2286 617 2362 ἐμὲ
627 2283 757 2363 ’πάμπαν
773 2284 919 2348 ἀνάλκιδα
934 2285 1054 2365 γείνατο
1066 2282 1175 2364 μήτηρ·

276 2385 311 2464 ἐξ
326 2386 360 2449 οὗ
374 2389 431 2469 γὰρ
448 2390 528 2467 πορδ
540 2388 630 2464 νηυσὶ
645 2385 747 2470 μάχην
761 2385 882 2469 ήγειρας
897 2387 1030 2467 ἑταίρων,

274 2492 407 2556 ἐκτοῦδ’
422 2487 520 2555 ἐνθάδ’
534 2489 635 2555 ἐόντες
650 2488 811 2569 ὁμιλέομεν
827 2494 977 2552 Δαναοῖσι

277 2591 441 2672 νωλεμέως·
465 2592 566 2673 ἕταροι
580 2595 613 2656 δέ
629 2589 816 2668 κατέκταθεν,
834 2591 883 2658 οδς
899 2590 937 2654 σὺ
950 2593 1114 2675 μεταλλᾷς.
1172 2607 1221 2668 ηὸο

277 2698 330 2760 οἵω
347 2693 509 2776 Δηΐφοβός
524 2720 557 2758 τε
571 2695 626 2774 βίη
642 2694 669 2756 θ’
684 2694 822 2759 Ἑλένοιο
837 2695 965 2760 ἄνακτος

277 2802 429 2882 οἴχεσθον,
445 2798 577 2884 μακρῇσι
591 2797 759 2878 τετυμμένω
774 2799 932 2884 ἐγχείῃσιν

276 2900 435 2982 ἀμφοτέρω
452 2903 526 2963 κατὰ
539 2905 636 2983 χεῖρα·
658 2900 755 2981 φόνον
769 2899 795 2964 δ’
811 2899 903 2979 ἤμυνε
918 2901 1064 2982 Κρονίων.

277 3009 329 3068 νῦν
343 3000 369 3067 δ’
385 3002 462 3087 ἄρχ’,
478 3004 561 3090 άππη
577 3029 614 3068 σε
630 3003 732 3084 κραδίη
748 3005 839 3081 θυμός
854 3029 887 3067 τε
903 3005 1027 3068 κελεύει·

276 3106 362 3184 ἡμεῖς
377 3106 401 3169 δ’
418 3107 607 3185 ἐμμεμαῶτες
622 3103 671 3183 ἀμ’
689 3103 825 3185 ἑψόμεθ’,
841 3106 910 3170 οθδέ
925 3106 955 3169 τί
968 3115 1046 3186 φημι
1170 3123 1219 3184 7⁸5

277 3210 372 3287 ἀλκῆς
387 3207 578 3287 δευήσεσθαι,
594 3208 652 3284 ὅση
669 3207 789 3287 δύναμίς
804 3235 839 3290 γε
855 3207 992 3292 πάρεστι.

276 3314 336 3392 πὰρ
351 3311 475 3390 δύναμιν
489 3311 514 3375 δ’
531 3310 583 3373 οὐκ
599 3308 665 3372 ἐστι
680 3310 729 3373 καὶ
745 3311 913 3390 ἐσσύμενον
928 3309 1131 3389 πολεμίζειν.”

312 3413 375 3480 Ὣς
391 3414 483 3478 είπδν
498 3411 681 3494 παρέπεισεν
697 3413 861 3495 ἀδελφειοῦ
876 3412 988 3494 φρένας
1002 3415 1090 3493 ἥρως·

276 3520 338 3596 βδιν
352 3517 377 3580 δ’
393 3519 460 3597 ἴμεν
475 3516 549 3580 ἔνθα
561 3514 698 3593 μάλιστα
710 3516 793 3600 μάχη
810 3517 858 3581 καὶ
873 3517 1005 3596 φύλοπις
1020 3515 1081 3594 ἦεν,

276 3619 357 3698 ἀμφί
370 3644 402 3681 τε
419 3618 590 3698 Κεβριόνην
605 3618 653 3682 καὶ
670 3618 806 3698 ἀμύμονα
821 3617 1068 3697 Πουλυδάμαντα,
1170 3641 1221 3697 790

277 3718 403 3798 Φάλκην
418 3717 561 3801 Ὀρθαῖόν
575 3745 608 3786 τε
624 3722 673 3785 καὶ
689 3722 826 3785 ἀντίθεον
841 3720 1028 3801 Πολυφήτην
