2746 4228
267 372 311 441 50
598 377 627 444 3.
652 362 822 423 ΙΛΙΑΔΟΣ
844 362 878 423 Γ.

267 529 360 608 εὑρὼν
374 524 392 607 ἢ
408 527 526 609 ἔλαφον
541 527 647 608 κεραὸν
661 525 680 607 ἢ
696 527 803 609 ἀγριον
819 527 891 609 αἶγα

265 629 404 697 πεινάων·
426 629 509 710 μάλα
523 629 580 712 γάρ
595 656 629 695 τε
644 632 804 708 κατεσθίει,
820 633 849 694 εί
861 655 918 709 περ
933 627 971 693 ἀν
986 629 1076 694 αιἰτδυ

267 733 412 798 σεύωνται
427 733 534 816 ταχέες
549 759 582 798 τε
597 734 681 800 κύνες
697 733 822 813 θαλεροί
835 732 860 795 τ’
879 733 987 812 αἰζηοί·

267 838 306 902 ὣς
321 835 414 919 έχάρη
430 836 590 902 Μενέλαος
604 835 808 916 Ἀλέξανδρον
825 833 960 899 θεοειδέα

266 938 473 1018 ὀφθαλμοῖσιν
487 939 567 1005 ίδιύν·
588 938 668 1019 φάτο
683 941 741 1020 γὰρ
756 938 896 1001 τίσεσθαι
911 938 1044 1024 ἀλείτην·

266 1039 371 1103 αὐτίκα
384 1039 409 1104 δ’
426 1040 463 1120 ἐξ
474 1040 572 1131 ἀχέων
588 1040 645 1104 σὺν
658 1040 799 1123 τεύχεσιν
814 1040 890 1103 ἀλτο
905 1041 1032 1123 χαμᾶζε.

306 1141 370 1208 Τὸν
384 1142 409 1208 δ’
426 1143 465 1210 ὣς
480 1144 532 1208 οὖν
548 1145 675 1222 ἐνόησεν
687 1141 889 1226 Ἀλέξανδρος
907 1143 1042 1222 θεοειδὴς

265 1248 299 1309 έν
313 1246 498 1330 προμάχοισι
513 1247 655 1329 φανέντα,
672 1245 844 1331 κατεπλήγη
861 1248 956 1330 φίλον
971 1245 1054 1329 ἦτορ,

155 1367 159 1377 ’
264 1345 312 1429 ἀφ
326 1348 351 1412 δ’
367 1348 479 1429 ἑτάρων
495 1352 538 1416 είς
552 1351 638 1417 ἔθνος
653 1349 778 1434 ἐχάζετο
799 1352 860 1434 κῆρ’
877 1351 1031 1417 ἀλεείνων.

264 1451 303 1517 ὡς
318 1451 343 1514 δ’
359 1453 410 1516 ὅτε
424 1453 469 1519 τίς
484 1477 517 1517 τε
531 1453 677 1534 δράκοντα
693 1455 764 1518 ῖδῖον
778 1455 963 1534 παλίνορσος
978 1452 1094 1530 ἀπέστη

264 1554 366 1636 οὔρεος
381 1557 414 1619 ἓν
428 1553 560 1642 βήσσῃς,
576 1557 636 1620 ύπό
650 1580 684 1621 τε
698 1558 806 1639 τρόμος
821 1558 940 1637 ἔλλαβε
954 1562 1034 1640 γυῖα,

263 1655 311 1738 ἀφ
325 1657 350 1720 δ’
370 1659 570 1741 ἀνεχώρησεν,
585 1657 684 1742 ὦχρός
698 1659 733 1724 τέ
746 1685 798 1738 μιν
813 1661 879 1724 είλε
892 1659 1027 1740 παρειάς,

264 1759 302 1826 δς
318 1760 400 1826 αὖτις
416 1762 479 1825 καθ’
496 1764 605 1841 ὅμιλον
620 1763 671 1827 ἔδυ
684 1763 796 1844 Τρεύων
812 1762 975 1845 ἀγερώχων

263 1864 367 1930 δείσας
380 1864 503 1945 Ἀτρέος
518 1865 585 1930 υίδν
598 1864 801 1947 Ἀλέξανδρος
816 1862 962 1943 θεοειδής.

263 1967 315 2030 τὸν
329 1967 354 2030 δ’
367 1965 485 2050 Ἕκτωρ
501 1969 659 2034 νείκεσσεν
674 1969 746 2032 ίδὸν
760 1970 900 2051 αἰσχροῖς
915 1967 1071 2034 ἐπέεσσιν·

264 2080 283 2106 “
295 2071 443 2152 Δύσπαρι,
459 2072 538 2138 είδος
554 2071 669 2152 ἄριστε,
684 2070 872 2154 γυναιμανές,
889 2070 1087 2153 ἠπεροπευτά,

263 2173 321 2237 αἵθ’
338 2176 450 2256 ὄφελες
464 2174 614 2257 ἀγαυόςι)
631 2175 733 2254 ἔμεναι
749 2175 865 2257 άγομός
878 2173 904 2238 τ’
921 2173 1101 2239 ἀπολέσθαι.

263 2278 314 2340 καί
328 2304 362 2342 κε
378 2277 413 2341 τὸ
427 2279 607 2357 βουλοίμην,
625 2279 676 2341 καί
690 2304 741 2343 κεν
755 2277 835 2342 πολὺ
850 2275 966 2358 κέρδιον
981 2275 1034 2356 ἦεν

262 2376 280 2459 ἢ
297 2382 373 2445 οὕτω
388 2380 496 2461 λεύβην
511 2379 537 2442 τ’
552 2380 654 2460 ἔμεναι
671 2382 719 2446 καὶ
734 2381 869 2461 ὑπόψιον
884 2379 997 2448 ἀλλων.

263 2482 282 2562 ἧ
296 2509 354 2548 που
370 2484 567 2568 καγχαλόωσι
584 2484 657 2566 κάρη
674 2485 840 2563 κομόωντες
854 2481 988 2566 Ἀχαιοί,

263 2586 375 2668 φάντες
390 2589 518 2669 ἀριστῆα
532 2587 650 2669 πρόμον
664 2588 797 2668 ἔμμεναι,
815 2587 923 2652 ούνεκα
939 2584 1034 2650 καλὸν

263 2690 341 2756 είδος
356 2689 413 2766 ἔπ’,
430 2688 499 2752 ἀλλ’
516 2689 567 2753 οὐκ
583 2691 650 2754 ἔστι
665 2692 720 2771 βίη
737 2691 849 2773 φρεσὶν
863 2688 932 2753 ούδέ
947 2715 992 2756 τις
1007 2685 1095 2767 ἀλκή.

262 2792 281 2873 ἦ
296 2794 416 2857 τοιόσδε
431 2793 489 2856 ἑὸν
504 2794 538 2857 ἔν
554 2795 770 2874 ποντοπόροισι
787 2791 893 2857 νέεσσι

263 2897 375 2963 πόντον
389 2896 575 2973 ἐπιπλάσας,
594 2895 714 2978 ἔτάρους
729 2897 848 2978 ἐρίηρας
864 2897 994 2978 ἀγείρας,

262 3000 380 3082 μιχθεὶς
396 2999 601 3064 ἀλλοδαποῖσι
615 2999 728 3082 γυναῖκ’
746 2999 848 3064 εὐειδέ’
866 3001 975 3082 ἀνῆγες

263 3100 299 3179 ἐξ
312 3103 401 3181 ἀπίης
416 3103 512 3184 γαίης,
530 3102 600 3168 νυὸν
615 3103 730 3182 ἀνδρῶν
745 3101 929 3185 αἰχμητάων,

262 3205 353 3285 πατρί
367 3229 400 3269 τε
416 3206 460 3288 σῷ
475 3204 553 3288 μέγα
568 3209 652 3284 πῆμα
666 3203 761 3283 πόληί
774 3230 809 3270 τε
825 3205 917 3268 παντί
932 3228 965 3268 τε
979 3200 1071 3288 δήμῳ,

262 3306 443 3386 δυσμενέσιν
457 3311 513 3388 μὲν
526 3307 636 3392 χάρμα,
653 3308 819 3388 κατηφείην
835 3309 868 3372 δὲ
884 3307 935 3370 σοὶ
950 3305 1028 3390 αὐτῷ
1042 3331 1052 3378 ,·

264 3410 315 3473 οὐκ
330 3410 369 3475 δν
384 3411 419 3492 δὴ
434 3414 567 3492 μείνειας
581 3409 746 3492 ἀρηίφιλον
763 3410 947 3484 Μενέλαονς

263 3516 366 3596 γνοίης
379 3515 409 3599 χ’
426 3517 491 3580 οἵου
506 3513 606 3596 φωτδς
621 3515 702 3598 ἔχεις
717 3514 849 3597 θαλερὴν
864 3513 1048 3596 παράκοιτιν·

264 3619 315 3682 οὐκ
330 3619 368 3684 ἀν
382 3644 429 3683 τοι
444 3620 578 3706 χραίσμῃ
595 3619 709 3699 κίθαρις
725 3616 809 3682 τότε
824 3617 891 3700 δῶρ’
907 3617 1099 3700 Ἀφροδίτης,

264 3721 284 3799 ἥ
298 3748 331 3786 τε
347 3723 421 3802 κόμη
438 3722 474 3784 τό
488 3746 521 3786 τε
536 3721 623 3796 εἶδος,
640 3720 682 3784 ὅτ’
699 3722 733 3785 ἔν
749 3721 866 3806 κονίῃσι
881 3723 1008 3804 μιγείης.
