2792 4232
272 339 332 415 278
583 357 630 414 τα.
656 345 824 403 ΙΛΙΑΔΟΣ
849 343 885 407 Ξ.

266 509 379 595 καρδίῃ,
396 510 549 587 ἄλληκτον
566 512 740 589 πολεμίζειν
754 512 805 590 ήδέ
817 511 979 594 μάχεσθαι.

304 611 386 692 Ἥρη
402 612 426 676 δ’
443 615 554 677 εἰσεῖδε
568 615 774 696 χρυσόθρονος
789 616 978 695 ὀφθαλμοῖσι

266 713 353 776 στᾶσ’
371 713 407 792 ἐξ
420 715 596 794 Οὐλύμποιο
613 716 672 780 ἀπὸ
686 717 761 798 ῥίου·
784 717 890 780 αὐτίκα
903 716 928 780 δ’
946 718 1022 799 ἔγνω

264 818 317 880 τὸν
330 818 385 896 μέν
400 819 584 884 ποιπνύοντα
598 819 700 902 μάχην
715 822 772 882 ἀνά
787 819 974 914 κυδιάνειραν

265 921 519 1004 αὐτοκασίγνητον
535 925 583 987 καί
600 922 698 1002 δαέρα,
715 928 803 1005 χαῖρε
818 926 850 986 δέ
867 925 958 1006 θυμῷ·

265 1028 348 1100 Ζῆνα
363 1023 390 1087 δ’
407 1023 454 1087 ἐπ’
470 1025 633 1106 ἀκροτάτης
652 1029 784 1107 κορυφῆς
799 1028 1003 1090 πολυπίδακας
1015 1025 1094 1103 ἼδηςΙ

264 1127 373 1205 ἥμενον
390 1129 509 1203 εἰσεῖδε,
526 1127 669 1210 στυγερὸς
684 1127 718 1192 δέ
733 1131 762 1191 οἰ
778 1130 889 1192 ἔπλετο
903 1131 994 1212 θυμῷ.

263 1229 423 1311 μερμήριξε
439 1230 465 1294 δ’
483 1231 587 1294 ἔπειτα
601 1237 720 1310 βοῶπις
735 1231 844 1295 πότνια
854 1231 936 1311 Ἤρη

264 1336 367 1400 ὅππως
382 1333 569 1415 ἐξαπάφοιτο
587 1335 660 1401 Διὸς
675 1337 747 1400 νόον
761 1337 921 1418 αἰγιόχοιο·

263 1439 316 1515 ήδε
332 1437 365 1502 δέ
379 1441 408 1500 οῖ
424 1441 500 1501 κατὰ
515 1438 607 1517 θυμδν
622 1439 729 1518 ἀρίστη
746 1438 871 1518 φαίνετο
887 1433 996 1516 βουλή,

264 1543 365 1603 ἐλθεῖν
380 1543 423 1606 εἰς
435 1539 518 1618 Ἴδην
534 1541 566 1604 εῖν
582 1541 748 1605 ἐντύνασαν
763 1543 778 1604 ἔ
793 1535 895 1620 αὐτήν,
1015 1597 1022 1609 .

263 1646 292 1706 εἴ
306 1668 368 1708 πως
384 1644 529 1722 ἱμείραιτο
547 1641 765 1724 παραδραθέειν
780 1644 922 1723 φιλότητι

262 1744 281 1831 ᾖ
297 1747 395 1832 χροιῇ,
410 1747 451 1828 τῷ
467 1743 492 1808 δ’
508 1747 603 1808 ὕπνον
618 1743 758 1823 ἀπήμονά
772 1769 805 1808 τε
820 1746 926 1826 λιαρόν
941 1770 974 1810 τε

261 1849 336 1934 χεύῃ
352 1849 402 1913 ἐπὶ
416 1847 625 1928 βλεφάροισιν
640 1849 683 1911 ἰδέ
700 1849 793 1927 φρεσὶ
808 1849 1020 1934 πευκαλίμῃσι.

261 1957 305 2032 βῆ
321 1953 345 2018 δ’
365 1957 432 2032 ίμεν
448 1954 478 2018 ἐς
494 1952 638 2030 θάλαμον,
656 1953 709 2016 τόν
725 1954 754 2015 οῖ
769 1953 862 2032 φίλος
876 1953 940 2018 υῖδς
956 1951 1076 2030 ἔτευξεν

258 2057 444 2138 Ἥφαιστος,
462 2059 587 2121 πυκινὰς
602 2058 635 2118 δὲ
650 2056 739 2135 θύρας
755 2060 936 2136 σταθμοῖσιν
951 2057 1065 2137 ἐπῆρσε

262 2153 361 2237 κληῗδι
376 2161 498 2243 κρυπτῇ,
515 2159 571 2237 τὴν
585 2155 611 2220 δ’
628 2158 662 2220 οὐ
678 2156 745 2223 θεὸς
761 2159 856 2224 ἄλλος
872 2160 998 2242 ἀνῷγεν·

262 2261 324 2327 ἔνθ’
339 2263 358 2341 ή
372 2261 400 2345 γ’
417 2265 606 2326 εἰσελθοῦσα·
616 2262 706 2340 θύρας
725 2260 853 2340 ἐπέθηκε
867 2259 1003 2341 φαεινάς.

262 2367 417 2450 ἀμβροσίῃ
431 2367 487 2445 μέν
501 2369 620 2443 πρῶτον
636 2363 695 2426 ἀπὸ
710 2363 800 2446 χροὸς
816 2365 985 2443 ἱμερόεντος

261 2469 378 2546 λύματα
394 2464 492 2530 πάντα
507 2464 646 2545 κάθηρεν,
663 2466 813 2546 ἀλείψατο
829 2467 861 2527 δὲ
876 2465 940 2527 λίπ’
958 2468 1049 2551 ἐλαίῳ

262 2570 420 2652 ἀμβροσίῳ
436 2567 541 2648 ἑδανῷ,
558 2567 593 2628 τό
606 2565 645 2647 ῥά
660 2569 690 2629 αῖ
705 2565 889 2640 τεθυωμένον
904 2566 966 2644 ήεν·

260 2679 315 2736 τοῦ
330 2673 380 2735 καί
396 2669 564 2748 κινυμένοιο
581 2669 654 2734 Διὸς
671 2672 745 2731 κατὰ
759 2673 952 2750 χαλκοβατὲς
967 2677 1007 2734 δῶ

261 2779 356 2855 ἔμπης
373 2779 403 2840 ἔς
418 2772 509 2856 γαῖάν
523 2796 557 2836 τε
572 2773 620 2834 καί
636 2772 764 2852 οὐρανὸν
778 2769 851 2834 ἵκετ’
868 2773 972 2851 ἀϋτμή.

261 2882 301 2964 τῷ
316 2878 344 2959 ῥ’
360 2877 380 2955 ή
396 2902 433 2958 γε
447 2875 526 2958 χρόα
541 2872 635 2936 καλὸν
651 2872 850 2954 ἀλειψαμένη,
866 2877 911 2939 ἰδὲ
925 2878 1034 2958 χαίτας

260 2978 421 3060 πεξαμένη,
437 2977 527 3060 χερσὶ
542 2973 716 3052 πλοκάμους
732 2975 842 3054 ἔπλεξε
858 2979 999 3057 φαεινοὺς

263 3076 373 3141 καλοὺς
394 3077 581 3157 ἀμβροσίους
598 3079 631 3141 ἔκ
648 3078 773 3156 κράατος
788 3079 960 3146 ἀθανάτοιο.

261 3185 338 3265 ἀμφὶ
354 3182 378 3247 δ’
396 3181 440 3263 ἀρ’
458 3181 628 3262 ἀμβρόσιον
643 3181 731 3246 ἑανὸν
746 3181 840 3255 ἕσαθ’,
857 3185 893 3248 όν
908 3187 936 3247 οῖ
950 3183 1063 3263 Ἀθήνη

261 3285 341 3367 ἔξυσ’
359 3283 531 3363 ἀσκήσασα,
548 3285 623 3346 τίθει
639 3282 666 3347 δ’
683 3285 728 3348 ἔνὶ
742 3287 872 3349 δαίδαλα
887 3286 999 3350 πολλά·

259 3389 402 3474 χρυσείῃς
417 3385 441 3450 δ’
458 3389 578 3472 ἐνετῇσι
595 3385 669 3450 κατὰ
685 3390 797 3465 στῆθος
812 3393 968 3468 περονᾶτο.

260 3493 376 3570 ζόσατο
391 3491 424 3554 δὲ
440 3490 534 3567 ζώνην
549 3488 656 3552 ἑκατὸν
669 3489 812 3555 θυσάνοις
828 3491 979 3570 ἀραρυῖαν,

260 3597 293 3657 ἐν
307 3594 332 3657 δ’
349 3594 406 3673 ἀρα
420 3592 532 3672 ἔρματα
547 3591 618 3670 ήκεν
636 3591 805 3672 ἐϋτρήτοισι
820 3596 947 3670 λοβοῖσι

258 3698 405 3778 τρίγληνα
418 3695 574 3776 μορόεντα·
596 3693 683 3776 χάρις
698 3694 723 3759 δ’
740 3691 934 3772 ἀπελάμπετο
950 3693 1060 3775 πολλή.
