2834 4234
260 317 323 376 680
560 331 607 374 11.
631 315 867 376 ΟΔὙΣΣΕΙΑΣ
891 317 924 376 Λ.

262 483 311 546 καί
324 508 376 561 μιν
391 480 536 562 φωνήσας
553 481 629 545 ἔπεα
643 481 805 563 πτερόεντα
820 483 1003 563 προσηύδων·

305 590 326 620 “
334 585 496 665 Ἐλπῆνορ,
512 591 575 650 πῶς
590 583 682 663 ῆλθες
697 584 755 649 ὑπὸ
772 585 866 667 ζόφον
883 585 1047 666 ἠερόεντος

261 689 357 769 ἔφθης
372 688 462 766 πεζὸς
478 688 532 753 ἰὼν
546 685 565 765 ῆ
581 689 640 769 ἐγὼ
660 687 717 753 σὺν
732 687 783 767 νηὶ
796 686 956 775 μελαίνῃ.”

298 791 361 857 Ὣς
377 790 506 871 ἐφάμην,
523 793 539 854 ὃ
558 792 591 857 δέ
607 790 636 870 μ’
654 789 784 872 οἰμιόξας
802 791 947 872 ἠμείβετο
962 793 1055 876 μύθῳ·

263 901 283 930 “
295 891 444 984 [διογενὲς
463 893 640 977 Λαερτιάδη,
655 893 844 978 πολυμήχαν’
860 894 1036 979 Ὀδυσσεῦ,]

262 997 321 1062 ἆσέ
335 1022 372 1076 με
388 998 527 1077 δαίμονος
543 997 616 1060 αἶσα
632 997 706 1076 κακῆ
723 999 773 1061 καὶ
789 997 961 1078 ἀθέσφατος
976 998 1067 1066 οἶνος·

263 1103 374 1182 Κίρκης
389 1099 413 1164 δ’
432 1102 464 1163 ἐν
478 1098 598 1185 μεγάρῳ
615 1101 836 1182 καταλέγμενος
851 1101 903 1164 οὐκ
918 1103 1031 1179 ἐνόησα

262 1207 398 1286 ἄψορρον
414 1205 582 1282 καταβῆναι
599 1204 653 1268 tam
667 1205 698 1268 ἔς
714 1204 844 1282 κλίμακα
857 1203 981 1286 μακρήν,

264 1306 345 1372 ἀλλά
361 1306 536 1386 καταντικρὺ
552 1305 654 1386 τέγεος
669 1307 775 1370 πέσον·
799 1309 832 1369 ἐκ
848 1309 881 1373 δέ
893 1333 944 1389 μοι
961 1307 1059 1392 αὐχὴν

263 1411 463 1493 ἀστραγάλων
481 1409 566 1492 ἐάγη,
583 1410 668 1491 ψνχῆ
683 1408 710 1474 δ’
723 1408 867 1474 Ἀϊδόσδε
883 1412 1023 1488 κατῆλθε.
1178 1424 1210 1485 65

264 1521 317 1580 νῦν
332 1513 365 1578 δέ
379 1540 416 1578 σε
432 1520 492 1578 τῶν
507 1515 612 1577 ὄπιθεν
628 1514 818 1594 γουνάζομαι,
834 1514 870 1577 οὐ
886 1516 1066 1596 παρεόντων,

264 1619 337 1698 πρός
353 1616 377 1680 τ’
396 1617 510 1700 ἀλόχου
526 1618 574 1678 καὶ
590 1617 710 1696 πατρός,
726 1617 743 1678 ό
759 1615 788 1677 σ’
806 1618 915 1698 ἔτρεφε
931 1618 1039 1684 τυτθὸν
1054 1619 1153 1696 ἐόντα,

263 1719 448 1803 Τηλεμάχου
464 1717 501 1797 θ’,
517 1717 552 1783 δν
566 1723 676 1798 μοῦνον
692 1717 737 1782 ἐνὶ
752 1720 932 1802 μεγάροισιν
948 1722 1081 1789 ἔλειπες·

266 1825 332 1888 οἶδα
347 1826 405 1905 γδρ
421 1824 459 1887 ὡς
476 1822 595 1886 ἐνθένδε
611 1823 683 1886 κιὼν
698 1823 789 1903 δόμου
805 1822 843 1903 ἐξ
856 1822 962 1888 Ἀίδαο

266 1932 360 2006 νῆσον
376 1929 406 1993 ἐς
422 1927 530 2004 Αἰαίην
544 1924 674 2009 σχήσεις
692 1926 814 2009 εὐεργέα
831 1931 895 2005 νῆα·
1181 1950 1213 2002 70

267 2033 339 2096 ἔνθα
355 2031 384 2095 α’
400 2032 514 2108 ἔπειτα,
530 2029 615 2110 άναξ,
632 2057 648 2093 κ
666 2039 758 2110 λομαι
773 2034 946 2110 μνήσασθαι
963 2034 1053 2112 ἐμεῖο·

267 2136 307 2217 μή
323 2136 353 2215 μ’
370 2137 519 2198 ἄκλαυτον
535 2134 669 2198 ἄθαπτον
685 2136 739 2198 ἰὼν
754 2137 860 2199 όπιθεν
876 2138 1076 2211 καταλείπειν,

268 2241 459 2320 νοσφισθείς,
474 2237 514 2317 μή
531 2240 578 2301 τοί
592 2263 622 2301 τι
638 2243 715 2332 θεῶν
730 2237 843 2319 μήνιμα
858 2237 999 2320 γένωμαι,

269 2343 351 2408 ἀλλά
366 2369 403 2422 με
419 2346 545 2421 κακκῆαι
560 2341 617 2405 σὺν
632 2342 781 2426 τεύχεσιν,
797 2340 880 2404 ἀσσα
894 2345 948 2421 μοί
961 2345 1036 2418 ἐστι,

270 2446 351 2526 σῆμά
366 2447 399 2510 τέ
413 2472 463 2525 μοι
479 2450 566 2528 χεῦαι
582 2447 691 2522 πολιῆς
708 2446 757 2509 ἐπὶ
773 2447 833 2510 θινὶ
851 2444 1021 2523 θαλάσσης,
1186 2467 1216 2520 75

270 2549 375 2631 ἀνδρὸς
391 2547 559 2627 δυστήνοιο,
575 2547 624 2612 καὶ
639 2548 836 2628 ἐσσομένοισι
852 2549 1012 2614 πυθέσθαι·

270 2653 362 2716 ταῦτά
376 2651 409 2714 τέ
424 2678 475 2730 μοι
491 2652 616 2716 τελέσαι
633 2650 727 2730 πῆξαί
741 2652 766 2716 τ’
784 2652 832 2716 ἐπὶ
847 2653 952 2735 τύμβῳ
969 2654 1101 2733 ἐρετμόν,

271 2759 311 2841 τῳ
328 2753 377 2819 καὶ
394 2757 465 2832 ζωὸς
483 2754 611 2837 ἔρεσσον
627 2757 685 2820 ἐὼν
699 2753 763 2833 μετ’
780 2757 862 2834 ἐμοῖς
878 2752 1058 2836 ἑτάροισιν.”

308 2860 371 2927 Ὣς
386 2858 483 2940 ἔφατ’,
501 2860 593 2942 αὐτὰρ
608 2860 667 2942 ε’γιί
682 2885 733 2936 μιν
749 2861 948 2940 ἀμειβόμενος
963 2859 1155 2940 προσέειπον·

273 2963 395 3027 (όταῦτά
410 2961 503 3042 τοι,ὦ
523 2965 659 3042 δύστηνε,
676 2961 848 3040 τελευτήσω
864 2988 897 3028 τε
914 2961 962 3026 καὶ
977 2961 1080 3043 ἔρξω.”
1188 2978 1221 3026 8ο

316 3073 384 3132 Νῶϊ
398 3068 454 3146 μὲν
470 3069 510 3133 ὣς
526 3066 667 3130 ἐπέεσσιν
683 3065 874 3145 ἀμειβομένω
890 3071 1083 3148 στυγεροῖσιν

273 3171 369 3252 ἥμεθ’,
386 3173 445 3254 ἐγὼ
460 3173 514 3251 μὲν
529 3169 653 3232 ἀνευθεν
669 3168 718 3249 ἐφ’
736 3171 840 3250 αἵματι
856 3170 1019 3252 φάσγανον
1033 3171 1143 3254 ἴσχων,

277 3281 405 3342 εἴδωλον
420 3273 444 3338 δ’
463 3271 607 3352 ἑτέρωθεν
623 3274 742 3354 ἑταίρου
758 3273 851 3338 πόλλ’
868 3274 1020 3356 ἀγόρευεν.

312 3378 414 3441 Ἦλθε
430 3376 454 3439 δ’
471 3369 520 3436 ἐπὶ
535 3374 622 3457 ψυχὴ
636 3377 747 3458 μητρὸς
763 3377 1000 3455 κατατεθνηυίης,

277 3481 448 3545 Αὐτολύκου
463 3476 594 3561 θυγάτηρ
608 3479 812 3562 μεγαλήτορας
827 3480 1009 3560 Ἀντίκλεια,
1193 3497 1225 3558 85

275 3585 329 3664 τήν
346 3585 423 3663 ζωήν
439 3578 618 3647 κατέλειπον
633 3585 685 3648 ζὼν
701 3587 743 3650 είς
755 3583 851 3648 Ἴλιον
867 3582 941 3665 ἱρήν.

276 3690 330 3768 τῆν
348 3691 404 3766 μὲν
419 3683 476 3766 ἐγὼ
493 3683 627 3766 δάκρυσα
642 3689 714 3753 ίδὼν
733 3686 846 3767 ἐλέησά
862 3713 894 3751 τε
910 3690 998 3775 θυμῷ·
