2760 4232
351 359 419 416 ΕΙΣ
442 358 528 416 ΓΗΝ
551 358 719 438 ΜΗΤΕΡΑ
746 360 936 418 ΠΑΝΤΩΝ.
1049 376 1112 439 993

167 528 255 609 ἕδρην
269 524 366 590 ἄίδιον
382 525 501 607 έλαχες,
516 523 690 608 πρεσβηίδα
704 524 802 606 τιμήν,

168 635 262 695 καλὸν
278 629 392 713 ἔχουσα
409 628 500 711 γέρας
519 625 567 692 καὶ
582 626 680 708 τιμήν·
704 629 738 691 αθ
752 630 810 711 γὰρ
826 629 896 710 ἄτερ
912 635 968 692 σοΰ

168 735 320 798 εἰλαπίναι
337 737 502 811 θνητοῖσιν,
519 731 556 796 ἵν’
573 733 608 795 οὐ
623 733 723 819 πρότη
742 731 860 819 πυμάτῃ
874 757 908 798 τε
1099 763 1112 810 5

165 837 271 923 Ἑστίῃ
288 838 453 919 ἀρχόμενος
467 837 592 901 σπένδει
607 836 752 914 μελιηδέα
767 837 858 901 οἶνον·

168 941 216 1004 καὶ
231 939 271 1002 σύ
284 965 345 1021 μοι,
359 938 574 1022 Ἀργειφόντα,
591 939 665 1005 Διὸς
680 937 729 1002 καὶ
745 938 882 1006 Μαιάδος
897 939 952 1018 υἱέ,

167 1045 280 1126 ἄγγελε
295 1049 353 1106 τῶν
367 1041 516 1125 μακάρων,
531 1043 729 1126 χρυσόρραπι,
745 1048 841 1124 δῶτορ
857 1044 942 1119 έόων,

168 1146 264 1212 ναίετε
278 1147 398 1226 δόματα
414 1145 503 1224 καλό,
518 1147 598 1228 φίλα
613 1143 726 1227 φρεσὶν
741 1145 927 1225 ἀλλήλοισιν

167 1370 252 1434 ἵλαος
268 1368 309 1434 δν
325 1369 458 1452 ἐπάρηγε
477 1370 533 1434 σὺν
548 1371 644 1448 αἰδοίη
661 1395 693 1434 τε
709 1372 787 1456 φίλη
803 1395 836 1434 τε
1086 1399 1115 1432 ιο

166 1471 283 1559 Ἑστίῃ·
306 1474 470 1556 ἀμφότεροι
485 1477 543 1556 γὰρ
559 1475 741 1556 ἐπιχθονίων
757 1475 922 1556 ἄνθριόπωυ

169 1578 280 1644 εἰδότες
297 1578 428 1659 ἔργματα
444 1577 522 1641 καλὰ
540 1580 600 1662 νόιρ
616 1575 643 1641 θ’
659 1578 794 1642 ἕσπεσθε
810 1580 859 1642 καὶ
874 1578 947 1664 ήβη.

211 1685 317 1763 Χαῖρε,
328 1681 443 1762 Κρόνου
459 1683 596 1764 θύγατερ,
610 1682 650 1746 σθ
664 1683 760 1746 τεκαὶ
776 1682 980 1766 χρυσόρραπις
994 1679 1114 1763 Ἑρμῆς.

168 1783 260 1866 αὐτὰρ
276 1785 353 1866 ἐγὼν
367 1785 464 1864 ὑμέων
479 1811 512 1850 τε
527 1785 576 1849 καὶ
591 1785 690 1863 ἄλλης
703 1783 833 1865 μνήσομ’
848 1787 960 1863 ἄοιδῆς.

574 2137 714 2212 ΧΧΧ.

390 2326 451 2404 Εἰς
478 2329 551 2428 Γῆν
574 2329 715 2426 μητέρα
740 2324 892 2400 πάντων.

213 2496 306 2555 Γαῖαν
320 2492 527 2574 παμμήτειραν
545 2494 694 2575 ἀείσομαι,
709 2492 903 2572 ήῦθέμεθλον,

168 2597 371 2678 πρεσβίστην,
386 2594 405 2675 ή
422 2595 532 2678 φέρβει
547 2594 597 2661 ἐπὶ
613 2595 701 2678 χθονὶ
716 2596 804 2662 πάνθ’
821 2597 911 2660 δπόσ’
926 2599 1019 2662 ἐστίν·

169 2700 243 2780 ήμέν
258 2702 317 2763 ὅσα
331 2701 429 2782 χθόνα
443 2707 511 2767 δῖαν
526 2701 694 2784 ἐπέρχεται,
709 2700 756 2779 ἠδ’
771 2701 830 2764 ὅσα
844 2701 964 2775 πόντον,

168 2803 213 2880 ἠδ’
230 2804 288 2866 όσα
303 2810 468 2883 πωτῶνται,
484 2802 555 2868 τάδε
570 2803 720 2886 φέρβεται
735 2806 767 2867 ἐκ
784 2804 875 2868 σέθεν
890 2806 996 2880 ὄλβου.

170 2909 202 2968 ἐκ
218 2908 272 2972 σέο
288 2904 314 2970 δ’
329 2907 466 2974 εὔπαιδές
481 2934 515 2972 τε
530 2906 578 2972 καῖ
595 2908 736 2990 εὔκαρποι
751 2908 918 2984 τελέθουσι,
1101 2935 1115 2983 5

170 3011 285 3087 πότνια,
303 3017 358 3075 σεῦ
374 3012 399 3076 δ’
415 3012 517 3094 ἔχεται
536 3017 638 3076 δοῦναι
654 3017 727 3091 βίον
744 3010 789 3089 ἠδ’
805 3009 975 3092 ἀφελέσθαι

170 3119 289 3192 θνητοῖς
303 3116 517 3196 ἄνθρόποισιν
541 3118 562 3179 δ
577 3116 602 3180 δ’
618 3118 735 3196 ὄλβιος,
751 3117 787 3179 ἄν
803 3141 836 3179 κε
852 3115 890 3179 σὺ
906 3115 988 3200 θυμῷ

169 3220 314 3300 πρόφρων
329 3218 467 3304 τιμήσῃς·
491 3222 532 3302 τῷ
548 3219 574 3281 τ’
590 3219 710 3301 ἄφθονα
725 3218 823 3284 πάντα
837 3219 977 3300 πάρεστι,

167 3323 271 3404 βρίθει
285 3323 341 3402 μέν
356 3330 434 3405 σφιν
449 3325 559 3404 ἄρουρα
573 3323 750 3406 φερέσβιος,
765 3324 818 3402 ήδέ
834 3324 896 3387 κατ’
913 3321 1021 3403 ἀγροὺς

169 3426 308 3502 κτήνεσιν
324 3426 449 3505 εὐθηνεῖ,
461 3427 543 3493 οἶκος
559 3427 584 3491 δ’
599 3429 784 3508 ἐμπίπλαται
800 3430 930 3491 έσθλῶν·
1083 3455 1114 3488 ιο

201 3611 298 3660 XXIX.
312 3626 326 3673 3
338 3610 415 3672 ἔλαχε
424 3628 448 3660 x.
560 3623 576 3674 9
593 3611 640 3660 lac.
658 3610 790 3659 statuimus
807 3610 875 3659 cuius
892 3609 917 3658 in
935 3610 1007 3660 initio
1023 3611 1115 3659 steterit

168 3687 271 3749 εἰθότες;
287 3705 385 3738 versum
396 3699 453 3754 post
466 3702 493 3738 11
504 3696 595 3753 transp.
606 3689 707 3738 Martin.
853 3689 936 3738 XXX.
955 3690 969 3738 8
981 3685 1025 3749 πέρ
1037 3688 1090 3735 ἐστι
1100 3705 1114 3736 x

168 3773 192 3815 et
205 3766 278 3817 codd.
293 3782 310 3830 p
325 3767 430 3831 aliquot.
963 3791 966 3800 ⁴

610 3846 676 3909 xk
