2746 4228
600 383 626 429 1.
652 369 822 430 ΙΛΙΑΔΟΣ
845 369 882 429 Α.
1187 370 1207 436 5

243 535 408 601 λεύσσετε
419 538 476 618 γὰρ
488 537 525 600 τό
534 561 570 618 γε
582 533 700 608 πάντες,
713 536 793 614 όμοι
802 535 892 618 γέρας
905 536 1023 618 ἔρχεται
1036 533 1146 622 άλλη.”
1162 561 1207 596 ιοο

296 638 364 704 Τὸν
378 639 403 703 δ’
419 638 553 718 ἠμείβετ’
571 639 675 703 ἔπειτα
689 637 838 720 ποδάρκης
852 643 916 705 δῖος
929 639 1102 722 Ἀχιλλεύς·

251 739 427 823 “Ἀτρείδη
445 741 575 814 κύδιστε,
591 741 853 823 φιλοκτεανώτατε
866 739 996 814 πάντων,

252 845 324 904 πῶς
338 837 396 922 γάρ
412 865 459 904 τοι
474 841 608 904 δώσουσι
622 839 712 924 γέρας
726 839 892 922 μεγάθυμοι
906 839 1052 922 Ἀχαιοίς

255 940 330 1005 οὐδέ
343 943 375 1006 τί
387 969 446 1008 που
459 947 545 1022 ἴδμεν
560 942 665 1023 ξυνήϊα
680 945 801 1024 κείμενα
815 940 928 1007 πολλά·

259 1045 345 1108 ἀλλὰ
359 1048 397 1109 τδ
410 1049 466 1126 μὲν
480 1047 597 1112 πολίων
611 1045 823 1129 ἐξεπράθομεν,
839 1049 877 1110 τδ
891 1045 1044 1120 δέδασται,
1163 1073 1208 1122 125

256 1147 354 1215 λαοὺς
368 1149 393 1213 δ’
410 1149 462 1212 οὐκ
479 1148 597 1214 ἐπέοικε
612 1152 788 1232 παλίλλογα
802 1148 882 1214 ταῦτ’
900 1151 1077 1232 ἐπαγείρειν.

259 1251 345 1313 ὀλλδ
361 1251 399 1314 σὺ
413 1255 468 1332 μέν
483 1258 536 1318 νῦν
550 1251 639 1331 τήνδε
653 1254 712 1338 θεῷ
727 1253 828 1335 πρόες·
852 1254 943 1335 αὐτὰρ
957 1252 1078 1335 Ἀχαιοὶ

262 1356 372 1441 τριπλῇ
388 1357 539 1441 τετραπλῇ
555 1355 579 1417 τ’
597 1356 791 1434 δποτίσομεν,
807 1358 841 1420 αί
854 1353 888 1419 κέ
902 1360 973 1421 ποθι
989 1355 1063 1422 Ζεὺς

264 1458 341 1540 δῷσι
356 1457 448 1522 πόλιν
461 1459 574 1540 Τροίην
589 1456 742 1540 εὐτείχεον
756 1455 973 1536 ἐξαλαπάξαι.”

296 1560 359 1625 Τὸν
373 1559 398 1625 δ’
415 1560 658 1640 ἀπαμειβόμενος
669 1558 810 1643 προσέφη
823 1563 930 1643 κρείων
940 1561 1145 1644 Ἀγαμέμνων·
1164 1591 1209 1638 130

261 1673 280 1698 ‘⁸
290 1663 332 1742 μὴ
348 1664 384 1741 δη
401 1665 502 1738 οὕτως,
519 1664 632 1746 ἀγαθός
647 1689 704 1746 περ
720 1662 786 1738 ἐών,
803 1663 947 1728 θεοείκελ’
963 1664 1121 1748 Ἀχιλλεῦ,

261 1765 374 1830 κλέπτε
388 1767 457 1850 νόῳ,
474 1767 539 1830 ἐπεὶ
555 1765 590 1830 ού
605 1766 806 1848 παρελεύσεαι
822 1765 889 1830 οθδέ
903 1793 942 1846 με
956 1770 1082 1835 πείσεις.

261 1868 280 1947 ἦ
297 1868 422 1940 ἐθέλεις,
440 1868 507 1951 ὄφρ’
524 1869 612 1936 αὐτὸς
627 1870 701 1956 ἔχῃς
714 1868 815 1953 γέρας,
831 1869 923 1951 αύτδρ
939 1869 983 1948 ἔμ’
1000 1871 1093 1937 αύτως

260 1972 353 2051 ἧσθαι
368 1973 537 2052 δευόμενον,
554 1971 656 2036 κέλεαι
671 1971 704 2037 δέ
718 1999 756 2053 με
771 1972 850 2052 τήνδ’
867 1974 1053 2048 άπαδοΰναις

261 2074 330 2137 ἀλλ’
348 2077 374 2138 εί
388 2079 444 2155 μὲν
458 2076 592 2140 δώσουσι
606 2075 696 2158 γέρας
710 2074 877 2158 μεγάθυμοι
891 2076 1025 2160 Ἀχαιοί,
1163 2105 1208 2155 ¹35

261 2179 408 2258 ἄρσαντες
422 2181 497 2242 κατδ
513 2179 614 2257 θυμόν,
631 2180 712 2246 ὅπως
728 2176 870 2257 ἀντάξιον
884 2179 982 2244 ἔσται·

261 2283 288 2344 εἰ
304 2279 337 2345 δέ
352 2307 386 2344 κε
399 2281 440 2361 μὴ
455 2282 583 2355 δώωσιν,
600 2283 659 2365 ἐγώ
675 2280 708 2346 δέ
723 2307 776 2347 κεν
790 2281 878 2348 αύτδς
893 2282 1009 2362 ἕλωμαι

260 2381 279 2461 ἢ
295 2381 396 2462 τεὸνῆ
412 2387 540 2452 Αἴαντος
556 2387 609 2450 ἐὼν
623 2384 722 2468 γέρας,
737 2381 756 2464 ἣ
770 2383 923 2464 Ὀδυσῆος

248 2485 323 2565 άξω
339 2487 427 2553 ἑλών·
451 2490 468 2551 ὁ
483 2486 516 2552 δέ
532 2514 583 2553 κεν
598 2488 805 2572 κεχολώσεται
820 2490 856 2554 όν
870 2515 922 2555 κεν
936 2491 1053 2570 ἵκωμαι.

260 2589 330 2652 ἀλλ’
348 2589 366 2668 ἦ
381 2615 428 2653 τοι
441 2593 497 2670 μὲν
511 2595 605 2654 ταῦτα
617 2591 896 2672 μεταφρασόμεσθα
912 2593 961 2656 καὶ
976 2592 1067 2665 αὖτις,
1164 2619 1210 2668 140
1313 2633 1316 2637 -

260 2697 314 2757 νῦν
328 2692 353 2755 δ’
370 2692 426 2775 άγε
441 2697 498 2772 νῆα
511 2692 659 2773 μέλαιναν
674 2693 843 2775 ἐρύσσομεν
858 2696 901 2762 είς
916 2694 977 2758 άλα
992 2700 1068 2768 δῖαν,

262 2797 294 2860 ἐς
309 2793 334 2858 δ’
351 2794 453 2876 ἐρέτας
469 2798 606 2875 ἐπιτηδὲς
621 2796 789 2878 ἀγείρομεν,
805 2798 837 2863 ἐς
851 2795 876 2860 δ’
892 2798 1065 2877 ἑκατόμβην

262 2899 392 2975 θείομεν,
408 2897 445 2964 ἂν
459 2897 485 2962 δ’
501 2899 594 2978 αὐτὴν
607 2897 764 2981 Χρυσηΐδα
779 2897 987 2986 καλλιπάρῃον

260 2998 411 3080 βήσομεν·
434 3003 478 3067 εἶς
492 3001 526 3066 δέ
540 3027 586 3068 τις
601 3000 694 3084 ἆρχδς
709 3002 783 3084 ἀνὴρ
796 3002 993 3084 βουληφόρος
1009 3002 1097 3076 ἔστω,

259 3101 278 3178 ἢ
295 3105 370 3170 Αίας
384 3101 403 3182 ἢ
417 3103 584 3184 Ἰδομενεὺς
597 3101 616 3182 ἢ
632 3109 695 3171 δῖος
708 3103 877 3171 Ὀδυσσεὺς
1164 3130 1210 3182 ¹45

259 3207 295 3286 ἠὲ
311 3207 359 3280 σύ,
376 3206 523 3286 Πηλείδη,
539 3206 660 3273 πάντων
674 3208 873 3290 ἐκπαγλότατ’
890 3210 1014 3290 δνδρῶν,

261 3307 331 3391 ὄφρ’
347 3308 419 3388 ἡμῖν
434 3308 577 3392 ἑκάεργον
592 3309 736 3374 ἱλάσσεαι
753 3313 818 3393 ἱερδ
831 3308 948 3393 ῥέξας.”

293 3413 357 3476 Τδν
372 3411 397 3475 δ’
414 3411 458 3494 ἄρ’
474 3414 589 3496 ὑπόδρα
604 3415 676 3479 ίδδν
689 3413 830 3497 προσέφη
843 3416 938 3481 πόδας
949 3414 1024 3482 ώκὺς
1035 3415 1209 3498 Ἀχιλλεύς·

259 3515 375 3593 “ώμοι,
392 3516 544 3594 άναιδείην
555 3515 714 3596 ἐπιειμένε,
731 3518 964 3599 κερδαλεόφρον,

258 3625 324 3684 πῶς
338 3619 385 3684 τίς
400 3643 447 3681 τοι
462 3620 606 3701 πρόφρων
621 3621 728 3685 έπεσιν
742 3621 882 3699 πείθηται
894 3619 1029 3703 Ἀχαιῶν
1161 3645 1208 3695 150

256 3719 275 3806 ἢ
291 3720 365 3786 όδὸν
381 3719 539 3798 ἐλθέμεναι
553 3719 573 3801 ἢ
589 3721 734 3804 ἀνδράσιν
747 3723 797 3805 ίφι
810 3722 988 3806 μάχεσθαις

559 3976 576 4008 U
