2874 4234
475 419 478 430 ,
525 353 555 417 8.
585 348 820 419 οαυυυυιιν
852 359 890 420 ω.
1120 355 1181 437 627

277 524 340 588 Τὸν
355 524 380 588 δ’
396 526 639 607 ἀπαμειβόμενος
654 525 791 608 προσέφη
807 527 973 607 πολύμητις
989 527 1168 596 Ὀδυσσεύς·

233 634 250 662 “
263 628 415 708 Λαοδάμα,
432 631 464 692 τί
475 657 513 709 με
528 637 620 694 ταῦτα
638 631 775 696 κελεύετε
789 632 1022 712 κερτομέοντες,·

233 731 324 809 κήδεά
337 758 388 812 μοι
404 734 452 797 καὶ
466 738 588 814 μῖιλλον
603 733 647 798 ἔνὶ
664 733 774 816 φρεσὶν
788 733 808 814 ἥ
824 760 879 815 περ
894 735 1009 810 ἄεθλοι,

233 833 267 901 δς
282 837 352 917 πρὶν
366 839 422 917 μὲν
435 837 518 917 μάλα
533 837 625 902 πόλλ’
640 839 754 904 ἔπαθον
770 840 822 902 καὶ·
834 839 925 902 πόλλ’
941 841 1088 922 ἐμόγησα,
1136 867 1185 917 155.

235 944 286 1002 νῦν
302 942 335 1003 δὲ
348 941 414 1018 μεθ’
432 939 554 1028 ὑμετέρῃ
571 943 664 1028 ἀγορῇ
681 943 803 1006 νόστοιο
819 942 950 1024 χατίζων
1008 1003 1009 1007 ,

234 1043 315 1122 ἧμαι,
331 1045 514 1124 λισσόμενος
530 1045 669 1125 βασιλῆά
683 1070 716 1108 τε
733 1043 830 1108 πάντα
845 1070 878 1107 τε
893 1045 1016 1124 δήμον.”

277 1147 340 1210 Τὸν
358 1145 383 1210 δ’
398 1147 460 1211 αὖτ’
477 1148 631 1229 Εὐρύαλος
648 1148 836 1228 ἀπαμείβετο
850 1148 969 1212 νείκεσε
984 1146 1010 1211 τ’
1025 1149 1126 1226 ἄντην·

235 1256 253 1283 “
264 1250 299 1313 ού
313 1249 371 1332 γάρ
387 1249 416 1313 σ’
431 1252 515 1329 ούδέ,
525 1249 613 1330 ξεῖνε,
630 1249 754 1332 δαήμονι
770 1249 848 1331 φωτὶ
865 1250 956 1314 ἐίσκω

234 1353 345 1432 ἄθλων,
363 1354 411 1418 οίᾶ
427 1379 459 1418 τε
469 1358 579 1418 πολλὰ
592 1353 657 1436 μετ’
672 1356 857 1435 ἀνθρώποισι
874 1354 1028 1434 πέλονται,
1133 1370 1182 1421 160

233 1457 315 1520 ἀλλὰ
331 1459 372 1542 τῷ
387 1457 420 1523 ὅς
436 1458 467 1521 θ’ΙῚ
479 1458 540 1538 ἄμα
556 1458 606 1537 νηί
619 1454 799 1538 πολυκληῗδι
816 1460 957 1538 θαμίζων,

235 1561 328 1644 ἀρχὸς
343 1561 477 1626 ναυτάων
492 1564 523 1625 οῖ
538 1567 751 1643 τειπρηκτήρες
766 1563 845 1638 ἔασι,

235 1667 348 1747 φόρτου
362 1690 395 1729 τε
410 1665 534 1746 μνήμων
549 1667 597 1729 καὶ
613 1668 779 1731 ἐπίσκοπος
794 1665 866 1752 ᾗσιν
881 1667 992 1732 ὁδαίων

235 1769 363 1850 κερδέων
380 1770 406 1834 θ’
422 1768 590 1850 ἁρπαλέων·
622 1769 682 1835 οὐδ’
697 1773 843 1850 ἀθλητῆρι
859 1768 987 1836 ἔοικας.”

276 1873 338 1937 Τὸν
353 1873 379 1937 δ’
394 1873 439 1954 ἄρ’
456 1875 569 1954 ὑπόδρα
585 1875 657 1939 ἰδὼν
672 1875 813 1954 προσέφη
825 1873 993 1952 πολύμητις
1004 1873 1181 1940 Ὀδυσσεύς·

234 1985 252 2013 “
263 1975 344 2056 ξεῖν’,
360 1977 395 2039 ού
411 1977 505 2041 καλὸν
521 1978 627 2043 ἔειπες·
658 1975 820 2060 ἀτασθάλῳ
837 1974 921 2057 ἀνδρὶ
937 1977 1047 2042 ἔοικας.
1133 1989 1182 2040 166

234 2081 327 2146 οὕτως
344 2078 378 2141 οὗ
393 2078 624 2143 πάντεσσιθεοὶ
639 2081 781 2162 χαρίεντα
796 2084 931 2142 διδοῦσιν

234 2183 389 2264 ἀνδράσιν,
406 2183 474 2247 ούτε
490 2182 569 2263 φυὴν
589 2183 648 2245 σῖτ’
660 2183 697 2263 ἀρ
712 2182 823 2263 φρένας
839 2182 900 2246 οὔτ’
916 2183 1072 2265 ἀγορητύν.

233 2284 328 2350 ἄλλος
343 2285 398 2364 μὲν
413 2283 470 2366 γάρ
485 2284 511 2345 τ’
527 2283 605 2349 εἶδος
621 2285 808 2364 ἀκιδνότερος
827 2282 915 2346 πέλει
931 2282 1013 2364 ἀνήρ,

234 2388 315 2451 ἀλλὰ
331 2393 398 2453 θεὸς
412 2387 532 2469 μορφὴν
545 2387 632 2450 ἔπεσι
648 2385 765 2467 στέφει,
783 2388 812 2449 οἱ
828 2386 861 2450 δέ
876 2385 902 2449 τ’
917 2389 949 2452 ἔς
965 2387 1055 2450 αὐτὸν
1132 2411 1181 2464 170

234 2493 408 2572 τερπόμενοι
421 2491 614 2555 λεύσσουσιν·
646 2493 663 2553 ὁ
678 2487 703 2553 δ’
719 2488 881 2570 ἀσφαλέως
899 2489 1035 2572 ἀγορεύει

233 2599 313 2660 αἰδοῖ
326 2597 470 2680 μειλιχίῃ,
485 2597 560 2673 μετὰ
575 2597 608 2658 δὲ
623 2591 730 2675 πρέπει
745 2592 963 2675 ἀγρομένοισιν,

234 2701 396 2782 ἐρχόμενον
412 2699 437 2762 δ’
453 2697 509 2762 ἀνά
525 2699 601 2762 ἄστυ
617 2698 687 2763 θεὸν
703 2698 742 2762 ὣς
758 2699 945 2778 εἰσορόωσιν.

233 2803 329 2868 ἀλλος
344 2803 368 2872 δ’
384 2803 422 2865 αὖ
437 2803 515 2867 εἶδος
528 2805 584 2882 μὲν
599 2802 736 2881 ἀλίγκιος
752 2802 954 2877 ἀθανάτοισιν,

234 2904 303 2968 ἀλλ’
320 2905 355 2968 ού
370 2907 398 2969 αἱ
416 2905 505 2989 χάρις
516 2904 817 2986 ἀμφιπεριστέφεται
833 2905 984 2982 ἔπέεσσιν,
1134 2926 1181 2982 175

235 3008 273 3074 ὡς
290 3006 338 3072 καὶ
351 3006 401 3070 σοὶ
417 3010 496 3074 εἶδος
512 3012 568 3089 μὲν
583 3006 750 3090 ἀριπρεπές,
765 3008 835 3071 οὐδέ
850 3034 901 3071 κεν
916 3007 1020 3073 ἄλλως

235 3112 301 3175 οὐδὲ
317 3116 384 3178 θεδς
403 3109 525 3190 τεύξειε,
541 3112 611 3175 νόον
626 3113 651 3175 δ’
668 3113 845 3191 ἀποφώλιός
862 3114 941 3174 ἐσσι.

234 3215 341 3294 ὤρινάς
355 3241 405 3295 μοι
421 3215 514 3295 θυμὸν
530 3216 575 3279 ἔνὶ
591 3213 741 3294 στήθεσσι
757 3215 896 3296 φίλοισιν

234 3320 326 3382 είπιδν
340 3319 375 3382 ού
389 3317 464 3382 κατὰ
479 3321 603 3398 κόσμον·
633 3319 692 3400 ἔγιδ
709 3318 733 3382 δ’
751 3319 785 3382 ού
800 3321 863 3395 νῆϊς
879 3316 1007 3394 ἀέθλων,

235 3423 274 3488 ὣς
291 3423 330 3484 σύ
344 3449 380 3504 γε
396 3428 523 3503 μυθεῖαι,
540 3423 610 3485 ἀλλ’
626 3424 659 3484 ἔν
674 3423 838 3503 πρώτοισιν
853 3419 907 3484 ἀίω
1131 3439 1179 3486 180

233 3527 368 3606 ἔμμεναι,
385 3526 454 3606 ὄφρ’
470 3527 533 3612 ἥβῃ
545 3551 578 3590 τε
593 3526 738 3590 πεποίθεα
752 3525 843 3608 χερσί
857 3524 882 3586 τ’
898 3523 998 3610 ἐμῇσι.

215 3636 288 3695 ,νῦν
307 3628 333 3692 δ’
348 3629 457 3712 ἔχομαι
473 3631 610 3707 κακότητι
627 3627 675 3693 καὶ
690 3627 809 3711 ἄλγεσι·
840 3631 943 3691 πολλδ
958 3631 1015 3711 γὰρ
1031 3629 1132 3708 ἔτλην,

233 3734 350 3814 ἀνδρῶν
364 3757 396 3796 τε
411 3733 576 3812 πτολέμους
591 3731 734 3814 ἀλεγεινά
749 3757 782 3796 τε
797 3730 911 3812 κύματα
926 3733 1046 3812 πείρων.
