2792 4232
489 359 536 428 15.
561 351 730 412 1A1AA02
751 351 790 412 0.

167 521 225 597 γῆν
240 515 459 599 ὀλιγηπελέων·
482 519 534 598 ἐμὲ
549 519 575 582 δ’
590 516 652 583 οὐδ’
669 519 708 585 ὣς
723 517 815 598 θυμὸν
830 517 908 583 ἀνίει

169 620 281 703 ἀζηχὴς
296 619 385 698 ὀδύνη
400 618 572 701 Ἡρακλῆος
586 622 690 694 θείοιο,
1079 644 1110 695 ²⁵

168 722 220 786 τὸν
236 722 274 784 σὺ
289 721 342 801 ξύν
357 720 452 808 Βορέῃ
470 722 568 809 ἀνέμῳ
584 729 755 788 πεπιθοῦσα
770 722 901 790 θυέλλας

169 824 291 907 πέμψας
306 825 353 889 ἐπ’
370 826 531 907 ἀτρύγετον
544 828 664 906 πόντον,
680 829 756 891 κακδ
770 829 935 908 μητιόωσα,

170 928 219 990 καί
232 953 284 1006 μιν
299 927 403 991 ἔπειτα
418 925 530 991 Κόωνδ’
545 927 577 992 εὖ
592 927 751 1006 ναιομένην
767 925 931 992 ἀπένεικας.

170 1030 221 1094 τάν
234 1031 290 1109 μὲν
306 1031 383 1112 ἐγδν
399 1030 485 1094 ἐνθεν
499 1029 636 1115 ῥυσάμην
651 1031 700 1102 καὶ
715 1028 869 1112 ἀνήγαγον
884 1029 966 1096 αὖτις

167 1132 276 1214 Ἀργος
292 1135 322 1199 ἐς
339 1134 517 1213 ἱππόβοτον,
535 1133 583 1196 καὶ
599 1131 703 1196 πολλά
718 1159 774 1215 περ
789 1130 976 1211 ἀθλήσαντα.
1079 1154 1112 1204 30

170 1242 228 1299 τῶν
243 1237 271 1298 σ’
289 1237 370 1302 αύτις
384 1234 500 1315 μνήσω,
516 1235 553 1300 ἵν’
574 1234 750 1322 ἀπολλήξῃς
765 1234 916 1315 ἀπατάων,

171 1342 249 1421 ὄφρα
264 1343 312 1426 ἴδῃ
327 1337 365 1418 ἦν
380 1364 426 1402 τοι
440 1340 575 1425 χραίσμῃ
592 1341 721 1419 φιλότης
736 1365 769 1403 τε
785 1340 833 1402 καὶ
849 1337 927 1416 εύνή,

169 1441 206 1520 ἣν
222 1445 326 1525 ἐμίγης
342 1444 475 1506 ἐλθοῦσα
490 1447 567 1506 θεῶν
581 1443 642 1506 άπο
657 1443 709 1505 καί
721 1440 752 1522 μ’
769 1437 957 1520 ἀπάτησας.”

206 1545 269 1611 Ὣς
284 1546 374 1626 φάτο,
389 1547 516 1628 ῥίγησεν
531 1547 564 1608 δέ
578 1551 696 1625 βοῶπις
711 1546 819 1608 πότνια
830 1544 922 1626 Ἥρη,

172 1650 222 1711 καί
234 1676 286 1727 μιν
301 1646 462 1730 φωνήσασ’
479 1647 553 1712 έπεα
568 1649 732 1728 πτερόεντα
748 1649 912 1729 προσηύδαξ
1081 1673 1112 1722 35

171 1763 189 1787 “
201 1755 274 1816 ἴστω
290 1758 342 1816 νῦν
357 1753 426 1816 τόδε
440 1756 517 1814 Γαῖα
531 1752 580 1814 καὶ
596 1749 731 1833 Ούρανδς
746 1751 829 1832 εύρὺς
843 1752 952 1831 ύπερθε

170 1857 218 1918 καὶ
232 1857 266 1918 τὸ
283 1857 497 1935 κατειβόμενον
513 1854 626 1936 Στυγὸς
640 1856 726 1934 ὕδωρ,
744 1856 777 1920 ὅς
792 1879 825 1919 τε
839 1852 982 1936 μέγιστος

170 1961 256 2041 ὅρκος
270 1960 440 2024 δεινότατός
455 1983 488 2022 τε
503 1955 591 2022 πέλει
605 1955 774 2038 μακάρεσσι
791 1961 897 2030 θεοῖσι,

172 2060 210 2141 σή
227 2059 253 2125 θ’
271 2062 333 2144 ἱερὴ
351 2061 469 2142 κεφαλή
486 2063 536 2123 καὶ
552 2058 692 2141 νωΐτερον
706 2056 798 2142 λέχος
814 2061 911 2124 αύτῶν

172 2168 328 2246 κουρίδιον,
345 2163 378 2228 τδ
393 2166 448 2243 μὲν
463 2164 515 2226 οὐκ
530 2161 567 2226 ἀν
587 2163 646 2244 ἐγῶ
662 2186 735 2226 ποτε
749 2166 819 2244 μὰψ
835 2163 987 2241 ὀμόσαιμι·

171 2269 211 2346 μὴ
227 2268 264 2331 δι’
280 2268 354 2348 ἐμὴν
371 2267 473 2344 ἰότητα
489 2264 667 2330 Ποσειδάων
683 2267 851 2348 ἐνοσίχθων

171 2372 311 2450 πημαίνει
325 2368 430 2450 Τρῶάς
444 2394 478 2432 τε
493 2369 541 2432 καὶ
552 2367 691 2450 Ἕκτορα,
708 2373 790 2432 τοῖσι
804 2365 831 2432 δ’
847 2366 962 2451 ἀρήγει,
974 2429 975 2434 ,

172 2473 252 2537 ἀλλά
267 2499 324 2537 που
340 2471 429 2536 αὐτὸν
445 2471 535 2549 θυμδς
551 2471 704 2553 ἐποτρύνει
720 2473 768 2536 καὶ
784 2473 902 2554 ἀνόγει,

173 2575 357 2658 τειρομένους
372 2573 397 2639 δ’
414 2575 464 2637 ἐπὶ
480 2575 586 2652 νηυσὶν
602 2575 673 2638 ίδάυν
689 2574 816 2655 ἐλέησεν
831 2572 982 2657 Ἀχαιούς.

173 2679 262 2762 αάτύρ
277 2705 324 2742 τοι
340 2677 389 2742 καὶ
405 2678 491 2761 κείνῳ
509 2677 567 2758 ἐγδ
583 2681 855 2757 παραμυθησαίμην

172 2785 206 2868 τῇ
221 2785 287 2863 ίμεν
301 2779 321 2868 ᾗ
337 2807 388 2845 κεν
403 2781 438 2859 δὴ
456 2780 502 2860 σύ,
519 2778 705 2861 κελαινεφές,
721 2778 932 2868 ἡγεμονεύῃς.”

208 2885 269 2952 *Ως
285 2885 374 2967 φάτο,
390 2885 534 2964 μείδησεν
549 2885 582 2946 δὲ
597 2885 694 2965 πατὴρ
709 2886 823 2966 ἀνδρῶν
839 2911 871 2949 τε
886 2889 962 2949 θεῶν
977 2910 1018 2961 τε,

173 2991 222 3052 καί
233 3015 285 3069 μιν
300 2988 500 3068 ἀμειβόμενος
516 2986 590 3050 έπεα
605 2989 768 3068 πτερόεντα
784 2987 948 3068 προσηύδα·

175 3103 194 3127 “
204 3094 228 3155 εἰ
243 3091 350 3172 μὲνδὴ
366 3086 450 3170 σύγ’
466 3091 580 3162 ἔπειτα,
595 3095 714 3170 βοῶπις
729 3091 837 3154 πότνια
848 3088 940 3171 Ἥρη,

173 3194 240 3257 ἶσον
256 3195 321 3274 ἐμοὶ
338 3191 511 3274 φρονέουσα
525 3192 588 3272 μετ’
605 3191 782 3256 ἀθανάτοισι
798 3193 938 3268 καθίζοις,

174 3298 212 3378 τῷ
229 3322 260 3359 κε
275 3294 455 3358 Ποσειδάων
469 3321 514 3376 γε,
532 3295 580 3358 καὶ
597 3297 623 3358 εί
637 3294 721 3374 μάλα
735 3294 882 3375 βούλεται
897 3295 987 3380 ἀλλῃ,

175 3396 251 3477 αἶψα
264 3399 487 3479 μεταστρέψειε
503 3400 573 3464 νόον
586 3397 661 3478 μετὰ
678 3397 734 3462 σὸν
750 3396 798 3460 καὶ
814 3396 886 3475 ἐμὸν
901 3399 963 3478 κῆρ.

176 3496 242 3557 ἀλλ’
259 3500 286 3561 εἰ
301 3495 337 3576 δή
351 3496 378 3582 ῤ’
396 3497 481 3560 ἐτεόν
495 3523 532 3579 γε
547 3497 596 3560 καὶ
611 3495 756 3579 ἀτρεκέως
772 3496 931 3578 ἀγορεύεις,

177 3597 261 3680 ἔρχεο
277 3604 329 3662 νῦν
343 3601 419 3679 μετδ
434 3604 518 3679 φῦλα
533 3603 618 3670 θεῶν,
637 3600 685 3662 καὶ
701 3602 786 3680 δεῦρο
802 3597 958 3662 κάλεσσον
1041 3651 1043 3656 .

172 3696 245 3780 Ἶρίν
259 3701 283 3764 τ’
299 3700 459 3782 ἐλθέμεναι
475 3703 523 3764 καὶ
540 3700 724 3764 Ἀπόλλωνα
738 3700 927 3780 κλυτότοξον,

598 3821 620 3870 Ι.
639 3826 656 3874 2
