2746 4228
536 317 563 362 1.
589 299 758 360 ΙΛΙΑΔΟΣ
783 305 818 358 Α.
1128 313 1146 376 7

196 469 320 552 πέμψω,
337 469 396 552 ἔγδ
412 467 447 534 δέ
461 467 487 533 κ’
503 467 567 551 άγω
583 465 731 550 Βρισηίδα
746 463 955 552 καλλιπάρῃον

193 572 286 639 αιἰτδς
302 573 356 638 ίιδν
370 572 536 652 κλισίηνδε,
552 570 660 636 τδνσδν
674 569 773 652 γέρας,
790 568 859 652 ὄφρ’
875 567 908 634 ἐὺ
924 568 1004 653 εἰδῇς
1101 578 1147 640 ¹85

197 675 297 740 ὄσσον
311 673 454 755 φέρτερός
470 675 531 752 εἰμι
546 671 646 745 σέθεν,
663 670 775 757 στυγέῃ
791 674 824 736 δὲ
839 671 889 735 καὶ
904 669 1000 735 άλλος

196 777 270 843 ἴσον
285 777 349 858 ἐμοὶ
364 776 483 857 φάσθαι
498 775 548 840 καὶ
564 771 782 854 ὁμοιωθήμεναι
797 771 917 852 άντην.”
1037 845 1038 852 ῃ

234 878 299 946 *Ως
313 878 402 961 φάτο·
426 876 581 956 Πηλείωνι
596 875 621 940 δ’
637 865 713 960 ὄχος
726 875 833 959 γένετ’,
850 879 883 942 ἐν
897 875 931 940 δέ
946 877 975 938 οἱ
991 872 1061 954 ἦτορ

199 981 369 1062 στήθεσσιν
382 981 524 1044 λασίοισι
539 977 679 1062 διάνδιχα
692 977 881 1060 μερμήριξεν,
1042 1001 1044 1006 ·

197 1082 217 1162 ἢ
233 1085 251 1148 ὄ
265 1110 301 1166 γε
316 1082 476 1165 φάσγανον
490 1079 544 1160 ὀξὺ
560 1078 764 1162 ἐρυσσάμενος
779 1085 859 1164 παρὰ
872 1085 967 1162 μηροῦ
1102 1103 1147 1150 190

199 1186 268 1253 τοὺς
281 1188 337 1265 μέν
352 1185 561 1263 ἀναστήσειεν,
579 1185 595 1246 ὁ
610 1182 635 1248 δ’
650 1182 807 1267 Ἀτρείδην
822 1184 960 1266 ἐναρίζοι,

200 1291 235 1370 ἦε
250 1290 347 1374 χόλον
360 1289 505 1353 παύσειεν
520 1285 675 1370 ἐρητύσειέ
689 1311 722 1351 τε
737 1287 840 1367 θυμόν.

201 1391 255 1470 ἦος
276 1393 293 1456 ὁ
309 1391 390 1456 ταῦθ’
407 1392 536 1474 ὥρμαινε
552 1393 627 1454 κατὰ
641 1388 739 1472 φρένα
753 1391 803 1454 καὶ
818 1393 894 1454 κατδ
908 1389 1011 1469 θυμόν,

200 1497 307 1560 ἕλκετο
321 1493 347 1558 δ’
363 1496 396 1557 ἑκ
412 1497 531 1558 κολεοῖο
545 1492 624 1575 μέγα
639 1491 737 1574 ξίφος,
754 1491 829 1572 ήλθε
844 1492 869 1555 δ’
884 1490 997 1570 Ἀθήνη

200 1598 371 1679 οὐρανόθεν·
395 1596 453 1678 πρδ
466 1599 524 1680 γδρ
538 1596 593 1675 ἧκε
608 1598 664 1662 θεὰ
677 1595 865 1660 λευκόλενος
874 1592 967 1676 Ἥρη,
1103 1617 1148 1667 195

200 1702 293 1782 ἄμφω
309 1702 388 1779 άμῶς
403 1702 483 1784 θυμῷ
500 1698 653 1779 φιλέουσά
667 1722 701 1764 τε
717 1696 863 1777 κηδομένη
879 1717 922 1761 τε·

200 1806 259 1882 στῆ
276 1801 301 1867 δ’
318 1803 432 1875 ὄπιθεν,
449 1800 558 1881 ξανθῆς
573 1804 606 1866 δὲ
621 1802 714 1880 κόμης
729 1801 782 1864 έλε
796 1798 959 1878 Πηλείωνα

200 1909 255 1990 οίιρ
271 1905 446 1987 φαινομένη·
469 1910 530 1970 τῶν
544 1903 568 1968 δ’
585 1903 690 1969 ἄλλων
704 1904 739 1966 οό
753 1928 798 1969 τις
814 1904 913 1984 άρᾶτο·

200 2007 362 2088 θάμβησεν
376 2008 401 2072 δ’
415 2007 567 2092 Ἀχιλεός,
583 2009 659 2086 μετὰ
674 2005 698 2070 δ’
715 2003 861 2088 ἐτράπετ’,
878 2005 984 2069 αὐτίκα
999 2004 1024 2070 δ’
1042 2006 1119 2088 ἔγνω

200 2107 341 2176 Παλλάδ’
356 2112 529 2191 Ἀθηναίην·
553 2110 639 2176 δεινά)
654 2108 688 2174 δέ
703 2112 732 2174 οἱ
748 2111 825 2172 ὄσσε
840 2106 985 2190 φάανθεν
1102 2135 1149 2170 200

201 2215 253 2278 καί
265 2240 318 2294 μιν
332 2214 477 2296 φωνήσας
492 2215 567 2280 έπεα
581 2214 745 2295 πτερόεντα
759 2211 923 2293 προσηύδα·

200 2327 222 2354 “
230 2316 309 2382 τίπτ’
326 2317 398 2391 αὖτ’,
414 2318 564 2402 αἰγιόχοιο
580 2316 655 2382 Διὸς
669 2314 763 2388 τέκος,
780 2310 983 2391 είλήλουθαςς

198 2419 220 2500 ἦ
235 2422 285 2486 ίνα
299 2421 389 2502 ὕβριν
401 2424 450 2507 ίδῃ
464 2419 688 2502 Ἀγαμέμνονος
701 2415 858 2500 Ἀτρείδαο
870 2441 882 2492 ‚·

199 2521 272 2586 άλλ’
288 2523 321 2588 έκ
336 2549 382 2589 τοι
397 2522 481 2606 ἐρέω,
497 2522 532 2586 τδ
547 2526 580 2587 δὲ
595 2523 644 2586 καὶ
660 2519 819 2585 τελέεσθαι
835 2517 899 2582 ὀίω·

197 2624 236 2712 ᾗς
249 2627 451 2713 ὑπεροπλίῃσι
467 2624 534 2709 τάχ’
550 2626 588 2690 ὄν
602 2649 676 2688 ποτε
692 2622 784 2702 θυμδν
799 2621 947 2709 όλέσσῃ.”
1100 2650 1147 2700 ²05

241 2728 305 2794 Τδν
319 2729 344 2793 δ’
360 2729 430 2794 αιἰτε
444 2727 608 2810 προσέειπε
624 2729 678 2791 θεὰ
692 2731 865 2810 γλαυκῶπις
878 2724 1002 2804 Ἀθήνη·

198 2842 220 2868 “
230 2830 326 2911 ήλθον
340 2832 399 2914 ἐγιδ
414 2831 576 2896 παύσουσα
590 2829 629 2894 τδ-
640 2828 697 2894 σδν
709 2828 809 2908 μένος,
824 2829 860 2890 αί
872 2852 906 2891 κε
921 2828 1035 2906 πίθηαι,

196 2933 369 3015 οὐρανόθεν·
392 2932 450 3016 πρὸ
464 2931 498 2998 δέ
511 2931 541 3013 μ’
556 2933 611 3012 ήκε
625 2933 681 2997 θεδ
693 2931 881 2996 λευκώλενος
891 2927 972 3012 Ἥρη

197 3037 291 3118 άμφω
306 3037 384 3116 ὁμῶς
400 3037 480 3121 θυμῷ
497 3033 649 3118 φιλέουσά
663 3059 697 3098 τε
712 3032 857 3112 κηδομένη
874 3053 916 3097 τε·

197 3137 270 3203 ἀλλ’
285 3139 341 3221 άγε
354 3138 424 3222 λῆγ’
441 3139 546 3222 ἔριδος,
560 3139 637 3217 μηδὲ
652 3135 741 3218 ξίφος
756 3137 845 3200 έλκεο
859 3137 949 3220 χειρί·
1100 3163 1149 3200 κιο

197 3240 270 3306 ἀλλ’
283 3239 302 3320 ή
317 3266 365 3304 τοι
380 3241 487 3306 ἔπεσιν
499 3244 556 3322 μὲν
571 3240 722 3306 ὀνείδισον
737 3239 776 3328 ὧς
792 3239 896 3304 έσεταί
910 3259 976 3323 περ·

197 3339 328 3425 ὦδεγδρ
344 3341 462 3424 ἐξερέω,
478 3343 512 3407 τὸ
527 3345 561 3407 δὲ
576 3343 625 3406 καὶ
640 3340 858 3421 τετελεσμένον
873 3342 969 3406 ἔσται·

196 3447 249 3510 καί
262 3444 335 3509 ποτέ
350 3471 398 3509 τοι
411 3447 474 3525 τρὶς
488 3445 588 3509 τόσσα
602 3442 788 3526 παρέσσεται
803 3445 904 3527 ἆγλαδ
918 3449 997 3528 δῶρα

195 3551 303 3630 ὕβριος
317 3550 418 3613 είνεκα
432 3552 534 3627 τῆσδε·
558 3546 597 3611 σὺ
611 3546 636 3611 δ’
652 3550 752 3630 ίσχεο,
768 3549 871 3612 πείθεο
886 3547 911 3613 δ’
927 3549 1027 3630 ἡμῖν.”

240 3650 305 3728 Τὴν
319 3650 344 3713 δ’
361 3652 603 3731 ἀπαμειβόμενος
618 3649 759 3732 προσέφη
775 3651 869 3718 πόδας
884 3650 960 3720 ὠκὺς
973 3650 1147 3736 Ἀχιλλεύς·
