2908 4232
270 399 334 480 476
596 417 645 483 23.
662 402 834 462 ΙΛΙΑΔΟΣ
856 403 893 462 Ψ.

271 565 417 631 κάππεσε·
439 567 511 632 λαοί
527 567 551 631 δ’
562 567 604 630 αὖ
620 569 747 646 θηεῦντό
761 593 794 632 τε
809 567 975 649 θάμβησάν
989 594 1032 633 τε.

271 670 406 752 δεύτερος
421 670 483 734 αὖτ’
500 669 619 752 ἀνάειρε
635 672 789 738 πολύτλας
804 676 867 737 δῖος
881 671 1058 749 Ὀδυσσεός,

271 770 394 850 κίνησεν
415 771 441 836 δ’
458 773 515 856 ἀρα
529 774 637 837 τυτθὸν
652 775 712 836 ἀπὸ
727 774 847 856 χθονός,
864 771 933 836 οὐδέ
948 774 973 836 τ’
991 775 1100 856 ἄειρεν,
1170 796 1219 850 730

271 874 304 936 ἐν
319 876 351 937 δέ
366 875 440 957 γόνυ
454 873 605 959 γνάμψεν·
629 877 680 941 ἐπὶ
695 879 728 940 δὲ
744 876 833 958 χθονὶ
851 874 1011 942 κάππεσον
1026 877 1118 958 άμφω

270 977 399 1055 πλησίοι
414 978 591 1058 ἀλλήλοισι,
605 978 778 1058 μιάνθησαν
792 981 825 1042 δέ
841 980 936 1065 κονίη.

271 1081 321 1143 καί
335 1080 371 1146 νό
385 1107 418 1145 κε
433 1082 467 1145 τὸ
481 1083 582 1164 τρίτον
596 1082 679 1148 αὖτις
694 1080 845 1161 ἀναΐξαντ’
863 1080 1020 1162 ἐπάλαιον,

270 1184 298 1246 εί
311 1183 352 1262 μὴ
367 1183 531 1267 Ἀχιλλεὺς
546 1184 634 1251 αὐτὸς
649 1185 793 1248 ἀνίστατο
812 1184 862 1248 καὶ
878 1183 1028 1267 κατέρυκε·

272 1293 288 1320 “
297 1285 402 1365 μηκέτ’
418 1288 599 1369 ἐρείδεσθον,
614 1290 690 1368 μηδὲ
705 1291 851 1369 τρίβεσθε
869 1293 999 1353 κακοῖσι·
1170 1312 1218 1366 735

270 1389 336 1468 νίκη
353 1389 379 1453 δ’
395 1390 624 1473 ἀμφοτέροισιν·
648 1391 757 1454 ἀέθλια
771 1390 796 1454 δ’
813 1388 858 1455 ἶσ’
873 1392 1035 1458 ἀνελόντες

271 1492 401 1576 ἔρχεσθ’,
418 1496 499 1576 ὄφρα
514 1495 564 1559 καὶ
579 1494 671 1558 ἀλλοι
687 1493 875 1560 ἀεθλεύωσιν
889 1491 1040 1577 Ἀχαιοί.”

307 1594 370 1662 Ὣς
386 1597 483 1679 ἔφαθ’,
501 1600 530 1660 οί
545 1599 573 1662 δ’
588 1598 646 1680 ἀρα
661 1603 713 1662 τοῦ
726 1595 811 1677 μάλα
825 1599 881 1678 μὲν
897 1598 989 1662 κλόον
1003 1594 1049 1678 ἠδ’
1066 1599 1218 1674 ἐπίθοντο,

270 1701 322 1764 καί
332 1699 359 1784 ῤ’
376 1699 612 1783 ἀπομορξαμένω
628 1703 731 1780 κονίην
746 1699 876 1764 δάσαντο
891 1707 1032 1784 χιτῶνας.

312 1803 466 1883 Πηλείδης
481 1803 505 1868 δ’
523 1802 590 1884 αἶψ’
607 1804 690 1868 ἀλλα
708 1805 784 1868 τίθει
799 1805 963 1887 ταχυτῆτος
979 1804 1086 1882 άεθλα,
1170 1828 1219 1884 740

269 1908 419 2003 ἀργύρεονΙ
429 1913 567 1992 κρητῆρα,
583 1907 772 1992 τετυγμένον·
796 1905 833 1986 ἐξ
844 1907 870 1971 δ’
887 1907 944 1989 ἀρα
958 1906 1053 1990 μέτρα

269 2011 428 2094 χάνδανεν,
445 2014 537 2094 αὐτὰρ
557 2011 664 2078 κάλλει
680 2013 765 2077 ἐνίκα
779 2015 882 2077 πᾶσαν
897 2012 944 2076 ἐπ’
961 2012 1031 2078 αἶαν

270 2119 397 2194 πολλόν,
414 2119 480 2183 ἐπεὶ
496 2119 619 2183 Σιδόνες
635 2120 853 2182 πολυδαίδαλοι
869 2115 901 2180 εδ
916 2114 1066 2197 ἤσκησαν,

269 2221 409 2287 Φοίνικες
424 2217 450 2284 δ’
466 2221 543 2304 άγον
558 2222 663 2302 ἀνδρες
678 2219 725 2283 ἐπ’
742 2217 896 2301 ἠεροειδέα
911 2220 1035 2300 πόντον,

270 2327 388 2404 στῆσαν
403 2323 431 2388 δ’
448 2325 481 2388 ἐν
494 2323 665 2405 λιμένεσσι,
683 2323 799 2388 Θόαντι
814 2324 847 2386 δὲ
862 2327 958 2404 δῶρον
973 2322 1097 2388 ἔδωκαν·
1170 2347 1218 2402 745

268 2429 333 2493 υἶος
348 2429 380 2490 δὲ
396 2425 546 2509 Πριάμοιο
561 2425 714 2492 Λυκάονος
729 2423 807 2490 ἀνον
822 2426 915 2490 ἔδωκε

269 2531 437 2614 Πατρόκλῳ
452 2524 527 2611 ἥρωϊ
543 2529 711 2607 Ἰησονίδης
726 2527 850 2606 Εὔνηος.

270 2633 318 2696 καὶ
332 2633 385 2698 τὸν
398 2631 564 2715 Ἀχιλλεὺς
579 2635 671 2710 θῆκεν
687 2628 812 2696 ἀέθλιον
826 2630 861 2692 οὗ
876 2628 1002 2711 ἑτάροιο,

269 2732 303 2802 ὅς
316 2761 362 2802 τις
377 2736 587 2817 ἐλαφρότατος
604 2735 701 2799 ποσσί
716 2738 890 2815 κραιπνοῖσι
904 2735 1041 2797 πέλοιτο·

269 2838 395 2924 δευτέρῳ
410 2838 446 2902 αὖ
460 2844 539 2919 βοῦν
554 2841 626 2916 θῆκε
640 2836 738 2920 μέγαν
753 2837 803 2900 καὶ
817 2839 909 2901 πίονα
923 2837 1018 2921 δημῷ,
1169 2861 1218 2915 750

268 2942 471 3023 ἡμιτάλαντον
485 2943 519 3005 δέ
532 2947 648 3025 χρυσοῦ
662 2939 797 3018 λοισθήϊ’
814 2941 913 3020 ἔθηκε.

268 3050 327 3126 στῆ
343 3044 367 3110 δ’
383 3045 471 3128 ὀρθδς
486 3043 535 3109 καὶ
550 3049 645 3126 μῦθον
660 3048 694 3109 ἐν
709 3044 895 3127 Ἀργείοισιν
911 3043 1021 3110 ἔειπεν·

270 3157 288 3185 “
298 3148 418 3232 ὄρνυσθ’
433 3149 462 3212 οδ
478 3149 526 3214 καὶ
544 3148 650 3212 τούτου
665 3146 777 3213 ἀέθλου
792 3145 1007 3230 πειρήσεσθε.”

269 3254 308 3319 ὡς
324 3250 422 3333 ἔφατ’,
439 3252 551 3333 ὤρνυτο
567 3251 592 3315 δ’
610 3248 702 3314 αάτίκ’
718 3250 844 3328 Ὀϊλῆος
859 3250 951 3335 ταχὺς
968 3251 1051 3325 Αϊας,

267 3355 305 3421 δν
320 3354 345 3419 δ’
360 3353 508 3421 Ὀδυσεὺς
522 3353 698 3434 πολόμητις,
716 3353 821 3420 ἔπειτα
836 3356 869 3420 δὲ
885 3355 1041 3435 Νέστορος
1054 3352 1120 3420 υϊδς
1169 3376 1217 3432 755

267 3459 453 3540 Ἀντίλοχος·
476 3460 566 3540 όγδρ
580 3457 651 3523 αὖτε
666 3455 753 3524 νέους
772 3459 848 3522 ποσὶ
863 3456 978 3522 πάντας
992 3458 1087 3522 ἐνίκα.

268 3558 362 3649 [στάν
376 3562 409 3624 δέ
422 3562 611 3645 μεταστοιχί·
634 3559 749 3641 σήμηνε
765 3563 798 3625 δὲ
816 3558 934 3641 τέρματ’
949 3555 1142 3648 Ἀχιλλεύς]

267 3670 348 3729 τοῖσι
363 3662 387 3728 δ’
405 3665 465 3727 ἀπὸ
482 3663 599 3743 νόσσης
613 3662 719 3730 τέτατο
734 3664 852 3746 δρόμος·
877 3661 941 3728 ἀκα
956 3662 981 3727 δ’
997 3663 1101 3730 ἔπειτα

268 3766 368 3852 ἔκφερ’
385 3764 552 3845 Ὀϊλιάδης·
576 3768 626 3831 ἐπὶ
640 3764 667 3832 δ’
684 3768 796 3849 ὤρνυτο
810 3771 874 3836 δῖος
888 3765 1057 3836 Ὀδυσσεὺς
