2874 4234
524 359 553 420 6.
577 359 811 422 ΟΔῪΣΣΕῙΑΣ
841 360 874 419 Ζ.
1110 358 1169 418 601

225 529 244 608 ή
261 531 294 593 δὲ
308 527 378 608 μάλ’
396 529 469 612 ἄγχι
486 533 587 591 στᾶσα
603 529 695 608 φίλον
711 527 825 609 πατέρα
840 528 1013 606 προσέειπε·

270 637 290 666 “
301 632 418 697 Πάππα
433 630 509 712 φίλ’,
528 632 580 695 ούκ
596 631 633 694 ἄν
648 629 685 709 δή
699 655 750 710 μοι
767 632 988 711 ἐφοπλίσσειας
1003 628 1121 710 ἀπήνην

226 737 352 817 ὑψηλὴν
368 736 521 811 εὔκυκλον,
537 741 586 798 ἵνα
603 737 697 798 κλυτὰ
713 731 807 812 εἵματ’
824 734 942 816 ἄγωμαι

228 842 258 906 ές
274 840 409 920 ποταμὸν
424 839 608 916 πλυνέουσα,
624 837 662 900 τά
675 863 728 916 μοι
741 838 935 918 ῥερυπωμένα
951 844 1045 902 κεῖται
1054 863 1065 910 ,·

227 940 276 1006 καὶ
292 946 324 1007 δὲ
341 941 391 1006 σοὶ
406 944 485 1029 αὐτῷ
502 944 581 1006 έοικε
596 941 670 1022 μετὰ
686 943 852 1020 πρότασιν
867 943 954 1005 ἐόντα
1138 954 1172 1004 6ο

226 1045 342 1125 βουλάς
357 1048 519 1124 βουλεύειν
534 1045 647 1126 καθαρά
661 1045 733 1128 χροὶ
748 1043 842 1123 εἵματ’
859 1045 978 1127 έχοντα.

226 1151 317 1215 πέντε
332 1148 364 1214 δέ
378 1177 425 1213 τοι
441 1151 528 1231 φίλοι
542 1151 604 1216 υἵες
620 1147 663 1213 ἐνὶ
678 1154 818 1231 μεγάροις
833 1147 991 1230 γεγάασιν,

226 1255 255 1316 οἵ
272 1251 321 1317 δύ’
336 1255 502 1330 ὀπυίοντες,
518 1259 599 1330 τρεῖς
610 1249 634 1316 δ’
649 1251 745 1330 ἠΐθεοι
761 1252 948 1318 θαλέθοντες·

226 1358 255 1419 οἵ
271 1355 297 1420 δ’
313 1355 372 1421 αἵεὶ
391 1358 531 1420 ἐθέλουσι
548 1358 699 1419 νεόπλυτα
713 1353 808 1431 εἵματ’
823 1355 945 1438 ἔχοντες

226 1461 256 1526 ἐς
272 1467 364 1544 χορὸν
378 1459 532 1540 ἔρχεσθαι·
555 1462 593 1522 τὰ
607 1457 633 1522 δ’
645 1457 701 1544 ἐμῇ
716 1459 802 1539 φρενὶ
819 1459 917 1523 πάντα
931 1458 1094 1539 μέμηλεν.”
1140 1471 1171 1533 ⁶5

263 1561 326 1629 Ὠς
343 1563 445 1644 ἔφατ’·
469 1566 569 1628 αἵδετο
585 1564 642 1645 γὰρ
658 1567 788 1641 θαλερὸν
803 1561 900 1644 γάμον
916 1560 1095 1643 ἐξονομῆναι

226 1665 314 1747 πατρὶ
331 1670 423 1752 φίλῳ·
447 1669 463 1729 ὁ
479 1670 511 1730 δέ
526 1665 626 1730 πάντα
641 1667 704 1730 νόει
720 1664 769 1728 καὶ
785 1667 929 1746 ἀμείβετο
944 1667 1034 1752 μύθῳ·

268 1775 286 1804 “
297 1769 376 1834 Οὔτε
392 1796 439 1834 τοι
454 1770 586 1848 ἡμιόνων
602 1769 732 1849 φθονέω,
747 1768 843 1842 τέκος,
859 1770 926 1834 οὔτε
941 1795 992 1834 τευ
1007 1771 1114 1834 ἄλλου.

229 1875 327 1956 έρχευ·
351 1872 425 1954 ἄτάρ
441 1898 486 1938 τοι
502 1878 598 1952 δμῶες
610 1875 858 1952 ἐφοπλίσσουσιν
873 1871 991 1951 ἀπήνην

224 1978 347 2059 ὑψηλὴν
364 1977 517 2052 εὔκυκλον,
532 1977 690 2060 ὑπερτερίῃ
705 1975 876 2055 άραρυῑαν.”
1140 1999 1172 2052 70

262 2079 325 2146 Ὣς
342 2080 436 2143 εἰπὸν
451 2079 605 2157 δμώεσσιν
620 2077 773 2156 ἐκέκλετο,
787 2079 833 2141 τοὶ
849 2077 874 2144 δ’
891 2080 1041 2146 ἐπίθοντο.

224 2187 253 2247 οἱ
267 2187 323 2265 μὲν
338 2180 383 2263 ἄρ’
399 2182 487 2248 ἐκτὸς
500 2179 618 2260 ἄμαξαν
634 2179 779 2262 έύτροχον
793 2181 950 2259 ἡμιονείην

224 2290 353 2362 ὥπλεον,
369 2287 510 2365 ἡμιόνους
526 2283 553 2348 θ’
568 2287 684 2367 ὕπαγον
703 2285 808 2363 ζεῦξάν
824 2283 849 2346 θ’
863 2284 913 2350 ὑπ’
929 2285 1038 2373 ἀπήνῃ·

223 2391 311 2471 κούρη
328 2389 353 2453 δ’
369 2392 401 2453 ἐκ
417 2389 565 2467 θαλάμοιο
582 2388 676 2472 φέρεν
692 2389 805 2467 ἐσθῆτα
820 2389 960 2470 φαεινήν.

224 2497 272 2558 καὶ
288 2495 343 2574 τὴν
357 2496 413 2575 μὲν
428 2493 590 2569 κατέθηκεν
606 2491 738 2577 ἐϋξέστῳ
750 2491 797 2556 ἐπ’
813 2492 922 2580 άπήνῃ,

223 2596 319 2678 μήτηρ
335 2597 361 2660 δ’
377 2600 410 2660 ἐν
425 2597 513 2682 κίστῃ
528 2594 619 2660 έτίθει
635 2594 780 2674 μενοεικέ’
796 2595 910 2676 ἐδωδήν

223 2703 376 2776 παντοίην,
394 2699 426 2764 έν
444 2699 469 2764 δ’
485 2702 550 2782 ἄφα
565 2701 654 2776 τίθει,
669 2701 701 2763 ἐν
717 2698 743 2763 δ’
759 2700 840 2764 οἶνον
856 2702 962 2784 ἔχευεν

222 2806 307 2889 ἄσκῷ
322 2807 353 2868 έν
369 2807 482 2888 αἰγείῳ·
508 2804 596 2884 κούρη
612 2801 637 2866 δ’
654 2801 818 2882 έπεβήοετ’
835 2803 960 2883 ἀπήνης.

223 2913 316 2972 δῶκεν
335 2911 367 2972 δὲ
382 2906 498 2992 χρυσέῃ
515 2911 547 2972 ἐν
562 2908 682 2991 ληκύθῳ
698 2908 790 2989 ὑγρὸν
806 2907 919 2981 ἔλαιον,

222 3011 275 3089 ήος
291 3012 482 3094 χυτλώσαιτο
499 3011 555 3074 σὺν
572 3012 778 3091 ἀμφιπόλοισι
793 3010 938 3094 γυναιξίν.
1139 3029 1171 3088 8ο

149 3151 151 3158 ·
222 3114 241 3192 ή
257 3113 282 3178 δ’
300 3116 414 3192 ἔλαβεν
429 3113 565 3196 μάστιγα
581 3111 628 3178 καὶ
644 3114 714 3192 ἡνία
730 3117 925 3197 σιγαλόεντα,

220 3214 367 3295 μάστιξεν
383 3216 408 3281 δ’
423 3216 526 3281 έλᾶαν·
551 3217 667 3300 καναχὴ
683 3216 708 3281 δ’
723 3217 761 3297 ήν
774 3219 934 3299 ήμιόνοιϊν·

221 3323 253 3384 αἵ
273 3319 298 3382 δ’
315 3324 426 3399 ἄμοτον
442 3321 596 3395 τανύοντο,
614 3322 709 3402 φέρον
725 3322 749 3386 δ’
767 3324 882 3399 ἐσθῆτα
898 3326 948 3389 καὶ
963 3323 1065 3404 αὐτήν,

222 3423 273 3485 οὐκ
294 3425 367 3500 οἵην,
384 3423 445 3502 ἄμα
460 3425 496 3508 τῇ
513 3450 549 3508 γε
566 3422 613 3487 καὶ
629 3424 800 3505 ἀμφίπολοι
816 3429 881 3491 κίον
895 3425 997 3491 ἄλλαι.

266 3528 305 3589 Αἵ
320 3525 345 3590 δ’
363 3528 413 3591 ὅτε
428 3528 464 3606 δή
480 3533 627 3606 ποταμοῖο
641 3530 713 3610 ῥόον
732 3531 907 3609 περικαλλέ’
922 3533 1034 3611 ἵκοντο,
1141 3547 1172 3607 85

221 3629 282 3694 ἐνθ’
299 3629 318 3708 ή
335 3655 381 3694 τοι
396 3629 504 3696 πλυνοὶ
520 3632 599 3712 ἦσαν
616 3634 784 3710 ἐπηετανοί,
799 3634 879 3698 πολὺ
894 3635 919 3699 δ’
935 3637 1014 3716 ὕδωρ

222 3740 317 3798 καλὸν
332 3736 526 3816 ὑπεκπρορέει
541 3737 626 3816 μάλα
642 3762 698 3820 περ
712 3737 871 3822 ῥυπόωντα
887 3743 1023 3820 καθῆραι,
