<?xml version="1.0" encoding="UTF-8"?>
<!DOCTYPE html PUBLIC "-//W3C//DTD XHTML 1.0 Transitional//EN"
    "http://www.w3.org/TR/xhtml1/DTD/xhtml1-transitional.dtd">
<html xmlns="http://www.w3.org/1999/xhtml" xml:lang="en" lang="en">
 <head>
  <title>
</title>
<meta http-equiv="Content-Type" content="text/html;charset=utf-8" />
  <meta name='ocr-system' content='tesseract 3.04.00' />
  <meta name='ocr-capabilities' content='ocr_page ocr_carea ocr_par ocr_line ocrx_word'/>
</head>
<body>
  <div class='ocr_page' id='page_1' title='image "./homerioperaetre00homegoog_0082.png"; bbox 0 0 2746 4228; ppageno 0'>
   <div class='ocr_carea' id='block_1_1' title="bbox 263 379 873 460">
    <p class='ocr_par' dir='ltr' id='par_1_1' title="bbox 263 379 873 460">
     <span class='ocr_line' id='line_1_1' title="bbox 263 379 873 460; baseline 0.01 -19"><span class='ocrx_word' id='word_1_1' title='bbox 263 379 304 442; x_wconf 78' lang='grc' dir='ltr'>ια</span> <span class='ocrx_word' id='word_1_2' title='bbox 583 401 615 460; x_wconf 85' lang='lat'>4.</span> <span class='ocrx_word' id='word_1_3' title='bbox 639 387 812 447; x_wconf 75' lang='grc' dir='ltr'>ιΛιΑοον</span> <span class='ocrx_word' id='word_1_4' title='bbox 835 389 873 447; x_wconf 80' lang='grc' dir='ltr'>Δ.</span> 
     </span>
    </p>
   </div>
   <div class='ocr_carea' id='block_1_2' title="bbox 263 549 1209 3834">
    <p class='ocr_par' dir='ltr' id='par_1_2' title="bbox 263 549 1207 1771">
     <span class='ocr_line' id='line_1_2' title="bbox 263 549 1070 636; baseline 0.006 -23"><span class='ocrx_word' id='word_1_5' title='bbox 263 551 314 614; x_wconf 82' lang='grc' dir='ltr'>οὐκ</span> <span class='ocrx_word' id='word_1_6' title='bbox 334 551 414 616; x_wconf 98' lang='grc' dir='ltr'>ἀνύω</span> <span class='ocrx_word' id='word_1_7' title='bbox 428 549 600 634; x_wconf 85' lang='grc' dir='ltr'>φθονέουσ’,</span> <span class='ocrx_word' id='word_1_8' title='bbox 619 553 685 618; x_wconf 71' lang='grc' dir='ltr'>ἐπεὶ</span> <span class='ocrx_word' id='word_1_9' title='bbox 701 553 719 633; x_wconf 87' lang='grc' dir='ltr'>ή</span> <span class='ocrx_word' id='word_1_10' title='bbox 734 552 813 618; x_wconf 80' lang='grc' dir='ltr'>πολὺ</span> <span class='ocrx_word' id='word_1_11' title='bbox 828 552 973 636; x_wconf 88' lang='grc' dir='ltr'>φέρτερός</span> <span class='ocrx_word' id='word_1_12' title='bbox 988 554 1070 618; x_wconf 77' lang='grc' dir='ltr'>ἐσσι.</span> 
     </span>
     <span class='ocr_line' id='line_1_3' title="bbox 263 654 1077 739; baseline 0.007 -22"><span class='ocrx_word' id='word_1_13' title='bbox 263 655 345 718; x_wconf 82' lang='grc' dir='ltr'>ἀλλά</span> <span class='ocrx_word' id='word_1_14' title='bbox 358 655 417 739; x_wconf 79' lang='grc' dir='ltr'>χρή</span> <span class='ocrx_word' id='word_1_15' title='bbox 434 657 483 720; x_wconf 82' lang='grc' dir='ltr'>καὶ</span> <span class='ocrx_word' id='word_1_16' title='bbox 498 655 571 736; x_wconf 74' lang='grc' dir='ltr'>ἐμὸν</span> <span class='ocrx_word' id='word_1_17' title='bbox 586 654 708 736; x_wconf 87' lang='grc' dir='ltr'>θέμεναι</span> <span class='ocrx_word' id='word_1_18' title='bbox 723 658 817 722; x_wconf 92' lang='grc' dir='ltr'>πόνον</span> <span class='ocrx_word' id='word_1_19' title='bbox 832 657 885 720; x_wconf 83' lang='grc' dir='ltr'>οὐκ</span> <span class='ocrx_word' id='word_1_20' title='bbox 901 655 1077 723; x_wconf 83' lang='grc' dir='ltr'>ἀτέλεστον·</span> 
     </span>
     <span class='ocr_line' id='line_1_4' title="bbox 264 756 1108 841; baseline 0.002 -22"><span class='ocrx_word' id='word_1_21' title='bbox 264 756 384 840; x_wconf 78' lang='grc' dir='ltr'>καὶγὰρ</span> <span class='ocrx_word' id='word_1_22' title='bbox 400 759 459 840; x_wconf 71' lang='grc' dir='ltr'>ἐγὼ</span> <span class='ocrx_word' id='word_1_23' title='bbox 475 759 543 825; x_wconf 89' lang='grc' dir='ltr'>θεός</span> <span class='ocrx_word' id='word_1_24' title='bbox 558 761 628 838; x_wconf 87' lang='grc' dir='ltr'>είμι,</span> <span class='ocrx_word' id='word_1_25' title='bbox 642 758 730 841; x_wconf 89' lang='grc' dir='ltr'>γένος</span> <span class='ocrx_word' id='word_1_26' title='bbox 746 757 779 822; x_wconf 89' lang='grc' dir='ltr'>δέ</span> <span class='ocrx_word' id='word_1_27' title='bbox 792 784 845 840; x_wconf 88' lang='grc' dir='ltr'>μοι</span> <span class='ocrx_word' id='word_1_28' title='bbox 860 759 947 824; x_wconf 88' lang='grc' dir='ltr'>ένθεν</span> <span class='ocrx_word' id='word_1_29' title='bbox 962 760 1032 823; x_wconf 84' lang='grc' dir='ltr'>ὅθεν</span> <span class='ocrx_word' id='word_1_30' title='bbox 1048 759 1108 834; x_wconf 78' lang='grc' dir='ltr'>σοι’,</span> 
     </span>
     <span class='ocr_line' id='line_1_5' title="bbox 264 860 1077 945; baseline 0.006 -22"><span class='ocrx_word' id='word_1_31' title='bbox 264 863 315 924; x_wconf 85' lang='grc' dir='ltr'>καί</span> <span class='ocrx_word' id='word_1_32' title='bbox 326 887 364 940; x_wconf 88' lang='grc' dir='ltr'>με</span> <span class='ocrx_word' id='word_1_33' title='bbox 379 861 593 945; x_wconf 75' lang='grc' dir='ltr'>πρεσβυτάτην</span> <span class='ocrx_word' id='word_1_34' title='bbox 608 861 710 926; x_wconf 83' lang='grc' dir='ltr'>τέκετο</span> <span class='ocrx_word' id='word_1_35' title='bbox 727 863 842 945; x_wconf 88' lang='grc' dir='ltr'>Κρόνος</span> <span class='ocrx_word' id='word_1_36' title='bbox 856 860 1077 945; x_wconf 89' lang='grc' dir='ltr'>ἀγκυλομήτης,</span> 
     </span>
     <span class='ocr_line' id='line_1_6' title="bbox 264 955 1207 1050; baseline 0 -24"><span class='ocrx_word' id='word_1_37' title='bbox 264 964 443 1046; x_wconf 87' lang='grc' dir='ltr'>ἀμφότερον,</span> <span class='ocrx_word' id='word_1_38' title='bbox 459 967 549 1050; x_wconf 76' lang='grc' dir='ltr'>γενεῇ</span> <span class='ocrx_word' id='word_1_39' title='bbox 565 990 598 1029; x_wconf 93' lang='grc' dir='ltr'>τε</span> <span class='ocrx_word' id='word_1_40' title='bbox 614 967 663 1030; x_wconf 83' lang='grc' dir='ltr'>καὶ</span> <span class='ocrx_word' id='word_1_41' title='bbox 678 955 787 1030; x_wconf 83' lang='grc' dir='ltr'>όύνεκα</span> <span class='ocrx_word' id='word_1_42' title='bbox 801 965 841 1044; x_wconf 80' lang='grc' dir='ltr'>σή</span> <span class='ocrx_word' id='word_1_43' title='bbox 858 963 1033 1047; x_wconf 75' lang='grc' dir='ltr'>παράκοιτις</span> <span class='ocrx_word' id='word_1_44' title='bbox 1172 974 1207 1026; x_wconf 84' lang='grc' dir='ltr'>6ο</span> 
     </span>
     <span class='ocr_line' id='line_1_7' title="bbox 264 1063 1077 1146; baseline 0.001 -18"><span class='ocrx_word' id='word_1_45' title='bbox 264 1064 418 1146; x_wconf 77' lang='grc' dir='ltr'>κέκλημαι,</span> <span class='ocrx_word' id='word_1_46' title='bbox 435 1067 474 1130; x_wconf 80' lang='grc' dir='ltr'>σὺ</span> <span class='ocrx_word' id='word_1_47' title='bbox 489 1068 521 1131; x_wconf 76' lang='grc' dir='ltr'>δέ</span> <span class='ocrx_word' id='word_1_48' title='bbox 536 1070 613 1130; x_wconf 76' lang='grc' dir='ltr'>πᾶσι</span> <span class='ocrx_word' id='word_1_49' title='bbox 627 1063 692 1146; x_wconf 85' lang='grc' dir='ltr'>μετ’</span> <span class='ocrx_word' id='word_1_50' title='bbox 709 1066 908 1131; x_wconf 81' lang='grc' dir='ltr'>ἀθανάτοισιν</span> <span class='ocrx_word' id='word_1_51' title='bbox 921 1067 1077 1134; x_wconf 80' lang='grc' dir='ltr'>ἀνάσσεις.</span> 
     </span>
     <span class='ocr_line' id='line_1_8' title="bbox 264 1166 987 1251; baseline 0 -17"><span class='ocrx_word' id='word_1_52' title='bbox 264 1166 335 1234; x_wconf 89' lang='grc' dir='ltr'>ἀλλ’</span> <span class='ocrx_word' id='word_1_53' title='bbox 350 1169 370 1250; x_wconf 80' lang='grc' dir='ltr'><em>ἦ</em></span> <span class='ocrx_word' id='word_1_54' title='bbox 384 1195 430 1234; x_wconf 91' lang='grc' dir='ltr'>τοι</span> <span class='ocrx_word' id='word_1_55' title='bbox 444 1172 500 1251; x_wconf 76' lang='grc' dir='ltr'>μέν</span> <span class='ocrx_word' id='word_1_56' title='bbox 515 1168 598 1233; x_wconf 79' lang='grc' dir='ltr'>τοῦθ’</span> <span class='ocrx_word' id='word_1_57' title='bbox 612 1169 792 1251; x_wconf 80' lang='grc' dir='ltr'>ὑποείξομεν</span> <span class='ocrx_word' id='word_1_58' title='bbox 809 1169 987 1251; x_wconf 86' lang='grc' dir='ltr'>ἀλλήλοισι,</span> 
     </span>
     <span class='ocr_line' id='line_1_9' title="bbox 265 1269 1108 1356; baseline -0.001 -20"><span class='ocrx_word' id='word_1_59' title='bbox 265 1275 315 1338; x_wconf 87' lang='grc' dir='ltr'>σοὶ</span> <span class='ocrx_word' id='word_1_60' title='bbox 329 1275 385 1354; x_wconf 71' lang='grc' dir='ltr'>μὲν</span> <span class='ocrx_word' id='word_1_61' title='bbox 400 1275 468 1356; x_wconf 79' lang='grc' dir='ltr'>έγιό,</span> <span class='ocrx_word' id='word_1_62' title='bbox 486 1272 525 1336; x_wconf 80' lang='grc' dir='ltr'>σὺ</span> <span class='ocrx_word' id='word_1_63' title='bbox 540 1269 564 1337; x_wconf 88' lang='grc' dir='ltr'>δ’</span> <span class='ocrx_word' id='word_1_64' title='bbox 582 1274 657 1353; x_wconf 83' lang='grc' dir='ltr'>έμοί·</span> <span class='ocrx_word' id='word_1_65' title='bbox 682 1275 733 1338; x_wconf 78' lang='grc' dir='ltr'>ἐπὶ</span> <span class='ocrx_word' id='word_1_66' title='bbox 749 1271 774 1338; x_wconf 87' lang='grc' dir='ltr'>δ’</span> <span class='ocrx_word' id='word_1_67' title='bbox 791 1274 919 1356; x_wconf 76' lang='grc' dir='ltr'>ἕψονται</span> <span class='ocrx_word' id='word_1_68' title='bbox 935 1275 999 1340; x_wconf 82' lang='grc' dir='ltr'>θεοὶ</span> <span class='ocrx_word' id='word_1_69' title='bbox 1015 1275 1108 1337; x_wconf 84' lang='grc' dir='ltr'>ἄλλοι</span> 
     </span>
     <span class='ocr_line' id='line_1_10' title="bbox 265 1370 990 1460; baseline 0 -23"><span class='ocrx_word' id='word_1_70' title='bbox 265 1375 417 1437; x_wconf 85' lang='grc' dir='ltr'>ἀθάνατοι·</span> <span class='ocrx_word' id='word_1_71' title='bbox 441 1371 479 1436; x_wconf 83' lang='grc' dir='ltr'>σὺ</span> <span class='ocrx_word' id='word_1_72' title='bbox 494 1374 527 1437; x_wconf 77' lang='grc' dir='ltr'>δὲ</span> <span class='ocrx_word' id='word_1_73' title='bbox 542 1376 662 1436; x_wconf 81' lang='grc' dir='ltr'>θᾶσσον</span> <span class='ocrx_word' id='word_1_74' title='bbox 678 1370 823 1460; x_wconf 78' lang='grc' dir='ltr'>Ἀθηναίῃ</span> <span class='ocrx_word' id='word_1_75' title='bbox 839 1375 990 1438; x_wconf 75' lang='grc' dir='ltr'>ἐπιτεῖλαι</span> 
     </span>
     <span class='ocr_line' id='line_1_11' title="bbox 265 1474 1206 1560; baseline -0.005 -19"><span class='ocrx_word' id='word_1_76' title='bbox 265 1480 366 1541; x_wconf 79' lang='grc' dir='ltr'>ἐλθεῖν</span> <span class='ocrx_word' id='word_1_77' title='bbox 382 1479 413 1542; x_wconf 79' lang='grc' dir='ltr'>ἐς</span> <span class='ocrx_word' id='word_1_78' title='bbox 426 1476 538 1558; x_wconf 83' lang='grc' dir='ltr'>Τρόων</span> <span class='ocrx_word' id='word_1_79' title='bbox 553 1477 602 1540; x_wconf 85' lang='grc' dir='ltr'>καὶ</span> <span class='ocrx_word' id='word_1_80' title='bbox 620 1474 754 1560; x_wconf 74' lang='grc' dir='ltr'>Ἀχαιῶν</span> <span class='ocrx_word' id='word_1_81' title='bbox 769 1477 904 1558; x_wconf 82' lang='grc' dir='ltr'>φύλοπιν</span> <span class='ocrx_word' id='word_1_82' title='bbox 919 1475 1016 1556; x_wconf 82' lang='grc' dir='ltr'>οῖνήν,</span> <span class='ocrx_word' id='word_1_83' title='bbox 1173 1484 1206 1550; x_wconf 80' lang='grc'>65</span> 
     </span>
     <span class='ocr_line' id='line_1_12' title="bbox 265 1579 1018 1666; baseline 0.004 -20"><span class='ocrx_word' id='word_1_84' title='bbox 265 1588 371 1663; x_wconf 79' lang='grc' dir='ltr'>πειρᾶν</span> <span class='ocrx_word' id='word_1_85' title='bbox 385 1580 411 1649; x_wconf 87' lang='grc' dir='ltr'>δ’</span> <span class='ocrx_word' id='word_1_86' title='bbox 427 1585 467 1650; x_wconf 80' lang='grc' dir='ltr'>ὥς</span> <span class='ocrx_word' id='word_1_87' title='bbox 482 1609 516 1648; x_wconf 85' lang='grc' dir='ltr'>κε</span> <span class='ocrx_word' id='word_1_88' title='bbox 529 1588 629 1666; x_wconf 75' lang='grc' dir='ltr'>Τρῶες</span> <span class='ocrx_word' id='word_1_89' title='bbox 644 1583 865 1665; x_wconf 79' lang='grc' dir='ltr'>ὑπερκύδαντας</span> <span class='ocrx_word' id='word_1_90' title='bbox 875 1579 1018 1665; x_wconf 73' lang='grc' dir='ltr'>Ἀχαιοὺς</span> 
     </span>
     <span class='ocr_line' id='line_1_13' title="bbox 266 1685 962 1771; baseline -0.001 -20"><span class='ocrx_word' id='word_1_91' title='bbox 266 1686 380 1771; x_wconf 80' lang='grc' dir='ltr'>ἄρξωσι</span> <span class='ocrx_word' id='word_1_92' title='bbox 394 1687 534 1769; x_wconf 89' lang='grc' dir='ltr'>πρότεροι</span> <span class='ocrx_word' id='word_1_93' title='bbox 548 1687 622 1769; x_wconf 76' lang='grc' dir='ltr'>ὑπὲρ</span> <span class='ocrx_word' id='word_1_94' title='bbox 638 1687 724 1769; x_wconf 88' lang='grc' dir='ltr'>όρκια</span> <span class='ocrx_word' id='word_1_95' title='bbox 739 1685 962 1765; x_wconf 89' lang='grc' dir='ltr'>δηλήσασθαι.”</span> 
     </span>
    </p>

    <p class='ocr_par' dir='ltr' id='par_1_3' title="bbox 265 1787 1208 2285">
     <span class='ocr_line' id='line_1_14' title="bbox 301 1787 1141 1872; baseline 0 -21"><span class='ocrx_word' id='word_1_96' title='bbox 301 1789 364 1856; x_wconf 83' lang='grc' dir='ltr'>Ὣς</span> <span class='ocrx_word' id='word_1_97' title='bbox 381 1787 476 1872; x_wconf 82' lang='grc' dir='ltr'>ἔφατ’,</span> <span class='ocrx_word' id='word_1_98' title='bbox 492 1790 551 1854; x_wconf 79' lang='grc' dir='ltr'>οὐδ’</span> <span class='ocrx_word' id='word_1_99' title='bbox 569 1790 700 1868; x_wconf 84' lang='grc' dir='ltr'>ἀπίθησε</span> <span class='ocrx_word' id='word_1_100' title='bbox 716 1789 813 1871; x_wconf 71' lang='grc' dir='ltr'>πατὴρ</span> <span class='ocrx_word' id='word_1_101' title='bbox 830 1790 944 1871; x_wconf 79' lang='grc' dir='ltr'>ἀνδρῶν</span> <span class='ocrx_word' id='word_1_102' title='bbox 959 1814 992 1853; x_wconf 97' lang='grc' dir='ltr'>τε</span> <span class='ocrx_word' id='word_1_103' title='bbox 1007 1791 1084 1852; x_wconf 76' lang='grc' dir='ltr'>θεῶν</span> <span class='ocrx_word' id='word_1_104' title='bbox 1099 1802 1141 1851; x_wconf 85' lang='grc' dir='ltr'>τε·</span> 
     </span>
     <span class='ocr_line' id='line_1_15' title="bbox 265 1890 988 1974; baseline 0 -18"><span class='ocrx_word' id='word_1_105' title='bbox 265 1891 358 1957; x_wconf 75' lang='grc' dir='ltr'>αὐτίκ’</span> <span class='ocrx_word' id='word_1_106' title='bbox 375 1890 539 1971; x_wconf 90' lang='grc' dir='ltr'>Ἀθηναίην</span> <span class='ocrx_word' id='word_1_107' title='bbox 555 1891 630 1957; x_wconf 77' lang='grc' dir='ltr'>ἔπεα</span> <span class='ocrx_word' id='word_1_108' title='bbox 644 1892 807 1974; x_wconf 91' lang='grc' dir='ltr'>πτερόεντα</span> <span class='ocrx_word' id='word_1_109' title='bbox 822 1892 988 1974; x_wconf 86' lang='grc' dir='ltr'>προσηύδα·</span> 
     </span>
     <span class='ocr_line' id='line_1_16' title="bbox 267 1991 1208 2078; baseline -0.009 -16"><span class='ocrx_word' id='word_1_110' title='bbox 267 2004 286 2034; x_wconf 86' lang='grc'><strong>“</strong></span> <span class='ocrx_word' id='word_1_111' title='bbox 296 1997 375 2078; x_wconf 80' lang='grc' dir='ltr'>αἶψα</span> <span class='ocrx_word' id='word_1_112' title='bbox 385 1993 458 2076; x_wconf 87' lang='grc' dir='ltr'>μάλ’</span> <span class='ocrx_word' id='word_1_113' title='bbox 468 1998 499 2063; x_wconf 85' lang='grc' dir='ltr'>ές</span> <span class='ocrx_word' id='word_1_114' title='bbox 511 1995 641 2078; x_wconf 84' lang='grc' dir='ltr'>στρατὸν</span> <span class='ocrx_word' id='word_1_115' title='bbox 652 1995 724 2058; x_wconf 75' lang='grc' dir='ltr'>ἐλθὲ</span> <span class='ocrx_word' id='word_1_116' title='bbox 733 1997 809 2073; x_wconf 78' lang='grc' dir='ltr'>μετὰ</span> <span class='ocrx_word' id='word_1_117' title='bbox 818 1999 923 2076; x_wconf 83' lang='grc' dir='ltr'>Τρῶας</span> <span class='ocrx_word' id='word_1_118' title='bbox 935 1995 985 2058; x_wconf 84' lang='grc' dir='ltr'>καὶ</span> <span class='ocrx_word' id='word_1_119' title='bbox 996 1991 1149 2076; x_wconf 87' lang='grc' dir='ltr'>Ἀχαιούς,</span> <span class='ocrx_word' id='word_1_120' title='bbox 1176 2015 1208 2068; x_wconf 82' lang='lat'>70</span> 
     </span>
     <span class='ocr_line' id='line_1_17' title="bbox 266 2094 1025 2182; baseline -0.001 -19"><span class='ocrx_word' id='word_1_121' title='bbox 266 2103 372 2182; x_wconf 84' lang='grc' dir='ltr'>πειρᾶυ</span> <span class='ocrx_word' id='word_1_122' title='bbox 386 2099 411 2162; x_wconf 84' lang='grc' dir='ltr'>δ’</span> <span class='ocrx_word' id='word_1_123' title='bbox 429 2099 469 2164; x_wconf 83' lang='grc' dir='ltr'>ὥς</span> <span class='ocrx_word' id='word_1_124' title='bbox 484 2124 517 2163; x_wconf 91' lang='grc' dir='ltr'>κε</span> <span class='ocrx_word' id='word_1_125' title='bbox 531 2103 632 2180; x_wconf 80' lang='grc' dir='ltr'>Τρῶες</span> <span class='ocrx_word' id='word_1_126' title='bbox 649 2097 867 2179; x_wconf 65' lang='grc' dir='ltr'>ὑπερκύδαντας</span> <span class='ocrx_word' id='word_1_127' title='bbox 883 2094 1025 2181; x_wconf 79' lang='grc' dir='ltr'>Ἀχαιοὺς</span> 
     </span>
     <span class='ocr_line' id='line_1_18' title="bbox 266 2197 962 2285; baseline -0.001 -20"><span class='ocrx_word' id='word_1_128' title='bbox 266 2201 380 2285; x_wconf 80' lang='grc' dir='ltr'>ἄρξωσι</span> <span class='ocrx_word' id='word_1_129' title='bbox 395 2203 534 2284; x_wconf 89' lang='grc' dir='ltr'>πρότεροι</span> <span class='ocrx_word' id='word_1_130' title='bbox 549 2203 623 2283; x_wconf 77' lang='grc' dir='ltr'>ύπέρ</span> <span class='ocrx_word' id='word_1_131' title='bbox 639 2202 724 2283; x_wconf 90' lang='grc' dir='ltr'>όρκια</span> <span class='ocrx_word' id='word_1_132' title='bbox 739 2197 962 2280; x_wconf 83' lang='grc' dir='ltr'>δηλήσασθαι.”</span> 
     </span>
    </p>

    <p class='ocr_par' dir='ltr' id='par_1_4' title="bbox 265 2300 1207 3520">
     <span class='ocr_line' id='line_1_19' title="bbox 302 2300 1024 2387; baseline -0.003 -20"><span class='ocrx_word' id='word_1_133' title='bbox 302 2305 365 2372; x_wconf 86' lang='grc' dir='ltr'>Ὣς</span> <span class='ocrx_word' id='word_1_134' title='bbox 380 2305 473 2370; x_wconf 80' lang='grc' dir='ltr'>είπδν</span> <span class='ocrx_word' id='word_1_135' title='bbox 488 2305 599 2387; x_wconf 81' lang='grc' dir='ltr'>ὤτρυνε</span> <span class='ocrx_word' id='word_1_136' title='bbox 613 2303 707 2386; x_wconf 84' lang='grc' dir='ltr'>πάρος</span> <span class='ocrx_word' id='word_1_137' title='bbox 721 2309 868 2384; x_wconf 83' lang='grc' dir='ltr'>μεμαυῖαν</span> <span class='ocrx_word' id='word_1_138' title='bbox 885 2300 1024 2381; x_wconf 80' lang='grc' dir='ltr'>Ἀθήνην,</span> 
     </span>
     <span class='ocr_line' id='line_1_20' title="bbox 265 2404 916 2492; baseline 0.002 -20"><span class='ocrx_word' id='word_1_139' title='bbox 265 2414 309 2492; x_wconf 78' lang='grc' dir='ltr'>βῆ</span> <span class='ocrx_word' id='word_1_140' title='bbox 324 2410 357 2473; x_wconf 76' lang='grc' dir='ltr'>δὲ</span> <span class='ocrx_word' id='word_1_141' title='bbox 372 2405 437 2472; x_wconf 85' lang='grc' dir='ltr'>κατ’</span> <span class='ocrx_word' id='word_1_142' title='bbox 452 2408 629 2488; x_wconf 83' lang='grc' dir='ltr'>Οὐλύμποιο</span> <span class='ocrx_word' id='word_1_143' title='bbox 645 2404 780 2488; x_wconf 90' lang='grc' dir='ltr'>καρήνων</span> <span class='ocrx_word' id='word_1_144' title='bbox 795 2405 916 2487; x_wconf 81' lang='grc' dir='ltr'>ἀίξασα.</span> 
     </span>
     <span class='ocr_line' id='line_1_21' title="bbox 266 2507 1207 2594; baseline -0.007 -18"><span class='ocrx_word' id='word_1_145' title='bbox 266 2515 332 2578; x_wconf 86' lang='grc' dir='ltr'>οἶον</span> <span class='ocrx_word' id='word_1_146' title='bbox 347 2510 373 2576; x_wconf 85' lang='grc' dir='ltr'>δ’</span> <span class='ocrx_word' id='word_1_147' title='bbox 390 2511 503 2593; x_wconf 82' lang='grc' dir='ltr'>ἀστέρα</span> <span class='ocrx_word' id='word_1_148' title='bbox 517 2510 571 2590; x_wconf 84' lang='grc' dir='ltr'>ήκε</span> <span class='ocrx_word' id='word_1_149' title='bbox 587 2511 704 2592; x_wconf 85' lang='grc' dir='ltr'>Κρόνου</span> <span class='ocrx_word' id='word_1_150' title='bbox 719 2515 791 2578; x_wconf 92' lang='grc' dir='ltr'>παῖς</span> <span class='ocrx_word' id='word_1_151' title='bbox 806 2507 1028 2594; x_wconf 76' lang='grc' dir='ltr'>ἀγκυλομήτεω,</span> <span class='ocrx_word' id='word_1_152' title='bbox 1176 2530 1207 2584; x_wconf 80' lang='lat'>75</span> 
     </span>
     <span class='ocr_line' id='line_1_22' title="bbox 265 2610 911 2701; baseline -0.008 -22"><span class='ocrx_word' id='word_1_153' title='bbox 265 2611 284 2694; x_wconf 77' lang='grc' dir='ltr'>ἢ</span> <span class='ocrx_word' id='word_1_154' title='bbox 300 2614 426 2701; x_wconf 78' lang='grc' dir='ltr'>ναύτῃσι</span> <span class='ocrx_word' id='word_1_155' title='bbox 441 2612 528 2695; x_wconf 89' lang='grc' dir='ltr'>τέρας</span> <span class='ocrx_word' id='word_1_156' title='bbox 542 2613 576 2691; x_wconf 80' lang='grc' dir='ltr'>ήέ</span> <span class='ocrx_word' id='word_1_157' title='bbox 593 2614 710 2698; x_wconf 78' lang='grc' dir='ltr'>στρατφ</span> <span class='ocrx_word' id='word_1_158' title='bbox 726 2610 804 2694; x_wconf 86' lang='grc' dir='ltr'>εύρέϊ</span> <span class='ocrx_word' id='word_1_159' title='bbox 818 2618 911 2688; x_wconf 87' lang='grc' dir='ltr'>λαῶν,</span> 
     </span>
     <span class='ocr_line' id='line_1_23' title="bbox 265 2712 1085 2798; baseline -0.005 -17"><span class='ocrx_word' id='word_1_160' title='bbox 265 2719 414 2798; x_wconf 91' lang='grc' dir='ltr'>λαμπρόν·</span> <span class='ocrx_word' id='word_1_161' title='bbox 436 2712 536 2779; x_wconf 83' lang='grc' dir='ltr'>τοῦδέ</span> <span class='ocrx_word' id='word_1_162' title='bbox 552 2739 585 2779; x_wconf 89' lang='grc' dir='ltr'>τε</span> <span class='ocrx_word' id='word_1_163' title='bbox 600 2715 712 2783; x_wconf 85' lang='grc' dir='ltr'>πολλοὶ</span> <span class='ocrx_word' id='word_1_164' title='bbox 728 2715 787 2780; x_wconf 84' lang='grc' dir='ltr'>ἀπὸ</span> <span class='ocrx_word' id='word_1_165' title='bbox 803 2718 965 2794; x_wconf 83' lang='grc' dir='ltr'>σπινθῆρες</span> <span class='ocrx_word' id='word_1_166' title='bbox 980 2714 1085 2777; x_wconf 79' lang='grc' dir='ltr'>ἵενται·</span> 
     </span>
     <span class='ocr_line' id='line_1_24' title="bbox 265 2815 972 2905; baseline -0.006 -22"><span class='ocrx_word' id='word_1_167' title='bbox 265 2823 306 2905; x_wconf 73' lang='grc' dir='ltr'>τῷ</span> <span class='ocrx_word' id='word_1_168' title='bbox 325 2817 410 2883; x_wconf 76' lang='grc' dir='ltr'>ἐϊκυῖ’</span> <span class='ocrx_word' id='word_1_169' title='bbox 426 2815 511 2897; x_wconf 81' lang='grc' dir='ltr'>ἤϊξεν</span> <span class='ocrx_word' id='word_1_170' title='bbox 526 2819 576 2881; x_wconf 75' lang='grc' dir='ltr'>ἐπὶ</span> <span class='ocrx_word' id='word_1_171' title='bbox 592 2820 689 2901; x_wconf 90' lang='grc' dir='ltr'>χθόνα</span> <span class='ocrx_word' id='word_1_172' title='bbox 705 2817 835 2884; x_wconf 82' lang='grc' dir='ltr'>Παλλὰς</span> <span class='ocrx_word' id='word_1_173' title='bbox 850 2815 972 2896; x_wconf 88' lang='grc' dir='ltr'>Ἀθήνη,</span> 
     </span>
     <span class='ocr_line' id='line_1_25' title="bbox 266 2917 1137 3005; baseline -0.003 -18"><span class='ocrx_word' id='word_1_174' title='bbox 266 2924 320 2988; x_wconf 83' lang='grc' dir='ltr'>κὰδ</span> <span class='ocrx_word' id='word_1_175' title='bbox 336 2921 361 2987; x_wconf 88' lang='grc' dir='ltr'>δ’</span> <span class='ocrx_word' id='word_1_176' title='bbox 378 2917 456 3004; x_wconf 82' lang='grc' dir='ltr'>ἔθορ’</span> <span class='ocrx_word' id='word_1_177' title='bbox 472 2922 502 2987; x_wconf 77' lang='grc' dir='ltr'>ἐς</span> <span class='ocrx_word' id='word_1_178' title='bbox 516 2919 642 3001; x_wconf 87' lang='grc' dir='ltr'>μέσσου·</span> <span class='ocrx_word' id='word_1_179' title='bbox 667 2920 785 3002; x_wconf 86' lang='grc' dir='ltr'>θάμβος</span> <span class='ocrx_word' id='word_1_180' title='bbox 801 2918 826 2985; x_wconf 88' lang='grc' dir='ltr'>δ’</span> <span class='ocrx_word' id='word_1_181' title='bbox 842 2920 913 3005; x_wconf 82' lang='grc' dir='ltr'>ἔχεν</span> <span class='ocrx_word' id='word_1_182' title='bbox 929 2921 1137 3003; x_wconf 75' lang='grc' dir='ltr'>εἰσορόωντας,</span> 
     </span>
     <span class='ocr_line' id='line_1_26' title="bbox 265 3020 1207 3108; baseline -0.004 -20"><span class='ocrx_word' id='word_1_183' title='bbox 265 3025 369 3108; x_wconf 81' lang='grc' dir='ltr'>Τρῶάς</span> <span class='ocrx_word' id='word_1_184' title='bbox 385 3022 412 3087; x_wconf 90' lang='grc' dir='ltr'>θ’</span> <span class='ocrx_word' id='word_1_185' title='bbox 429 3024 615 3105; x_wconf 84' lang='grc' dir='ltr'>ἱπποδάμους</span> <span class='ocrx_word' id='word_1_186' title='bbox 630 3027 680 3090; x_wconf 87' lang='grc' dir='ltr'>καὶ</span> <span class='ocrx_word' id='word_1_187' title='bbox 696 3022 872 3103; x_wconf 74' lang='grc' dir='ltr'>έιῖκνήμιδας</span> <span class='ocrx_word' id='word_1_188' title='bbox 888 3020 1040 3107; x_wconf 88' lang='grc' dir='ltr'>Ἀχαιούς·</span> <span class='ocrx_word' id='word_1_189' title='bbox 1175 3034 1207 3084; x_wconf 87' lang='lat'>80</span> 
     </span>
     <span class='ocr_line' id='line_1_27' title="bbox 266 3125 996 3205; baseline -0.005 -11"><span class='ocrx_word' id='word_1_190' title='bbox 266 3132 323 3194; x_wconf 85' lang='grc' dir='ltr'>ὧδε</span> <span class='ocrx_word' id='word_1_191' title='bbox 339 3125 371 3192; x_wconf 88' lang='grc' dir='ltr'>δέ</span> <span class='ocrx_word' id='word_1_192' title='bbox 386 3152 432 3194; x_wconf 91' lang='grc' dir='ltr'>τις</span> <span class='ocrx_word' id='word_1_193' title='bbox 448 3130 589 3194; x_wconf 80' lang='grc' dir='ltr'>εἴπεσκεν</span> <span class='ocrx_word' id='word_1_194' title='bbox 605 3129 677 3194; x_wconf 76' lang='grc' dir='ltr'>ῖδὸν</span> <span class='ocrx_word' id='word_1_195' title='bbox 693 3132 723 3195; x_wconf 84' lang='grc' dir='ltr'>ές</span> <span class='ocrx_word' id='word_1_196' title='bbox 739 3127 873 3205; x_wconf 91' lang='grc' dir='ltr'>πλησίον</span> <span class='ocrx_word' id='word_1_197' title='bbox 889 3126 996 3191; x_wconf 86' lang='grc' dir='ltr'>ἀλλον·</span> 
     </span>
     <span class='ocr_line' id='line_1_28' title="bbox 268 3226 1052 3312; baseline -0.001 -20"><span class='ocrx_word' id='word_1_198' title='bbox 268 3237 285 3265; x_wconf 89' lang='grc'>“</span> <span class='ocrx_word' id='word_1_199' title='bbox 295 3228 314 3309; x_wconf 81' lang='grc' dir='ltr'>ή</span> <span class='ocrx_word' id='word_1_200' title='bbox 326 3226 354 3312; x_wconf 81' lang='grc' dir='ltr'>ῥ’</span> <span class='ocrx_word' id='word_1_201' title='bbox 370 3229 452 3296; x_wconf 77' lang='grc' dir='ltr'>αὖτις</span> <span class='ocrx_word' id='word_1_202' title='bbox 468 3230 602 3312; x_wconf 89' lang='grc' dir='ltr'>πόλεμός</span> <span class='ocrx_word' id='word_1_203' title='bbox 616 3257 649 3296; x_wconf 91' lang='grc' dir='ltr'>τε</span> <span class='ocrx_word' id='word_1_204' title='bbox 665 3229 753 3296; x_wconf 84' lang='grc' dir='ltr'>κακὸς</span> <span class='ocrx_word' id='word_1_205' title='bbox 772 3229 821 3292; x_wconf 89' lang='grc' dir='ltr'>καὶ</span> <span class='ocrx_word' id='word_1_206' title='bbox 837 3228 969 3311; x_wconf 86' lang='grc' dir='ltr'>φύλοπις</span> <span class='ocrx_word' id='word_1_207' title='bbox 984 3227 1052 3308; x_wconf 77' lang='grc' dir='ltr'>αἰνή</span> 
     </span>
     <span class='ocr_line' id='line_1_29' title="bbox 266 3329 1013 3415; baseline -0.003 -19"><span class='ocrx_word' id='word_1_208' title='bbox 266 3333 401 3406; x_wconf 78' lang='grc' dir='ltr'>ἔσσεται,</span> <span class='ocrx_word' id='word_1_209' title='bbox 416 3329 435 3411; x_wconf 81' lang='grc' dir='ltr'>ή</span> <span class='ocrx_word' id='word_1_210' title='bbox 452 3335 603 3414; x_wconf 87' lang='grc' dir='ltr'>φιλότητα</span> <span class='ocrx_word' id='word_1_211' title='bbox 616 3331 680 3414; x_wconf 88' lang='grc' dir='ltr'>μετ’</span> <span class='ocrx_word' id='word_1_212' title='bbox 696 3329 895 3415; x_wconf 84' lang='grc' dir='ltr'>ἀμφοτέροισι</span> <span class='ocrx_word' id='word_1_213' title='bbox 910 3332 1013 3410; x_wconf 86' lang='grc' dir='ltr'>τίθησι</span> 
     </span>
     <span class='ocr_line' id='line_1_30' title="bbox 266 3429 1080 3520; baseline 0.001 -24"><span class='ocrx_word' id='word_1_214' title='bbox 266 3434 349 3512; x_wconf 91' lang='grc' dir='ltr'>Ζεύς,</span> <span class='ocrx_word' id='word_1_215' title='bbox 366 3436 399 3502; x_wconf 90' lang='grc' dir='ltr'>ός</span> <span class='ocrx_word' id='word_1_216' title='bbox 413 3432 440 3499; x_wconf 91' lang='grc' dir='ltr'>τ’</span> <span class='ocrx_word' id='word_1_217' title='bbox 457 3438 620 3520; x_wconf 70' lang='grc' dir='ltr'>ἀνθρώπων</span> <span class='ocrx_word' id='word_1_218' title='bbox 634 3436 740 3516; x_wconf 88' lang='grc' dir='ltr'>ταμίης</span> <span class='ocrx_word' id='word_1_219' title='bbox 755 3433 900 3516; x_wconf 87' lang='grc' dir='ltr'>πολέμοιο</span> <span class='ocrx_word' id='word_1_220' title='bbox 916 3429 1080 3498; x_wconf 86' lang='grc' dir='ltr'>τέτυκται.”</span> 
     </span>
    </p>

    <p class='ocr_par' dir='ltr' id='par_1_5' title="bbox 264 3535 1209 3834">
     <span class='ocr_line' id='line_1_31' title="bbox 302 3535 1209 3622; baseline -0.01 -16"><span class='ocrx_word' id='word_1_221' title='bbox 302 3535 366 3605; x_wconf 85' lang='grc' dir='ltr'>Ὣς</span> <span class='ocrx_word' id='word_1_222' title='bbox 381 3539 438 3621; x_wconf 90' lang='grc' dir='ltr'>ἀρα</span> <span class='ocrx_word' id='word_1_223' title='bbox 454 3565 498 3607; x_wconf 93' lang='grc' dir='ltr'>τις</span> <span class='ocrx_word' id='word_1_224' title='bbox 513 3542 655 3605; x_wconf 78' lang='grc' dir='ltr'>εἴπεσκεν</span> <span class='ocrx_word' id='word_1_225' title='bbox 670 3537 804 3622; x_wconf 75' lang='grc' dir='ltr'>Ἀχαιῶν</span> <span class='ocrx_word' id='word_1_226' title='bbox 818 3564 851 3604; x_wconf 85' lang='grc' dir='ltr'>τε</span> <span class='ocrx_word' id='word_1_227' title='bbox 865 3536 977 3620; x_wconf 86' lang='grc' dir='ltr'>Τριύων</span> <span class='ocrx_word' id='word_1_228' title='bbox 992 3561 1034 3603; x_wconf 89' lang='grc' dir='ltr'>τε.</span> <span class='ocrx_word' id='word_1_229' title='bbox 1176 3549 1209 3614; x_wconf 81' lang='lat'>85</span> 
     </span>
     <span class='ocr_line' id='line_1_32' title="bbox 264 3637 976 3726; baseline -0.003 -20"><span class='ocrx_word' id='word_1_230' title='bbox 264 3640 283 3720; x_wconf 89' lang='grc' dir='ltr'>ή</span> <span class='ocrx_word' id='word_1_231' title='bbox 301 3637 327 3706; x_wconf 86' lang='grc' dir='ltr'>δ’</span> <span class='ocrx_word' id='word_1_232' title='bbox 343 3642 427 3724; x_wconf 83' lang='grc' dir='ltr'>ἀνδρὶ</span> <span class='ocrx_word' id='word_1_233' title='bbox 443 3641 528 3722; x_wconf 85' lang='grc' dir='ltr'>ίκέλη</span> <span class='ocrx_word' id='word_1_234' title='bbox 543 3644 656 3726; x_wconf 84' lang='grc' dir='ltr'>Τρόων</span> <span class='ocrx_word' id='word_1_235' title='bbox 672 3637 844 3707; x_wconf 89' lang='grc' dir='ltr'>κατεδύσεθ’</span> <span class='ocrx_word' id='word_1_236' title='bbox 860 3640 976 3718; x_wconf 89' lang='grc' dir='ltr'>όμιλου,</span> 
     </span>
     <span class='ocr_line' id='line_1_33' title="bbox 264 3742 937 3834; baseline 0.001 -27"><span class='ocrx_word' id='word_1_237' title='bbox 264 3747 408 3834; x_wconf 76' lang='grc' dir='ltr'>Λαοδόκῳ</span> <span class='ocrx_word' id='word_1_238' title='bbox 426 3743 632 3832; x_wconf 81' lang='grc' dir='ltr'>Ἀντηνορίδῃ,</span> <span class='ocrx_word' id='word_1_239' title='bbox 648 3747 778 3830; x_wconf 73' lang='grc' dir='ltr'>κρατερῷ</span> <span class='ocrx_word' id='word_1_240' title='bbox 795 3742 937 3830; x_wconf 76' lang='grc' dir='ltr'>αἰχμητῇ,</span> 
     </span>
    </p>
   </div>
   <div class='ocr_carea' id='block_1_3' title="bbox 0 0 1383 4228">
    <p class='ocr_par' dir='ltr' id='par_1_6' title="bbox 0 0 1383 4228">
     <span class='ocr_line' id='line_1_34' title="bbox 0 0 1383 4228; baseline 0 0"><span class='ocrx_word' id='word_1_241' title='bbox 0 0 1383 4228; x_wconf 95' lang='lat' dir='ltr'> </span> 
     </span>
    </p>
   </div>
  </div>
 </body>
</html>
