2788 4230
265 331 328 407 ⁸44
547 345 596 392 20.
621 331 855 394 οαινυυιιυ
885 329 921 386 υ.

262 502 368 580 μήλων
385 501 585 584 σφαζομένων
600 504 696 567 οίνοιό
710 528 745 568 τε
760 503 932 582 πινομένοιο

262 604 310 670 καὶ
326 609 422 670 σίτου·
444 607 582 689 χαλεπὸν
597 611 655 690 γάρ
670 607 838 689 ἐρυκακέειν
854 606 907 672 ἕνα
922 602 1066 669 πολλούς.

262 708 333 772 ἀλλ’
349 711 404 792 ἀγε
420 712 524 790 μηκέτι
538 738 590 791 μοι
607 715 682 776 κακά
699 712 799 793 ῥέζετε
814 707 1036 791 δυσμενέοντες·

262 816 289 877 εί
305 811 330 877 δ’
346 812 401 893 ἤδη
417 812 447 893 μ’
463 815 552 879 αὐτὸν
571 820 683 879 κτεῖναι
697 815 867 894 μενεαίνετε
883 811 995 896 χαλκῷ,
1158 834 1211 884 315

263 918 312 980 καί
325 944 357 983 κε
373 924 407 981 τὸ
425 920 603 999 βουλοίμην,
619 919 670 982 καί
686 944 735 981 κεν
751 917 830 982 πολὺ
847 917 963 997 κέρδιον
979 914 1023 992 εἴη

261 1021 407 1102 τεθνάμεν
424 1020 443 1101 ῆ
459 1023 529 1088 τάδε
544 1022 572 1106 γ’
588 1026 652 1089 αἰὲν
668 1022 769 1087 ἀεικέα
785 1018 846 1103 ἔργ’
861 1019 1019 1102 ὁράασθαι,

261 1126 377 1205 ξείνους
393 1153 426 1192 τε
442 1127 717 1208 στυφελιζομένους
733 1125 832 1212 δμῳάς
848 1151 882 1189 τε
897 1129 1039 1207 γυναῖκας

260 1232 460 1312 ῥυστάζοντας
476 1233 633 1298 ἀεικελίως
653 1230 728 1295 κατὰ
743 1231 863 1311 δώματα
879 1225 986 1292 καλά.”

297 1333 361 1400 Ὣς
377 1335 475 1416 ἔφαθ’,
490 1337 518 1398 ot
534 1333 559 1399 δ’
573 1335 631 1416 ἀρα
646 1334 756 1402 πάντες
771 1334 847 1413 ἀκήν
863 1331 1000 1415 ἐγένοντο
1016 1331 1125 1415 σιωπῇ·
1156 1355 1209 1403 320

260 1439 321 1520 όφέ
337 1440 370 1502 δὲ
385 1439 420 1517 δῆ
436 1438 573 1518 μετέειπε
589 1441 820 1520 Δαμαστορίδης
834 1435 989 1518 Ἀγέλαος·

261 1541 313 1604 “ἀι
330 1545 429 1621 φίλοι,
443 1544 493 1606 οὐκ
507 1541 545 1607 ἀν
559 1541 597 1620 δή
613 1568 657 1608 τις
673 1543 721 1605 ἐπὶ
736 1541 854 1622 ῥηθέντι
871 1542 975 1623 δικαίῳ

260 1646 407 1725 ἀντιβίοις
422 1644 546 1709 ἐπέεσσι
561 1647 785 1722 καθαπτόμενος
800 1646 989 1727 χαλεπαίνοι·

259 1748 334 1829 μήτε
349 1775 378 1812 τι
393 1749 445 1813 τὸν
461 1747 560 1828 ξεῖνον
575 1750 773 1830 στυφελίζετε
788 1748 863 1832 μήτε
878 1747 934 1813 τιν’
949 1749 1047 1814 ἀλλον

261 1853 377 1930 δμώων,
394 1852 422 1916 οἳ
438 1855 513 1916 κατά
529 1849 640 1933 δώματ’
653 1851 826 1931 Ὀδυσσῆος
842 1854 945 1916 θείοιο.
1154 1878 1207 1927 3²5

259 1956 430 2041 Τηλεμάχῳ
446 1956 479 2020 δέ
494 1983 526 2021 κε
540 1961 635 2037 μθθον
651 1957 710 2040 ἐγὼ
727 1959 776 2021 καὶ
789 1956 892 2037 μητέρι
909 1957 1004 2038 φαίην

260 2057 359 2138 ἤπιον,
375 2063 405 2124 εί
419 2067 521 2141 σφωϊν
537 2062 640 2145 κραδίῃ
656 2060 722 2124 ἀδοι
738 2061 943 2142 ἀμφοτέροιϊν.

260 2167 341 2245 ὄφρα
355 2167 411 2243 μὲν
425 2167 495 2244 ὑμῖν
513 2165 603 2244 θυμὸς
618 2162 662 2228 ένί
678 2163 846 2243 στήθεσσιν
862 2165 973 2228 ἐώλπει

261 2267 423 2347 νοστήσειν
436 2266 571 2346 Ὀδυσῆα
586 2269 767 2349 πολύφρονα
781 2269 850 2333 ὅνδε
865 2269 1001 2348 δόμονδε,

260 2372 346 2454 τόφρ’
362 2371 456 2437 οὔτις
473 2371 592 2450 νέμεσις
606 2371 732 2450 μενέμεν
747 2369 772 2434 τ’
788 2371 825 2451 ῆν
841 2371 1002 2453 ἰσχέμεναί
1016 2397 1049 2435 τε
1151 2398 1205 2446 330

260 2477 432 2555 μνηστῆρας
449 2474 524 2538 κατὰ
540 2475 661 2554 δώματ’,
675 2473 741 2538 ἐπεὶ
755 2476 825 2539 τόδε
841 2474 955 2555 κέρδιον
974 2473 1037 2554 ἦεν,

261 2580 287 2642 εί
303 2576 428 2655 νόστησ’
444 2578 589 2644 Ὀδυσεὺς
606 2577 655 2643 καὶ
670 2579 837 2660 ὑπότροπος
853 2582 934 2642 ἵκετο
950 2584 1042 2658 δῶμα·

260 2686 313 2746 νῦν
328 2681 354 2745 δ’
368 2681 424 2760 ἤδη
440 2683 508 2745 τόδε
523 2686 625 2760 δῆλον,
641 2683 659 2746 ό
673 2679 699 2743 τ’
714 2682 810 2746 οὐκέτι
826 2682 966 2762 νόστιμός
982 2685 1074 2748 ἐστιν.

261 2785 330 2848 ἀλλ’
346 2783 411 2867 ἀγε,
428 2785 467 2870 σῇ
482 2784 553 2849 τάδε
567 2783 656 2867 μητρὶ
672 2785 870 2864 παρεζόμενος
886 2784 1063 2864 κατάλεξον,

260 2886 391 2969 γήμασθ’
406 2890 439 2955 ὅς
455 2913 501 2954 τις
516 2889 639 2969 ἀριστος
656 2887 730 2969 ἀνὴρ
746 2887 795 2952 καί
810 2894 942 2953 πλεῖστα
956 2891 1098 2975 πόρῃσιν,
1153 2917 1205 2966 335

260 2993 340 3072 ὄφρα
356 2991 395 3055 σὺ
408 2994 465 3072 μὲν
482 2993 597 3075 χαίρων
612 2991 745 3074 πατρώϊα
761 2993 858 3057 πάντα
873 2993 987 3074 νέμηαι,

261 3094 360 3158 ἔσθων
376 3097 424 3160 καί
440 3098 546 3174 πίνων,
560 3095 579 3173 ῆ
595 3092 622 3160 δ’
635 3096 734 3160 ἀλλον
749 3101 832 3177 δῶμα
847 3095 978 3183 κομίζῃ.”

302 3198 365 3262 Τὸν
379 3198 404 3263 δ’
421 3199 458 3261 αά
472 3199 654 3282 Τηλέμαχος
670 3199 856 3278 πεπνυμένος
871 3202 973 3266 ἀντίον
989 3201 1072 3279 ηὔδα·

261 3307 281 3336 “
294 3302 327 3365 οὐ
342 3301 383 3382 μά
399 3303 481 3382 Ζῆν’,
497 3301 636 3385 Ἀγέλαε,
654 3301 703 3366 καὶ
717 3303 815 3386 ἀλγεα
830 3310 941 3387 πατρὸς
956 3307 1049 3385 ἐμοῖο,

260 3406 293 3472 ἀς
309 3429 366 3468 που
381 3405 447 3483 τῆλ’
462 3405 582 3485 Ἰθάκης
598 3403 617 3485 ῆ
634 3407 755 3488 ἔφθιται
769 3405 788 3486 ή
805 3407 968 3486 ἀλάληται,
1154 3437 1206 3489 34⁰

261 3509 295 3572 οὔ
309 3535 338 3572 τι
354 3512 498 3589 διατρίβω
514 3516 624 3591 μητρὸς
638 3510 747 3594 γάμον,
762 3512 844 3576 ἀλλά
860 3512 971 3576 κελεθω

260 3608 390 3696 γήμασθ’
406 3610 429 3697 ᾧ
445 3611 471 3676 κ’
487 3614 589 3700 ἐθέλῃ,
605 3613 675 3679 ποτὶ
690 3614 715 3680 δ’
732 3615 851 3679 ἄσπετα
864 3619 944 3696 δῶρα
959 3618 1074 3698 δίδωμι.

246 3791 248 3800 ¹
262 3717 395 3796 αἰδέομαι
410 3712 435 3777 δ’
451 3714 600 3782 ἀέκουσαν
616 3720 676 3782 ἀπὸ
690 3718 833 3800 μεγάροιο
848 3718 966 3784 δίεσθαι
