2848 4296
261 387 334 470 374,
583 378 631 441 18.
656 381 827 442 ιλιι-ιον
850 383 884 443 ν.

264 546 408 630 ἐξεφάνη,
425 548 515 629 δηρδν
529 549 563 613 δέ
576 547 677 632 μάχης
693 547 834 614 ἐπέπαυτ’
850 551 1016 633 ἀλεγεινῆς.
1085 567 1088 575 ’

261 656 343 714 τοῖσι
359 653 392 714 δέ
408 651 609 732 Πουλυδάμας
625 652 813 733 πεπνυμένος
828 651 894 738 ἦρχ’
912 654 1067 736 ἀγορεύειν

262 753 443 834 Πανθοίδης·
467 757 557 838 δγδρ
572 756 636 822 οἶος
652 758 708 838 δρα
723 757 850 837 πράσσω
867 759 916 822 καὶ
932 759 1062 822 ὀπίσσω·
1164 781 1211 831 ²⁵⁰

257 855 381 939 Ἕκτορι
397 860 422 921 δ’
438 857 492 938 ήευ
508 863 633 941 ἑταῖρος,
650 862 680 946 ἰῇ
697 857 773 924 δ’ἐν
789 861 871 926 νυκτὶ
887 859 1020 944 γένοντο,

262 961 331 1024 ἀλλ’
348 963 365 1024 δ
379 963 435 1043 μέν
450 961 487 1043 ἀρ
501 962 653 1042 μύθοισιν,
670 966 686 1026 δ
701 964 726 1028 δ’
744 963 830 1047 ἔγχεϊ
845 970 965 1029 πολλὸν
978 964 1072 1027 ἐνίκα·

262 1067 279 1128 ὅ
295 1073 372 1147 σφιν
387 1065 560 1148 ἐϋφρονέων
572 1065 751 1148 ἀγορήσατο
767 1068 816 1131 καὶ
830 1068 998 1148 μετέειπεν·
1134 1155 1137 1164 y

262 1177 281 1205 “
291 1169 370 1251 ἀμφὶ
385 1170 469 1249 μάλα
485 1168 648 1251 φράζεσθε,
666 1172 762 1252 φίλοι·
787 1169 913 1249 κέλομαι
927 1170 987 1253 γάρ
1000 1170 1059 1253 ἀγοί
1074 1194 1110 1252 γε

262 1273 373 1337 ἄστυδε
387 1280 441 1339 νῦν
457 1272 543 1346 ἱέναι,
559 1273 600 1354 μὴ
614 1274 736 1355 μίμνειν
749 1273 793 1353 ἠῶ
809 1278 876 1338 δῖαν
1163 1297 1210 1349 ²⁵⁵

262 1379 295 1441 ἐν
309 1377 401 1462 πεδίῳ
420 1376 501 1459 παρὰ
517 1378 633 1458 νηυσίν·
657 1380 726 1445 ἑκὰς
742 1377 766 1442 δ’
784 1378 844 1443 ἀπὸ
858 1378 977 1461 τείχεός
988 1378 1081 1456 εἶμεν.
1167 1373 1169 1378 ’

262 1481 344 1561 ὄφρα
357 1483 413 1560 μὲν
429 1481 514 1547 οὗτος
530 1481 605 1562 ἀνὴρ
621 1479 823 1564 Ἀγαμέμνονι
837 1480 926 1562 μήνιε
941 1483 1003 1566 δίῳ,

261 1585 362 1665 τόφρα
376 1587 409 1648 δὲ
423 1583 555 1668 ῥηΐτεροι
571 1585 745 1665 πολεμίζειν
760 1584 841 1665 ήσαν
856 1583 985 1668 Ἀχαιοί·

261 1688 427 1769 χαίρεσκον
443 1690 500 1771 γὰρ
511 1687 570 1772 ἐγιί
584 1712 621 1770 γε
629 1691 701 1775 θοῇς
717 1689 766 1753 ἐπὶ
782 1687 888 1768 νηυσὶν
906 1689 1006 1762 ἰαύων,

261 1792 429 1872 ἐλπόμενος
444 1797 518 1872 νῆας
532 1791 696 1875 αἱρησέμεν
711 1793 929 1875 ἀμφιελίσσας.
1164 1805 1212 1854 τοο

262 1900 315 1960 νῦν
330 1892 357 1959 δ’
373 1898 462 1964 αίνῶς
478 1898 611 1962 δείδοικα
626 1897 764 1960 ποδιίκεα
779 1895 951 1976 Πηλείωνα·
1019 1921 1022 1926 ’

263 2000 326 2066 οἷος
342 2000 442 2064 κείνου
457 2001 549 2080 θυμὸς
564 2003 719 2081 ὑπέρβιος,
731 2000 783 2064 ούκ
800 1999 942 2080 ἐθελήσει

261 2105 382 2185 μίμνειν
397 2106 430 2170 ἐν
446 2105 548 2190 πεδίῳ,
566 2106 614 2168 άθι
629 2130 686 2186 περ
699 2109 801 2186 Τρῶες
816 2106 866 2169 καὶ
880 2103 1002 2188 Ἀχαιοὶ

262 2210 295 2272 ἐν
309 2207 394 2294 μέσῳ
411 2209 576 2290 ἀμφότεροι
591 2207 682 2288 μένος
693 2209 806 2290 Ἀρηος
824 2208 991 2285 δατέονται,

262 2313 345 2375 ἀλλά
360 2310 428 2393 περὶ
445 2313 571 2378 πτόλιός
585 2337 620 2376 τε
634 2311 807 2395 μαχήσεται
822 2313 875 2392 ἠδὲ
890 2319 1048 2395 γυναικῶν.
1164 2324 1222 2387 265·

262 2418 334 2479 ἀλλ’
349 2418 436 2495 ίομεν
450 2416 537 2498 προτὶ
554 2415 640 2488 άστυ,
654 2415 782 2480 πίθεσθέ
796 2441 857 2497 μοι·
881 2419 938 2481 ὦδε
952 2418 1011 2498 γδρ
1022 2415 1124 2480 1ἔσται·

262 2525 315 2586 υΰν
328 2521 384 2598 μὲν
399 2518 456 2598 νὺξ
467 2517 626 2583 ἀπέπαυσε
643 2521 781 2584 ποδώκεα
796 2518 959 2600 Πηλείωνα

193 2607 198 2614 ¹
262 2623 427 2704 ἀμβροσίη·
452 2619 519 2686 εἶδ’
536 2623 615 2704 ἀμμε
632 2622 793 2706 κιχήσεται
809 2621 908 2687 ἐνθάδ’
924 2623 1028 2688 ἐόντας

262 2726 365 2808 αὔριον
381 2727 520 2808 ὁρμηθεὶς
537 2726 594 2792 σὺν
610 2727 762 2810 τεύχεσιν,
779 2727 811 2790 εύ
829 2726 864 2790 νύ
878 2751 923 2792 τις
938 2726 1029 2792 αὐτὸν

262 2831 422 2914 γνιίσεται·
446 2831 605 2896 ἀσπασίως
620 2832 678 2913 γὰρ
694 2828 836 2911 ἀφίξεται
847 2828 946 2894 Ἴλιον
965 2829 1031 2911 ἱρὴν
1164 2855 1213 2906 ²70

262 2936 296 3001 ὅς
312 2961 345 2999 κε
361 2935 453 3021 φύγῃ,
470 2933 605 3001 πολλοὺς
620 2936 653 2998 δέ
669 2935 753 3000 κύνες
769 2931 818 2997 καὶ
833 2938 926 3016 γῦπες
941 2933 1058 2998 ἐδονται

262 3039 382 3121 Τρώων·
406 3039 437 3104 αδ
451 3039 509 3122 γὰρ
527 3037 563 3119 δή
577 3065 630 3121 μοι
645 3040 695 3103 ἀπ’
712 3038 818 3105 οὔατος
834 3039 891 3101 ὦδε
905 3035 1031 3119 γένοιτο.

263 3143 290 3206 εί
305 3142 330 3206 δ’
345 3141 384 3209 δν
398 3145 482 3222 ἐμοῖς
498 3142 625 3207 ἐπέεσσι
641 3143 797 3224 πιθάμεθα
814 3142 975 3221 κηδόμενοί
987 3165 1052 3222 περ,

262 3246 354 3313 νύκτα
366 3249 424 3327 μέν
439 3249 484 3312 είν
500 3248 593 3335 ἀγορή
611 3245 719 3312 σθένος
736 3244 851 3327 ἕξομεν,
868 3246 945 3309 ἀστυ
959 3246 992 3307 δὲ
1008 3245 1116 3326 πύργοι
1199 3261 1206 3302 ι

262 3351 383 3431 ὑψηλαί
396 3376 430 3415 τε
445 3351 539 3416 πύλαι
556 3350 677 3417 σανίδες
694 3347 720 3413 τ’
736 3350 786 3413 ἐπὶ
803 3351 856 3437 τῇς
871 3351 1008 3431 ἀραρυῖαι
1163 3353 1214 3425 27'5

262 3455 373 3537 μακραὶ
389 3453 527 3534 ἐύξεστοι
543 3451 715 3537 ἐζευγμέναι
732 3453 932 3535 εἰρύσσονται·

263 3565 342 3642 πρῶϊ
356 3555 384 3624 δ’
398 3562 521 3640 ὑπηοῖοι
537 3557 594 3624 σὺν
608 3556 732 3641 τεύχεσι
746 3553 952 3639 θωρηχθέντες

265 3663 429 3745 στησόμεθ’
446 3661 487 3741 δμ
503 3660 641 3746 πύργους·
664 3663 705 3746 τῷ
721 3659 746 3727 δ’
762 3660 880 3744 άλγιον,
897 3661 931 3724 αί
945 3657 969 3724 κ’
986 3658 1130 3747 ἐθέλῃσιν

265 3767 365 3834 ἐλθδν
380 3768 412 3831 ἐκ
428 3771 508 3844 νηῶν
521 3764 590 3846 περὶ
604 3767 722 3850 τείχεος
737 3764 812 3847 άμμι
829 3763 991 3850 μάχεσθαι.
