2728 4230
465 315 497 380 ,7.
522 303 692 362 ιλιλΔοΣ
716 304 756 366 ει.

145 467 214 533 ἀλλ’
230 472 283 550 ἐμὲ
299 469 390 551 θυμδς
406 471 497 551 ἀνῆκε
513 469 713 550 πολυτλήμων
728 471 903 551 πολεμίζειν

145 571 251 654 θάρσεϊ
265 571 298 658 ᾧ
322 577 410 660 γενεῇ
426 575 459 638 δὲ
474 572 621 640 νεότατος
636 573 727 638 ἔσκον
741 572 890 638 ἁπάντων·

145 679 193 740 καὶ
207 678 350 760 μαχόμην
365 681 394 740 οἱ
405 679 473 760 ἐγώ,
489 682 583 741 δῶκεν
597 674 631 740 δέ
645 703 696 754 μοι
713 676 799 760 εθχος
819 674 939 758 Ἀθήνη.
1015 675 1018 680 ’

145 778 196 840 τὸν
211 779 247 858 δή
262 777 411 859 μήκιστον
426 781 476 843 καὶ
491 778 650 861 κάρτιστον
666 778 774 844 κτάνον
789 779 890 861 ἄνδρα·
960 783 962 786 ’
1039 808 1084 858 ¹55

144 881 260 947 πολλδς
274 882 332 965 γάρ
347 909 393 950 τις
408 883 503 948 έκειτο
519 881 668 964 παρήορος
683 883 756 949 ἔνθα
771 884 820 946 καὶ
836 883 915 948 ἔνθα

145 981 200 1046 εἴθ’
216 984 256 1049 ὣς
270 984 412 1064 ἡβώοιμι,
428 988 483 1067 βίη
500 986 533 1050 δέ
547 1012 598 1064 μοι
615 985 741 1065 ἔμπεδος
757 988 813 1066 είη·

144 1087 185 1169 τῷ
202 1113 236 1152 κε
250 1087 320 1172 τάχ’
336 1089 478 1169 ἀντήσειε
491 1089 591 1173 μάχης
607 1091 801 1172 κορυθαίολος
812 1088 938 1173 Ἕκτωρ.

143 1187 242 1266 ὑμέων
256 1189 284 1254 δ’
299 1194 400 1275 οἵπερ
415 1194 503 1258 ἔασιν
519 1195 658 1275 ἀριστῆες
673 1197 865 1276 Παναχαιῶν,

145 1289 206 1355 οὐδ’
222 1293 251 1356 οδ
269 1296 463 1377 προφρονέως
477 1295 586 1376 μέμαθ’
596 1295 740 1380 Ἕκτορος
755 1297 856 1361 ἀντίον
872 1295 1006 1361 έλθεῖν.”
1039 1311 1085 1360 160

181 1394 244 1462 Ὣς
259 1396 393 1462 νείκεσσ’
408 1399 426 1462 ό
439 1397 544 1481 γέρων,
561 1401 591 1462 οί
606 1396 632 1462 δ’
648 1399 735 1465 ἔννέα
749 1398 859 1467 πάντες
874 1399 1012 1467 ἀνέσταν.

145 1496 221 1580 ὦρτο
236 1501 315 1564 πολὺ
330 1507 445 1584 πρῶτος
459 1504 515 1580 μὲν
530 1500 607 1581 ἅναξ
621 1503 735 1584 ἀνδρῶν
751 1499 953 1585 Ἀγαμέμνων,

145 1604 186 1686 τῷ
201 1602 226 1666 δ’
243 1606 294 1667 ἔπὶ
308 1603 453 1684 Τυδείδης
467 1601 544 1685 ὦρτο
560 1604 699 1686 κροτερδς
715 1603 877 1685 Διομήδης,

146 1710 225 1769 τοῖσι
239 1704 267 1770 δ’
284 1705 332 1770 ἔπ’
346 1709 483 1778 Αίαντες,
496 1711 599 1788 θοῦριν
613 1707 777 1787 ἐπιειμένοι
793 1705 899 1786 ἀλκήν,

146 1806 267 1873 τοῖσιδ’
283 1808 331 1873 ἐπ’
348 1809 513 1888 Ἰδομενεὺς
529 1809 577 1874 καὶ
593 1807 697 1874 ὀπάων
712 1808 892 1890 Ἰδομενῆος,
1038 1824 1084 1886 1⁶5

145 1917 311 1994 Μηριόνης,
328 1911 494 1978 ἀτάλαντος
509 1911 658 1996 Ἐνυαλίῳ
674 1913 884 1999 ἀνδρειφόντῃ,

145 2022 226 2081 τοῖσι
241 2015 268 2081 δ’
284 2015 333 2080 ἔπ’
348 2015 531 2097 Εὐρύπυλος,
549 2015 714 2094 Εὐαίμονος
730 2013 843 2098 ἀγλαὸς
857 2017 931 2089 υἶός,

146 2120 183 2182 δν
197 2124 230 2184 δὲ
246 2121 332 2186 Θόας
348 2118 592 2201 Ἀνδραιμονίδης
607 2119 657 2182 καὶ
671 2123 734 2185 δῖος
750 2116 925 2187 Ὀδυσσεύς·

145 2222 253 2290 πάντες
270 2221 317 2304 ἀρ’
332 2224 364 2287 οί
375 2221 405 2305 γ’
418 2221 525 2286 ἔθελον
539 2223 714 2301 πολεμίζειν
723 2221 847 2303 Ἕκτορι
862 2223 925 2308 δίιρ.

146 2335 207 2396 τοῖς
222 2328 248 2393 δ’
265 2328 347 2394 αὖτις
362 2326 501 2408 μετέειπε
515 2325 657 2407 Γερήνιος
674 2327 787 2392 ἱππότα
801 2325 938 2409 Νέστωρ·
1039 2351 1086 2407 170

148 2440 165 2467 “
176 2431 275 2517 κλήρῳ
294 2437 347 2495 νῦν
361 2427 542 2494 πεπάλασθε
557 2428 727 2512 διαμπερές,
743 2432 776 2496 ός
792 2456 825 2495 κε
842 2429 986 2518 λάχῃσιν

147 2537 230 2602 οὗτος
244 2539 303 2620 γδρ
318 2536 354 2615 δή
370 2534 475 2612 ὀνήσει
489 2533 666 2613 έῦκνήμιδας
681 2533 832 2619 Ἀχαιοός,

148 2639 195 2701 καὶ
209 2636 234 2702 δ’
251 2637 339 2703 αὐτὸς
355 2633 390 2701 δν
405 2637 498 2715 θυμδν
513 2635 666 2715 ὀνήσεται,
682 2639 717 2702 αί
730 2663 763 2701 κε
781 2637 898 2725 φάγῃσι

146 2738 229 2818 δηίον
244 2743 278 2803 ἔκ
293 2742 440 2819 πολέμοιο
457 2741 506 2804 καὶ
522 2741 607 2819 αἰνῆς
622 2737 809 2820 δηϊοτῆτος.”

181 2842 244 2910 Ὣς
259 2842 358 2924 ἔφαθ’,
374 2845 403 2906 οἱ
419 2845 452 2907 δὲ
468 2845 577 2924 κλῆρον
593 2841 783 2923 ἐσημήναντο
799 2841 935 2917 ἔκαστος,
1040 2869 1087 2924 175

147 2946 178 3010 έν
193 2943 219 3010 δ’
238 2946 356 3025 ἔβαλον
372 2945 460 3033 κυνέη
477 2943 701 3029 Ἀγαμέμνονος
715 2943 881 3027 Ἀτρείδαο.

145 3050 215 3113 λαοὶ
230 3047 255 3112 δ’
271 3047 434 3128 ἠρήσαντο,
451 3052 550 3112 θεοῖσι
565 3049 598 3112 δὲ
611 3052 716 3130 χεῖρας
732 3046 877 3131 ἀνέσχον·

146 3153 201 3216 ὧδε
216 3151 250 3215 δέ
267 3176 313 3218 τις
328 3153 470 3215 εἴπεσκεν
485 3152 557 3217 ἰδὼν
573 3153 615 3218 είς
632 3150 758 3233 αιἰρονδν
773 3151 868 3232 εὗρόν·
968 3149 970 3156 ’

146 3265 166 3289 “
175 3258 234 3318 Ζεῦ
249 3253 354 3336 πάτερ,
370 3253 389 3334 ἢ
406 3255 520 3318 Αίαντα
533 3259 654 3338 λαχεῖν,
669 3252 688 3333 ῆ
702 3253 815 3320 Τυδέος
829 3256 903 3332 υίόν,
945 3247 949 3252 ’

144 3354 268 3435 ῆαάτδν
282 3362 425 3437 βασιλῆα
439 3358 647 3441 πολυχρύσοιο
663 3356 836 3437 Μυκήνης.”
926 3417 928 3426 ,
1041 3378 1088 3428 180

180 3459 243 3526 Ὣς
258 3457 306 3541 ἀρ’
322 3459 411 3542 ἔφαν,
427 3459 593 3526 πάλλενδέ
609 3460 750 3542 Γερήνιος
766 3462 879 3525 ἱππότα
896 3461 1034 3547 Νέστωρ,

144 3565 176 3626 ἔκ
192 3560 218 3626 δ’
234 3562 322 3645 ἔθορε
339 3567 447 3643 κλῆρος
463 3563 576 3642 κυνέης,
593 3563 628 3628 δν
643 3562 689 3645 ἄρ’
703 3564 816 3644 ήθελον
831 3565 925 3638 αάτοί,

144 3669 282 3732 Αἴαντος·
308 3664 403 3745 κῆρυξ
414 3668 447 3730 δὲ
462 3665 563 3750 φέρων
579 3665 625 3731 ἀν’
641 3668 748 3747 ὅμιλον
763 3667 879 3751 ἁπάντη
