2758 4228
482 327 547 386 αις
572 329 818 389 AHMHTPAN.
1062 343 1125 412 915

177 491 197 570 ἥ
212 517 257 559 τις
272 493 308 574 δὴ
324 494 384 578 γαῖ’
400 496 476 574 ἐστι’,
493 493 543 560 καί
558 497 590 560 οἰ
602 522 680 564 τινες
696 498 888 586 ἐγγεγάασιν.

178 595 249 660 ἀλλ’
263 599 332 678 ὑμῖν
345 599 401 677 μέν
415 599 525 666 πάντες
539 600 695 681 Ὀλύμπια
709 601 818 681 δώματ’
835 603 956 686 ἔχοντες
1076 631 1124 680 135

177 704 256 764 δοῖεν
272 705 434 783 κουριδίους
448 703 558 784 ἀνδρας
574 701 622 767 καί
637 704 727 769 τέκνα
740 704 890 784 τεκέσθαι,

177 802 217 868 ὥς
233 805 373 871 ἐθέλουσι
388 809 504 884 τοκῆες·
539 810 592 887 ἐμὲ
607 808 632 872 δ’
648 808 712 871 αὖτ’
727 809 890 890 οἰκτείρατε
907 813 1020 891 κοῦραι,

176 1013 378 1093 προφρονέως,
395 1015 472 1096 φίλα
487 1015 589 1092 τέκνα,
604 1011 679 1079 τέων
694 1020 769 1096 πρὸς
784 1015 897 1094 δώμαθ’
912 1019 1020 1095 ἵκωμαι

176 1117 279 1198 ἀνέρος
294 1117 346 1196 ήδέ
362 1119 512 1200 γυναικός,
526 1121 575 1182 ἵνα
590 1120 702 1200 σφίσιν
716 1119 883 1201 ἐργάζωμαι

176 1221 329 1302 πρόφρων,
347 1223 396 1286 οἶα
411 1228 549 1304 γυναικὸς
566 1220 719 1303 ἀφήλικος
734 1222 807 1305 ἔργα
823 1223 968 1287 τέτυκται·
1075 1253 1123 1304 140

177 1323 226 1386 καί
240 1349 290 1387 κεν
305 1329 398 1388 παῖδα
412 1331 538 1408 νεογνὸν
553 1327 586 1389 ἐν
601 1327 779 1411 ἀγκοίνῃσιν
795 1326 910 1408 ἔχουσα

176 1424 254 1488 καλὰ
269 1429 452 1508 τιθηνοίμην,
469 1430 517 1493 καὶ
533 1429 654 1508 δώματα
668 1427 839 1511 τηρήσαιμι,

176 1531 227 1593 καί
240 1556 273 1596 κε
288 1532 380 1614 λέχος
397 1531 573 1616 στορέσαιμι
587 1529 675 1618 μυχῷ
690 1533 832 1613 θαλάμων
849 1533 1003 1614 εὐπήκτων

175 1635 374 1713 δεσπόσυνον,
391 1637 443 1699 καί
455 1635 482 1698 κ’
498 1635 570 1719 ἔργα
583 1634 798 1717 διδασκήσαιμι
814 1643 963 1720 γυναῖκας.

218 1741 266 1816 Φῆ
276 1740 315 1820 ῥα
327 1737 389 1802 θεό·
412 1740 468 1818 τήν
479 1739 504 1804 δ’
516 1739 610 1803 αὐτίκ’
621 1742 765 1820 ἀμείβετο
778 1741 924 1822 παρθένος
937 1740 1041 1822 ἀδμής,

176 1845 351 1919 Καλλιδίκη,
367 1845 495 1908 Κελεοῖο
512 1847 667 1924 θυγατρῶν
685 1843 763 1908 εἶδος
780 1845 897 1925 ἀρίστη·

219 1948 314 2021 Μαῖα,
331 1947 409 2008 θεῶν
424 1947 480 2026 μὲν
493 1951 572 2026 δῶρα
589 1946 637 2009 καὶ
656 1945 818 2029 ἀχνύμενοί
833 1971 889 2028 περ
905 1947 1019 2034 ἀνάγκῃ

173 2046 320 2127 τέτλαμεν
336 2047 497 2128 ἄνθρωποι·
535 2049 572 2127 δή
588 2052 646 2130 γὰρ
661 2048 743 2112 πολὺ
758 2051 900 2131 φέρτεροί
913 2053 1002 2117 εἰσιν.

173 2157 263 2214 ταῦτα
279 2150 312 2215 δέ
324 2177 371 2214 τοι
387 2151 510 2232 σαφέως
525 2152 725 2231 ὑποθήσομαι,
742 2152 787 2231 ἠδ’
802 2152 940 2234 ὀνομήνω

174 2252 280 2336 ἀνέρας
296 2257 378 2319 οἶσιν
393 2257 498 2318 ἔπεστι
513 2254 592 2337 μέγα
607 2255 714 2337 κρότος
732 2257 837 2321 ἐνθάδε
853 2261 947 2338 τιμῆς,

173 2356 268 2437 δήμου
284 2383 318 2422 τε
331 2359 527 2441 προῦχουσιν,
544 2360 587 2423 ἰδὲ
604 2357 750 2441 κρήδεμνα
767 2361 880 2438 πόληος

175 2458 305 2539 εἰρύαται
321 2459 456 2542 βουλῇσι
472 2459 521 2522 καὶ
540 2459 653 2546 ἰθείῃσι
667 2459 795 2545 δίκῃσιν.

153 2632 155 2637 y
173 2559 247 2640 ἠμὲν
261 2560 470 2644 Τριπτολέμου
486 2561 664 2640 πυκιμήδεος
681 2563 732 2641 ήδὲ
750 2563 883 2626 Διόκλου

173 2663 225 2741 ἠδὲ
242 2664 431 2743 Πολυξείνου
447 2666 496 2728 καὶ
512 2657 661 2745 ἀμύμονος
676 2665 853 2748 Εὐμόλποιο

174 2768 223 2831 καὶ
240 2770 375 2852 Δολίχου
392 2763 440 2830 καί
455 2767 566 2848 πατρὸς
581 2767 727 2850 ἀγήνορος
742 2768 908 2852 ἡμετέροιο,

173 2875 232 2936 τῶν
248 2872 367 2936 πάντων
382 2871 492 2954 ἀλοχοι
508 2874 583 2935 κατὰ
599 2873 719 2951 δώματα
734 2875 943 2955 πορσαίνουσι·

172 2974 252 3039 τόων
267 2976 318 3040 οὐκ
334 2975 371 3040 ἀν
386 2976 432 3042 τίς
447 3001 484 3040 σε
501 2978 575 3039 κατὰ
589 2977 761 3057 πρώτιστον
775 2977 903 3057 ὀπωπὴν

172 3079 252 3145 εῖδος
268 3077 443 3159 ἀτιμήσασα
458 3080 556 3158 δόμων
572 3081 842 3161 ἀπονοσφίσσειεν,

173 3181 255 3246 ἀλλά
270 3209 306 3248 σε
322 3181 469 3262 δέξονται·
500 3183 535 3262 δὴ
551 3183 610 3265 γὰρ
626 3184 796 3251 θεοείκελός
812 3186 894 3249 ἐσσι.

173 3287 199 3349 εἰ
215 3286 241 3350 δ’
257 3285 383 3366 ἐθέλεις,
399 3287 563 3367 ἐπίμεινον,
581 3289 631 3351 ἵνα
646 3287 720 3370 πρὸς
737 3287 857 3367 δώματα
872 3288 984 3370 πατρὸς
1074 3303 1122 3352 160

172 3390 309 3471 ἔλθωμεν
325 3391 373 3454 καὶ
387 3388 475 3474 μητρί
490 3391 654 3476 βαθυζώνῳ
671 3393 842 3476 Μετανείρῃ

208 3578 253 3630 137
271 3567 319 3618 lac.
333 3569 463 3618 statuimus
479 3569 548 3618 cuius
562 3569 683 3618 sententia
694 3570 765 3619 suerit
781 3569 855 3618 τοῦτο
866 3567 892 3618 δί
904 3586 943 3630 μοι
956 3567 1052 3632 σαφέως
1064 3569 1122 3617 ὑπο-

172 3643 262 3708 θήκατε
274 3644 337 3708 ὄφρα
350 3645 455 3708 πύθωμαι
469 3647 511 3712 (cf.
526 3647 593 3712 149)·
729 3663 775 3713 144
793 3647 928 3712 διαθήσαιμι
945 3645 1057 3712 γυναικὸς
1074 3647 1120 3705 Μ;

173 3723 268 3774 emend.
282 3725 361 3786 Voss;
377 3724 536 3790 διαθρήσαιμι,
547 3724 704 3788 διαθλήσαιμι
716 3726 767 3776 alii.
