2848 4296
501 351 551 398 21.
576 335 746 398 ιΛιΑΔον
769 337 806 398 ψ.
1058 352 1121 418 417

176 509 326 574 δειδιότες·
349 505 432 588 μάλα
447 506 504 590 γάρ
515 532 549 571 τε
565 509 717 571 κατεσθίει
733 506 768 570 ύυ
784 532 817 571 κε
831 505 978 594 λάβῃσιν·

177 612 214 677 δς
228 617 330 692 Τρῶες
345 615 491 690 ποταμοῖο
508 611 582 674 κατὰ
598 615 710 674 δεινοῖο
723 609 831 692 ῥέεθρα
1090 638 1120 688 ²5

177 717 393 779 πτῶσσονύπδ
411 715 564 796 κρημνούς.
587 716 604 777 ὀ
619 714 644 778 δ’
661 715 727 778 ἐπεὶ
744 710 820 792 κάμε
838 717 941 795 χεῖρας
957 713 1090 797 ἐναίρων,

178 818 267 896 ζωοὺς
284 821 316 882 ἐκ
332 817 478 897 ποταμοῖο
494 819 626 882 δυόδεκα
640 815 751 896 λέξατο
767 817 897 899 κούρους,

177 922 284 1001 ποινὴν
300 923 493 1004 Πατρόκλοιο
509 920 714 986 Μενοιτιάδαο
731 919 883 986 θανόντος.

177 1025 244 1091 τοὺς
259 1023 350 1108 ἐξῆγε
365 1025 470 1106 θύραζε
486 1026 652 1103 τεθηπότας
666 1021 737 1104 ἠύτε
752 1023 887 1104 νεβρούς,

179 1131 251 1206 δῆσε
266 1128 290 1192 δ’
309 1129 431 1192 ὀπίσσω
448 1133 550 1210 χεῖρας
566 1128 759 1208 ἐϋτμήτοισιν
775 1131 871 1207 ῖμᾶσι,

178 1230 245 1297 τοὺς
260 1231 343 1296 αὐτοὶ
359 1230 529 1313 φορέεσκον
544 1233 594 1295 ἐπὶ
610 1237 786 1313 στρεπτοῖσι
801 1237 919 1314 χιτῶσι,

179 1339 253 1398 δῶκε
267 1335 293 1398 δ’
309 1336 475 1415 ἑταίροισιν
491 1333 631 1418 κατάγειν
647 1336 751 1400 κοίλας
767 1335 816 1398 ἐπὶ
832 1338 913 1414 νῆας.

179 1437 270 1519 αὐτὰρ
285 1440 301 1500 ό
317 1437 365 1520 ἂψ
380 1438 528 1521 ἐπόρουσε
543 1436 714 1517 δαϊζέμεναι
728 1437 903 1517 μενεαίνων·

218 1537 302 1602 Ἔνθ’
319 1539 360 1602 υἶι
376 1536 524 1615 Πριάμοιο
540 1535 702 1614 συνήντετο
719 1535 908 1616 Δαρδανίδαο

180 1632 213 1693 ἐκ
229 1637 364 1710 ποταμοῦ
379 1632 531 1713 φεύγοντι,
547 1631 688 1706 Λυκάονι,
705 1634 758 1697 τόν
773 1633 813 1714 ῥά
826 1633 894 1699 ποτ’
911 1633 999 1701 αὐτὸς

180 1733 235 1816 ῆγε
249 1735 358 1813 λαβὼν
373 1737 406 1798 ἐκ
421 1731 533 1817 πατρὸς
548 1738 650 1815 ἀλωῆς
665 1737 717 1800 ούκ
734 1735 887 1815 ἐθέλοντα,

181 1838 316 1921 ἐννύχιος
331 1839 500 1920 προμολών
525 1840 542 1901 ὀ
560 1840 584 1903 δ’
602 1840 717 1921 ἐρινεὸν
731 1839 795 1918 ὀξέι·
810 1844 915 1925 χαλκῷ

180 1943 271 2021 τάμνε
287 1941 371 2008 νέους
387 1944 527 2023 ὄρπηκας,
544 1943 583 2006 ἵν’
600 1943 730 2024 άρματος
745 1944 870 2026 ἄντυγες
885 1945 955 2010 εῖεν·

181 2047 220 2128 τῷ
237 2043 264 2108 δ’
280 2043 327 2125 ἄρ’
343 2047 493 2115 ἀνώϊστον
508 2045 599 2110 κακόν
613 2047 707 2125 ἤλυθε
723 2052 786 2112 δῖος
803 2044 973 2129 Ἀχιλλεύς.

181 2149 230 2212 καὶ
244 2149 312 2212 τότε
326 2148 383 2228 μέν
400 2174 452 2229 μιν
467 2153 588 2229 Λῆμνον
604 2149 778 2230 ἐϋκτιμένην
794 2150 947 2232 ἐπέρασσε

181 2255 286 2330 νηυσὶν
301 2254 391 2335 ἄγων,
408 2255 482 2337 ἀτὰρ
498 2254 561 2320 υἱός
575 2253 713 2332 Ἰήσονος
728 2253 806 2321 ὀινον
822 2257 922 2320 ἐδωκε·

181 2362 279 2421 κεῖθεν
295 2359 327 2420 δέ
339 2345 502 2436 ξεῖνόςμιυ
519 2355 659 2433 ἐλύσατο,
674 2363 780 2424 πολλὰ
795 2357 821 2424 δ’
836 2361 955 2435 ἔδωκεν,
1038 2403 1040 2411 2

179 2459 315 2542 Ἴμβριος
329 2459 468 2533 Ἠετίων,
486 2459 607 2543 πέμψεν
623 2461 649 2526 δ’
664 2465 696 2529 ἐς
711 2468 778 2528 δῖαν
792 2463 952 2546 Ἀρίσβην·

182 2562 268 2626 ἐνθεν
282 2564 521 2647 ὑπεκπροφυγὼν
536 2566 687 2646 πατρώϊον
702 2568 783 2630 ἵκετο
800 2572 892 2647 δεῖμα.

182 2665 288 2730 ἕνδεκα
302 2666 327 2730 δ’
343 2666 442 2745 ήματα
457 2672 551 2748 θυμὸν
567 2668 707 2750 ἐτέρπετο
724 2672 788 2734 οῖσι
803 2671 945 2751 φίλοισιν

183 2770 280 2833 ἐλθὼν
294 2773 327 2834 ἐκ
342 2769 484 2850 Λήμνοιο·
508 2772 675 2859 δυωδεκάτῃ
692 2772 725 2837 δέ
738 2799 790 2854 μιν
806 2773 889 2839 αῖιτις

181 2875 290 2953 χερσὶν
305 2872 470 2954 Ἀχιλλῆος
486 2875 554 2942 θεὸς
570 2875 715 2955 ἔμβαλεν,
730 2879 765 2943 ός
782 2901 833 2955 μιν
850 2876 961 2956 ἐμελλε

182 2975 315 3059 πέμψειν
330 2981 373 3045 είς
387 2978 493 3044 Ἀίδαο
510 2978 559 3043 καὶ
576 2981 627 3043 οὐκ
644 2979 790 3044 ἐθέλοντα
807 2978 938 3044 νέεσθαι.

182 3085 234 3143 τὸν
249 3079 275 3145 δ’
292 3081 330 3148 ὡς
346 3081 398 3146 ούυ
414 3084 522 3161 ἐνόησε
538 3079 688 3165 ποδάρκης
703 3088 767 3149 δῖος
782 3081 946 3163 ’.Αχιλλεδς

182 3185 303 3264 γυμνόν,
320 3186 391 3266 ἄτερ
406 3187 530 3268 κόρυθός
545 3188 644 3250 τεκαὶ
659 3188 795 3263 ἀσπίδος,
812 3184 873 3250 οὐδ’
890 3183 961 3268 ἐχεν
977 3186 1076 3268 ἐγχος,
1095 3211 1128 3261 50

93 3354 95 3360 ¹
182 3285 264 3349 α’λλδ
278 3288 315 3351 τὰ
329 3288 385 3368 μέν
398 3287 426 3372 ῥ’
440 3289 502 3353 α’πό
517 3289 615 3354 πάντα
631 3288 724 3370 χαμαὶ
738 3288 831 3369 βάλε·
854 3294 933 3369 τεῖρε
948 3286 1005 3372 γὰρ
1023 3289 1109 3370 ῖδρόις

183 3391 321 3472 φεύγοντ’
339 3394 372 3456 ἐκ
387 3395 531 3472 ποταμοῦ,
550 3392 679 3472 κάματος
694 3389 720 3456 δ’
738 3393 797 3456 ὑπὸ
811 3389 929 3475 γούνατ’
949 3390 1069 3472 ἐδάμνα·

183 3493 318 3577 ὀχθήσας
334 3493 360 3559 δ’
376 3496 433 3578 ἄρα
449 3499 515 3562 εῖπε
530 3494 604 3579 πρὸς
620 3497 655 3561 δν
667 3495 860 3578 μεγαλήτορα
876 3493 977 3576 θυμόν·

184 3597 234 3661 “R
249 3603 352 3676 πόποι,
370 3600 389 3680 ή
406 3599 485 3683 μέγα
500 3607 600 3682 θαῦμα
613 3599 676 3664 τόδ’
694 3595 903 3682 ὀφθαλμοῖσιν
920 3601 1040 3682 ὀρῶμαι·
1081 3592 1084 3601 ’

184 3699 299 3784 ἦμάλα
314 3705 350 3785 δή
366 3703 468 3786 Τρῶες
481 3704 696 3790 μεγαλήτορες,
714 3706 764 3772 ούς
781 3727 837 3786 περ
854 3699 997 3786 ἔπεφνον,
1057 3749 1060 3754 ·
1096 3727 1127 3778 55

654 3813 675 3862 P
