<?xml version="1.0" encoding="UTF-8"?>
<!DOCTYPE html PUBLIC "-//W3C//DTD XHTML 1.0 Transitional//EN"
    "http://www.w3.org/TR/xhtml1/DTD/xhtml1-transitional.dtd">
<html xmlns="http://www.w3.org/1999/xhtml" xml:lang="en" lang="en">
 <head>
  <title>
</title>
<meta http-equiv="Content-Type" content="text/html;charset=utf-8" />
  <meta name='ocr-system' content='tesseract 3.04.00' />
  <meta name='ocr-capabilities' content='ocr_page ocr_carea ocr_par ocr_line ocrx_word'/>
</head>
<body>
  <div class='ocr_page' id='page_1' title='image "./homerioperaetre00homegoog_0056.png"; bbox 0 0 2746 4228; ppageno 0'>
   <div class='ocr_carea' id='block_1_1' title="bbox 278 323 888 396">
    <p class='ocr_par' dir='ltr' id='par_1_1' title="bbox 278 323 888 396">
     <span class='ocr_line' id='line_1_1' title="bbox 278 323 888 396; baseline 0.003 -16"><span class='ocrx_word' id='word_1_1' title='bbox 278 337 323 396; x_wconf 84' lang='lat'>40</span> <span class='ocrx_word' id='word_1_2' title='bbox 605 338 635 386; x_wconf 71' lang='grc' dir='ltr'>α.</span> <span class='ocrx_word' id='word_1_3' title='bbox 660 323 830 385; x_wconf 88' lang='grc' dir='ltr'><strong>ΙΛΙΑΔΟΣ</strong></span> <span class='ocrx_word' id='word_1_4' title='bbox 854 324 888 382; x_wconf 95' lang='grc' dir='ltr'>Β.</span> 
     </span>
    </p>
   </div>
   <div class='ocr_carea' id='block_1_2' title="bbox 278 488 1221 572">
    <p class='ocr_par' dir='ltr' id='par_1_2' title="bbox 278 488 1221 572">
     <span class='ocr_line' id='line_1_2' title="bbox 278 488 1221 572; baseline -0.005 -18"><span class='ocrx_word' id='word_1_5' title='bbox 278 491 445 570; x_wconf 89' lang='grc' dir='ltr'>θεσπεσίην</span> <span class='ocrx_word' id='word_1_6' title='bbox 462 490 614 572; x_wconf 81' lang='grc' dir='ltr'>ἀφέλοντο</span> <span class='ocrx_word' id='word_1_7' title='bbox 631 493 680 556; x_wconf 85' lang='grc' dir='ltr'>καὶ</span> <span class='ocrx_word' id='word_1_8' title='bbox 697 489 863 555; x_wconf 77' lang='grc' dir='ltr'>ἐκλέλαθον</span> <span class='ocrx_word' id='word_1_9' title='bbox 878 488 1062 569; x_wconf 86' lang='grc' dir='ltr'>κιθαριστύν·</span> <span class='ocrx_word' id='word_1_10' title='bbox 1171 500 1221 550; x_wconf 89' lang='lat'>600</span> 
     </span>
    </p>
   </div>
   <div class='ocr_carea' id='block_1_3' title="bbox 270 590 1219 3762">
    <p class='ocr_par' dir='ltr' id='par_1_3' title="bbox 270 590 1219 3762">
     <span class='ocr_line' id='line_1_3' title="bbox 277 590 1032 678; baseline -0.004 -21"><span class='ocrx_word' id='word_1_11' title='bbox 277 602 336 658; x_wconf 84' lang='grc' dir='ltr'>τῶν</span> <span class='ocrx_word' id='word_1_12' title='bbox 352 595 415 658; x_wconf 77' lang='grc' dir='ltr'>αὖθ’</span> <span class='ocrx_word' id='word_1_13' title='bbox 431 595 595 678; x_wconf 81' lang='grc' dir='ltr'>ἡγεμόνευε</span> <span class='ocrx_word' id='word_1_14' title='bbox 610 593 750 678; x_wconf 76' lang='grc' dir='ltr'>Γερήνιος</span> <span class='ocrx_word' id='word_1_15' title='bbox 767 596 879 658; x_wconf 81' lang='grc' dir='ltr'>ἱππότα</span> <span class='ocrx_word' id='word_1_16' title='bbox 894 590 1032 673; x_wconf 89' lang='grc' dir='ltr'>Νέστωρ·</span> 
     </span>
     <span class='ocr_line' id='line_1_4' title="bbox 276 696 1010 783; baseline -0.003 -23"><span class='ocrx_word' id='word_1_17' title='bbox 276 702 316 783; x_wconf 77' lang='grc' dir='ltr'>τῷ</span> <span class='ocrx_word' id='word_1_18' title='bbox 332 698 356 763; x_wconf 93' lang='grc' dir='ltr'>δ’</span> <span class='ocrx_word' id='word_1_19' title='bbox 374 697 552 778; x_wconf 89' lang='grc' dir='ltr'>ἐνενήκοντα</span> <span class='ocrx_word' id='word_1_20' title='bbox 563 700 720 781; x_wconf 88' lang='grc' dir='ltr'>γλαφυραὶ</span> <span class='ocrx_word' id='word_1_21' title='bbox 735 696 801 764; x_wconf 93' lang='grc' dir='ltr'>νέες</span> <span class='ocrx_word' id='word_1_22' title='bbox 816 697 1010 779; x_wconf 89' lang='grc' dir='ltr'>ἐστιχόωντο.</span> 
     </span>
     <span class='ocr_line' id='line_1_5' title="bbox 321 797 1096 884; baseline -0.004 -20"><span class='ocrx_word' id='word_1_23' title='bbox 321 801 362 864; x_wconf 86' lang='grc' dir='ltr'>Οἱ</span> <span class='ocrx_word' id='word_1_24' title='bbox 377 801 402 865; x_wconf 88' lang='grc' dir='ltr'>δ’</span> <span class='ocrx_word' id='word_1_25' title='bbox 419 802 492 884; x_wconf 83' lang='grc' dir='ltr'>ἔχον</span> <span class='ocrx_word' id='word_1_26' title='bbox 506 800 667 882; x_wconf 79' lang='grc' dir='ltr'>Ἀρκαδίην</span> <span class='ocrx_word' id='word_1_27' title='bbox 681 800 739 864; x_wconf 88' lang='grc' dir='ltr'>ύπδ</span> <span class='ocrx_word' id='word_1_28' title='bbox 756 797 916 877; x_wconf 75' lang='grc' dir='ltr'>Κυλλήνης</span> <span class='ocrx_word' id='word_1_29' title='bbox 931 800 1000 880; x_wconf 86' lang='grc' dir='ltr'>ὄρος</span> <span class='ocrx_word' id='word_1_30' title='bbox 1015 797 1096 870; x_wconf 82' lang='grc' dir='ltr'>αίπύ,</span> 
     </span>
     <span class='ocr_line' id='line_1_6' title="bbox 276 901 1067 985; baseline -0.003 -20"><span class='ocrx_word' id='word_1_31' title='bbox 276 904 422 969; x_wconf 80' lang='grc' dir='ltr'>Αἰπύτιον</span> <span class='ocrx_word' id='word_1_32' title='bbox 437 906 518 985; x_wconf 78' lang='grc' dir='ltr'>παρὰ</span> <span class='ocrx_word' id='word_1_33' title='bbox 533 904 658 983; x_wconf 92' lang='grc' dir='ltr'>τύμβον,</span> <span class='ocrx_word' id='word_1_34' title='bbox 675 903 711 968; x_wconf 85' lang='grc' dir='ltr'>ἵν’</span> <span class='ocrx_word' id='word_1_35' title='bbox 730 901 833 983; x_wconf 78' lang='grc' dir='ltr'>ἀνέρες</span> <span class='ocrx_word' id='word_1_36' title='bbox 848 903 1067 985; x_wconf 80' lang='grc' dir='ltr'>ἀγχιμαχηταί,</span> 
     </span>
     <span class='ocr_line' id='line_1_7' title="bbox 275 1005 1219 1088; baseline -0.005 -18"><span class='ocrx_word' id='word_1_37' title='bbox 275 1007 303 1070; x_wconf 85' lang='grc' dir='ltr'>οἱ</span> <span class='ocrx_word' id='word_1_38' title='bbox 319 1008 434 1072; x_wconf 88' lang='grc' dir='ltr'>Φενεόν</span> <span class='ocrx_word' id='word_1_39' title='bbox 448 1007 473 1069; x_wconf 87' lang='grc' dir='ltr'>τ’</span> <span class='ocrx_word' id='word_1_40' title='bbox 492 1006 634 1086; x_wconf 74' lang='grc' dir='ltr'>ἐνέμοντο</span> <span class='ocrx_word' id='word_1_41' title='bbox 650 1007 698 1070; x_wconf 86' lang='grc' dir='ltr'>καὶ</span> <span class='ocrx_word' id='word_1_42' title='bbox 712 1005 900 1088; x_wconf 88' lang='grc' dir='ltr'>Ὀρχομενδν</span> <span class='ocrx_word' id='word_1_43' title='bbox 915 1005 1095 1084; x_wconf 84' lang='grc' dir='ltr'>πολύμηλον</span> <span class='ocrx_word' id='word_1_44' title='bbox 1170 1015 1219 1079; x_wconf 85' lang='lat'>605</span> 
     </span>
     <span class='ocr_line' id='line_1_8' title="bbox 274 1109 1089 1190; baseline 0.01 -19"><span class='ocrx_word' id='word_1_45' title='bbox 274 1109 380 1188; x_wconf 80' lang='grc' dir='ltr'>Ῥίπην</span> <span class='ocrx_word' id='word_1_46' title='bbox 396 1135 428 1174; x_wconf 87' lang='grc' dir='ltr'>τε</span> <span class='ocrx_word' id='word_1_47' title='bbox 444 1111 592 1190; x_wconf 77' lang='grc' dir='ltr'>Στρατίην</span> <span class='ocrx_word' id='word_1_48' title='bbox 607 1135 640 1174; x_wconf 90' lang='grc' dir='ltr'>τε</span> <span class='ocrx_word' id='word_1_49' title='bbox 659 1110 707 1172; x_wconf 85' lang='grc' dir='ltr'>καὶ</span> <span class='ocrx_word' id='word_1_50' title='bbox 723 1109 915 1189; x_wconf 81' lang='grc' dir='ltr'>ἠνεμόεσσαν</span> <span class='ocrx_word' id='word_1_51' title='bbox 928 1109 1089 1185; x_wconf 72' lang='grc' dir='ltr'>Ἐνίσπην,</span> 
     </span>
     <span class='ocr_line' id='line_1_9' title="bbox 276 1210 991 1296; baseline 0 -21"><span class='ocrx_word' id='word_1_52' title='bbox 276 1215 324 1276; x_wconf 87' lang='grc' dir='ltr'>καὶ</span> <span class='ocrx_word' id='word_1_53' title='bbox 338 1211 455 1294; x_wconf 90' lang='grc' dir='ltr'>Τεγέην</span> <span class='ocrx_word' id='word_1_54' title='bbox 470 1213 555 1296; x_wconf 85' lang='grc' dir='ltr'>εἶχον</span> <span class='ocrx_word' id='word_1_55' title='bbox 571 1213 619 1276; x_wconf 84' lang='grc' dir='ltr'>καὶ</span> <span class='ocrx_word' id='word_1_56' title='bbox 636 1211 810 1290; x_wconf 86' lang='grc' dir='ltr'>Μαντινέην</span> <span class='ocrx_word' id='word_1_57' title='bbox 825 1210 991 1293; x_wconf 88' lang='grc' dir='ltr'>ἐρατεινήν,</span> 
     </span>
     <span class='ocr_line' id='line_1_10' title="bbox 274 1313 1026 1397; baseline -0.001 -19"><span class='ocrx_word' id='word_1_58' title='bbox 274 1315 458 1396; x_wconf 84' lang='grc' dir='ltr'>Στύμφηλόν</span> <span class='ocrx_word' id='word_1_59' title='bbox 471 1315 496 1377; x_wconf 84' lang='grc' dir='ltr'>τ’</span> <span class='ocrx_word' id='word_1_60' title='bbox 514 1315 599 1397; x_wconf 85' lang='grc' dir='ltr'>εἶχον</span> <span class='ocrx_word' id='word_1_61' title='bbox 615 1316 664 1378; x_wconf 87' lang='grc' dir='ltr'>καὶ</span> <span class='ocrx_word' id='word_1_62' title='bbox 681 1314 859 1395; x_wconf 87' lang='grc' dir='ltr'>Παρρασίην</span> <span class='ocrx_word' id='word_1_63' title='bbox 875 1313 1026 1393; x_wconf 88' lang='grc' dir='ltr'>ἐνέμοντο,</span> 
     </span>
     <span class='ocr_line' id='line_1_11' title="bbox 274 1415 1012 1501; baseline 0.001 -21"><span class='ocrx_word' id='word_1_64' title='bbox 274 1425 334 1482; x_wconf 83' lang='grc' dir='ltr'>τῶν</span> <span class='ocrx_word' id='word_1_65' title='bbox 348 1417 414 1501; x_wconf 77' lang='grc' dir='ltr'>ἦρχ’</span> <span class='ocrx_word' id='word_1_66' title='bbox 431 1418 587 1500; x_wconf 84' lang='grc' dir='ltr'>Ἀγκαίοιο</span> <span class='ocrx_word' id='word_1_67' title='bbox 603 1415 682 1492; x_wconf 80' lang='grc' dir='ltr'>πάϊς,</span> <span class='ocrx_word' id='word_1_68' title='bbox 701 1417 807 1498; x_wconf 87' lang='grc' dir='ltr'>κρείων</span> <span class='ocrx_word' id='word_1_69' title='bbox 820 1415 1012 1499; x_wconf 84' lang='grc' dir='ltr'>Ἀγαπήνωρ,</span> 
     </span>
     <span class='ocr_line' id='line_1_12' title="bbox 275 1517 1219 1607; baseline -0.004 -23"><span class='ocrx_word' id='word_1_70' title='bbox 275 1519 420 1600; x_wconf 82' lang='grc' dir='ltr'>ἐξήκοντα</span> <span class='ocrx_word' id='word_1_71' title='bbox 435 1527 519 1585; x_wconf 75' lang='grc' dir='ltr'>νεῶν·</span> <span class='ocrx_word' id='word_1_72' title='bbox 543 1517 653 1584; x_wconf 90' lang='grc' dir='ltr'>πολέες</span> <span class='ocrx_word' id='word_1_73' title='bbox 668 1518 694 1582; x_wconf 85' lang='grc' dir='ltr'>δ’</span> <span class='ocrx_word' id='word_1_74' title='bbox 711 1521 746 1582; x_wconf 89' lang='grc' dir='ltr'>ἐν</span> <span class='ocrx_word' id='word_1_75' title='bbox 761 1519 810 1598; x_wconf 79' lang='grc' dir='ltr'>νηὶ</span> <span class='ocrx_word' id='word_1_76' title='bbox 825 1519 938 1607; x_wconf 82' lang='grc' dir='ltr'>ἑκάστῃ</span> <span class='ocrx_word' id='word_1_77' title='bbox 1169 1530 1219 1581; x_wconf 84' lang='lat'>610</span> 
     </span>
     <span class='ocr_line' id='line_1_13' title="bbox 273 1620 1097 1704; baseline 0 -18"><span class='ocrx_word' id='word_1_78' title='bbox 273 1623 416 1704; x_wconf 84' lang='grc' dir='ltr'>Ἀρκάδες</span> <span class='ocrx_word' id='word_1_79' title='bbox 431 1623 536 1704; x_wconf 82' lang='grc' dir='ltr'>ἄνδρες</span> <span class='ocrx_word' id='word_1_80' title='bbox 551 1623 685 1701; x_wconf 80' lang='grc' dir='ltr'>ἔβαινον,</span> <span class='ocrx_word' id='word_1_81' title='bbox 704 1620 898 1702; x_wconf 87' lang='grc' dir='ltr'>ἐπιστάμενοι</span> <span class='ocrx_word' id='word_1_82' title='bbox 914 1623 1097 1702; x_wconf 80' lang='grc' dir='ltr'>πολεμίζειν.</span> 
     </span>
     <span class='ocr_line' id='line_1_14' title="bbox 274 1709 1071 1810; baseline -0.001 -20"><span class='ocrx_word' id='word_1_83' title='bbox 274 1709 361 1793; x_wconf 85' lang='grc' dir='ltr'>αύτδς</span> <span class='ocrx_word' id='word_1_84' title='bbox 376 1725 434 1810; x_wconf 91' lang='grc' dir='ltr'>γάρ</span> <span class='ocrx_word' id='word_1_85' title='bbox 450 1733 526 1807; x_wconf 86' lang='grc' dir='ltr'>σφιν</span> <span class='ocrx_word' id='word_1_86' title='bbox 542 1730 635 1788; x_wconf 79' lang='grc' dir='ltr'>δῶκεν</span> <span class='ocrx_word' id='word_1_87' title='bbox 650 1722 729 1803; x_wconf 84' lang='grc' dir='ltr'>άναξ</span> <span class='ocrx_word' id='word_1_88' title='bbox 742 1727 857 1808; x_wconf 84' lang='grc' dir='ltr'>ἀνδρῶν</span> <span class='ocrx_word' id='word_1_89' title='bbox 871 1725 1071 1808; x_wconf 90' lang='grc' dir='ltr'>Ἀγαμέμνων</span> 
     </span>
     <span class='ocr_line' id='line_1_15' title="bbox 275 1826 998 1908; baseline -0.001 -14"><span class='ocrx_word' id='word_1_90' title='bbox 275 1833 349 1908; x_wconf 81' lang='grc' dir='ltr'>νῆας</span> <span class='ocrx_word' id='word_1_91' title='bbox 364 1828 552 1908; x_wconf 77' lang='grc' dir='ltr'>ἐϋσσέλμους</span> <span class='ocrx_word' id='word_1_92' title='bbox 567 1826 683 1908; x_wconf 81' lang='grc' dir='ltr'>περάαν</span> <span class='ocrx_word' id='word_1_93' title='bbox 697 1829 748 1892; x_wconf 87' lang='grc' dir='ltr'>ἐπὶ</span> <span class='ocrx_word' id='word_1_94' title='bbox 764 1831 872 1893; x_wconf 77' lang='grc' dir='ltr'>οἴνοπα</span> <span class='ocrx_word' id='word_1_95' title='bbox 887 1829 998 1894; x_wconf 87' lang='grc' dir='ltr'>πόντον</span> 
     </span>
     <span class='ocr_line' id='line_1_16' title="bbox 272 1929 1059 2013; baseline 0.004 -22"><span class='ocrx_word' id='word_1_96' title='bbox 272 1929 436 2012; x_wconf 79' lang='grc' dir='ltr'>Ἀτρεΐδης,</span> <span class='ocrx_word' id='word_1_97' title='bbox 453 1931 519 1994; x_wconf 90' lang='grc' dir='ltr'>ἐπεὶ</span> <span class='ocrx_word' id='word_1_98' title='bbox 535 1929 570 1993; x_wconf 91' lang='grc' dir='ltr'>ού</span> <span class='ocrx_word' id='word_1_99' title='bbox 586 1937 645 2010; x_wconf 85' lang='grc' dir='ltr'>σφι</span> <span class='ocrx_word' id='word_1_100' title='bbox 660 1929 818 1994; x_wconf 89' lang='grc' dir='ltr'>θαλάσσια</span> <span class='ocrx_word' id='word_1_101' title='bbox 833 1931 907 2013; x_wconf 83' lang='grc' dir='ltr'>ἔργα</span> <span class='ocrx_word' id='word_1_102' title='bbox 921 1929 1059 2012; x_wconf 89' lang='grc' dir='ltr'>μεμήλει.</span> 
     </span>
     <span class='ocr_line' id='line_1_17' title="bbox 317 2031 1216 2114; baseline -0.002 -18"><span class='ocrx_word' id='word_1_103' title='bbox 317 2033 357 2096; x_wconf 83' lang='grc' dir='ltr'>Οἱ</span> <span class='ocrx_word' id='word_1_104' title='bbox 373 2032 398 2097; x_wconf 94' lang='grc' dir='ltr'>δ’</span> <span class='ocrx_word' id='word_1_105' title='bbox 415 2033 472 2113; x_wconf 90' lang='grc' dir='ltr'>άρα</span> <span class='ocrx_word' id='word_1_106' title='bbox 487 2031 680 2114; x_wconf 79' lang='grc' dir='ltr'>Βουπράσιόν</span> <span class='ocrx_word' id='word_1_107' title='bbox 694 2058 729 2098; x_wconf 93' lang='grc' dir='ltr'>τε</span> <span class='ocrx_word' id='word_1_108' title='bbox 744 2034 793 2097; x_wconf 88' lang='grc' dir='ltr'>καὶ</span> <span class='ocrx_word' id='word_1_109' title='bbox 805 2032 922 2097; x_wconf 88' lang='grc' dir='ltr'>Ἤλιδα</span> <span class='ocrx_word' id='word_1_110' title='bbox 937 2038 1004 2098; x_wconf 88' lang='grc' dir='ltr'>δὶαν</span> <span class='ocrx_word' id='word_1_111' title='bbox 1020 2034 1130 2106; x_wconf 88' lang='grc' dir='ltr'>ἔναιον,</span> <span class='ocrx_word' id='word_1_112' title='bbox 1168 2045 1197 2095; x_wconf 85' lang='lat'>61</span> <span class='ocrx_word' id='word_1_113' title='bbox 1202 2060 1216 2109; x_wconf 83' lang='lat'>5</span> 
     </span>
     <span class='ocr_line' id='line_1_18' title="bbox 274 2134 1013 2219; baseline 0.004 -23"><span class='ocrx_word' id='word_1_114' title='bbox 274 2137 372 2201; x_wconf 84' lang='grc' dir='ltr'>ὅσσον</span> <span class='ocrx_word' id='word_1_115' title='bbox 387 2134 435 2215; x_wconf 86' lang='grc' dir='ltr'>ἐφ’</span> <span class='ocrx_word' id='word_1_116' title='bbox 452 2134 577 2215; x_wconf 76' lang='grc' dir='ltr'>Ὑρμίνη</span> <span class='ocrx_word' id='word_1_117' title='bbox 594 2136 643 2199; x_wconf 84' lang='grc' dir='ltr'>καὶ</span> <span class='ocrx_word' id='word_1_118' title='bbox 659 2135 815 2218; x_wconf 88' lang='grc' dir='ltr'>Μύρσινος</span> <span class='ocrx_word' id='word_1_119' title='bbox 830 2137 1013 2219; x_wconf 85' lang='grc' dir='ltr'>ἐσχατόωσα</span> 
     </span>
     <span class='ocr_line' id='line_1_19' title="bbox 273 2237 995 2321; baseline 0.006 -21"><span class='ocrx_word' id='word_1_120' title='bbox 273 2237 366 2318; x_wconf 88' lang='grc' dir='ltr'>πέτρη</span> <span class='ocrx_word' id='word_1_121' title='bbox 381 2237 406 2298; x_wconf 89' lang='grc' dir='ltr'>τ’</span> <span class='ocrx_word' id='word_1_122' title='bbox 423 2238 550 2317; x_wconf 88' lang='grc' dir='ltr'>Ὠλενίη</span> <span class='ocrx_word' id='word_1_123' title='bbox 567 2238 617 2302; x_wconf 86' lang='grc' dir='ltr'>καὶ</span> <span class='ocrx_word' id='word_1_124' title='bbox 630 2238 772 2303; x_wconf 90' lang='grc' dir='ltr'>Ἀλίσιον</span> <span class='ocrx_word' id='word_1_125' title='bbox 788 2238 872 2304; x_wconf 87' lang='grc' dir='ltr'>ἐντὸς</span> <span class='ocrx_word' id='word_1_126' title='bbox 887 2237 995 2321; x_wconf 89' lang='grc' dir='ltr'>ἐέργει,</span> 
     </span>
     <span class='ocr_line' id='line_1_20' title="bbox 273 2338 1117 2427; baseline 0.005 -26"><span class='ocrx_word' id='word_1_127' title='bbox 273 2347 332 2405; x_wconf 85' lang='grc' dir='ltr'>τῶν</span> <span class='ocrx_word' id='word_1_128' title='bbox 348 2340 384 2404; x_wconf 84' lang='grc' dir='ltr'>αύ</span> <span class='ocrx_word' id='word_1_129' title='bbox 399 2338 547 2422; x_wconf 88' lang='grc' dir='ltr'>τέσσαρες</span> <span class='ocrx_word' id='word_1_130' title='bbox 564 2342 652 2424; x_wconf 88' lang='grc' dir='ltr'>άρχοὶ</span> <span class='ocrx_word' id='word_1_131' title='bbox 669 2341 754 2414; x_wconf 87' lang='grc' dir='ltr'>έσαν,</span> <span class='ocrx_word' id='word_1_132' title='bbox 771 2338 844 2404; x_wconf 90' lang='grc' dir='ltr'>δέκα</span> <span class='ocrx_word' id='word_1_133' title='bbox 858 2340 883 2405; x_wconf 89' lang='grc' dir='ltr'>δ’</span> <span class='ocrx_word' id='word_1_134' title='bbox 900 2343 984 2422; x_wconf 82' lang='grc' dir='ltr'>ἀνδρὶ</span> <span class='ocrx_word' id='word_1_135' title='bbox 1001 2340 1117 2427; x_wconf 77' lang='grc' dir='ltr'>ἑκάστω</span> 
     </span>
     <span class='ocr_line' id='line_1_21' title="bbox 273 2444 1031 2525; baseline 0.003 -17"><span class='ocrx_word' id='word_1_136' title='bbox 273 2448 340 2520; x_wconf 76' lang='grc' dir='ltr'>νῆες</span> <span class='ocrx_word' id='word_1_137' title='bbox 356 2445 465 2510; x_wconf 81' lang='grc' dir='ltr'>ἕποντο</span> <span class='ocrx_word' id='word_1_138' title='bbox 481 2445 559 2517; x_wconf 90' lang='grc' dir='ltr'>θοαί,</span> <span class='ocrx_word' id='word_1_139' title='bbox 576 2444 686 2511; x_wconf 86' lang='grc' dir='ltr'>πολέες</span> <span class='ocrx_word' id='word_1_140' title='bbox 700 2444 726 2509; x_wconf 92' lang='grc' dir='ltr'>δ’</span> <span class='ocrx_word' id='word_1_141' title='bbox 743 2446 890 2525; x_wconf 77' lang='grc' dir='ltr'>ἔμβαινον</span> <span class='ocrx_word' id='word_1_142' title='bbox 904 2445 1031 2511; x_wconf 85' lang='grc' dir='ltr'>Ἐπειοί.</span> 
     </span>
     <span class='ocr_line' id='line_1_22' title="bbox 272 2547 1216 2633; baseline 0.005 -24"><span class='ocrx_word' id='word_1_143' title='bbox 272 2554 331 2612; x_wconf 82' lang='grc' dir='ltr'>τῶν</span> <span class='ocrx_word' id='word_1_144' title='bbox 346 2550 402 2626; x_wconf 82' lang='grc' dir='ltr'>μὲν</span> <span class='ocrx_word' id='word_1_145' title='bbox 417 2547 462 2630; x_wconf 78' lang='grc' dir='ltr'>ἄρ’</span> <span class='ocrx_word' id='word_1_146' title='bbox 478 2547 673 2631; x_wconf 87' lang='grc' dir='ltr'>Ἀμφίμαχος</span> <span class='ocrx_word' id='word_1_147' title='bbox 689 2549 738 2612; x_wconf 87' lang='grc' dir='ltr'>καὶ</span> <span class='ocrx_word' id='word_1_148' title='bbox 754 2547 895 2615; x_wconf 89' lang='grc' dir='ltr'>Θάλπιος</span> <span class='ocrx_word' id='word_1_149' title='bbox 908 2549 1100 2633; x_wconf 91' lang='grc' dir='ltr'>ἡγησάσθην,</span> <span class='ocrx_word' id='word_1_150' title='bbox 1166 2563 1216 2614; x_wconf 85' lang='lat'>620</span> 
     </span>
     <span class='ocr_line' id='line_1_23' title="bbox 271 2649 1096 2735; baseline 0.001 -21"><span class='ocrx_word' id='word_1_151' title='bbox 271 2653 334 2717; x_wconf 87' lang='grc' dir='ltr'>υἱες</span> <span class='ocrx_word' id='word_1_152' title='bbox 351 2653 366 2714; x_wconf 87' lang='grc' dir='ltr'>ὁ</span> <span class='ocrx_word' id='word_1_153' title='bbox 381 2652 436 2730; x_wconf 74' lang='grc' dir='ltr'>μὲν</span> <span class='ocrx_word' id='word_1_154' title='bbox 453 2649 594 2724; x_wconf 81' lang='grc' dir='ltr'>Κτεάτου,</span> <span class='ocrx_word' id='word_1_155' title='bbox 612 2654 629 2715; x_wconf 88' lang='grc' dir='ltr'>ά</span> <span class='ocrx_word' id='word_1_156' title='bbox 644 2651 669 2715; x_wconf 88' lang='grc' dir='ltr'>δ’</span> <span class='ocrx_word' id='word_1_157' title='bbox 687 2651 732 2733; x_wconf 81' lang='grc' dir='ltr'>ἄρ’</span> <span class='ocrx_word' id='word_1_158' title='bbox 749 2652 890 2732; x_wconf 88' lang='grc' dir='ltr'>Εύρύτου,</span> <span class='ocrx_word' id='word_1_159' title='bbox 905 2653 1096 2735; x_wconf 85' lang='grc' dir='ltr'>Ἀκτορίωνε·</span> 
     </span>
     <span class='ocr_line' id='line_1_24' title="bbox 272 2753 1010 2838; baseline 0.012 -24"><span class='ocrx_word' id='word_1_160' title='bbox 272 2760 331 2819; x_wconf 84' lang='grc' dir='ltr'>τῶν</span> <span class='ocrx_word' id='word_1_161' title='bbox 346 2754 370 2818; x_wconf 84' lang='grc' dir='ltr'>δ’</span> <span class='ocrx_word' id='word_1_162' title='bbox 386 2753 621 2837; x_wconf 78' lang='grc' dir='ltr'>Ἀμαρυγκεΐδης</span> <span class='ocrx_word' id='word_1_163' title='bbox 636 2754 711 2837; x_wconf 79' lang='grc' dir='ltr'>ἦρχε</span> <span class='ocrx_word' id='word_1_164' title='bbox 726 2755 866 2838; x_wconf 79' lang='grc' dir='ltr'>κρατερὸς</span> <span class='ocrx_word' id='word_1_165' title='bbox 882 2757 1010 2836; x_wconf 84' lang='grc' dir='ltr'>Διύρης·</span> 
     </span>
     <span class='ocr_line' id='line_1_25' title="bbox 272 2855 993 2938; baseline 0.011 -22"><span class='ocrx_word' id='word_1_166' title='bbox 272 2861 331 2920; x_wconf 83' lang='grc' dir='ltr'>τῶν</span> <span class='ocrx_word' id='word_1_167' title='bbox 347 2858 380 2920; x_wconf 79' lang='grc' dir='ltr'>δέ</span> <span class='ocrx_word' id='word_1_168' title='bbox 395 2856 543 2938; x_wconf 82' lang='grc' dir='ltr'>τετάρτων</span> <span class='ocrx_word' id='word_1_169' title='bbox 558 2855 634 2938; x_wconf 77' lang='grc' dir='ltr'>ἦρχε</span> <span class='ocrx_word' id='word_1_170' title='bbox 649 2856 835 2936; x_wconf 84' lang='grc' dir='ltr'>Πολύξεινος</span> <span class='ocrx_word' id='word_1_171' title='bbox 850 2856 993 2936; x_wconf 87' lang='grc' dir='ltr'>θεοειδής,</span> 
     </span>
     <span class='ocr_line' id='line_1_26' title="bbox 270 2957 893 3042; baseline 0.006 -21"><span class='ocrx_word' id='word_1_172' title='bbox 270 2959 334 3024; x_wconf 87' lang='grc' dir='ltr'>υἱδς</span> <span class='ocrx_word' id='word_1_173' title='bbox 348 2957 554 3041; x_wconf 88' lang='grc' dir='ltr'>Ἀγασθένεος</span> <span class='ocrx_word' id='word_1_174' title='bbox 569 2959 741 3042; x_wconf 78' lang='grc' dir='ltr'>Αὐγηϊάδαο</span> <span class='ocrx_word' id='word_1_175' title='bbox 757 2961 893 3028; x_wconf 79' lang='grc' dir='ltr'>ἄνακτος.</span> 
     </span>
     <span class='ocr_line' id='line_1_27' title="bbox 314 3060 1215 3146; baseline 0.006 -23"><span class='ocrx_word' id='word_1_176' title='bbox 314 3060 354 3123; x_wconf 79' lang='grc' dir='ltr'>Οἱ</span> <span class='ocrx_word' id='word_1_177' title='bbox 370 3060 395 3125; x_wconf 86' lang='grc' dir='ltr'>δ’</span> <span class='ocrx_word' id='word_1_178' title='bbox 416 3063 449 3125; x_wconf 89' lang='grc' dir='ltr'>ἐκ</span> <span class='ocrx_word' id='word_1_179' title='bbox 466 3063 645 3145; x_wconf 88' lang='grc' dir='ltr'>Δουλιχίοιο</span> <span class='ocrx_word' id='word_1_180' title='bbox 660 3062 812 3146; x_wconf 85' lang='grc' dir='ltr'>Ἐχινάων</span> <span class='ocrx_word' id='word_1_181' title='bbox 829 3064 856 3128; x_wconf 87' lang='grc' dir='ltr'>θ’</span> <span class='ocrx_word' id='word_1_182' title='bbox 874 3063 982 3146; x_wconf 77' lang='grc' dir='ltr'>ἱεράων</span> <span class='ocrx_word' id='word_1_183' title='bbox 1166 3078 1215 3142; x_wconf 80' lang='lat'>625</span> 
     </span>
     <span class='ocr_line' id='line_1_28' title="bbox 271 3161 1003 3246; baseline 0.005 -20"><span class='ocrx_word' id='word_1_184' title='bbox 271 3161 381 3240; x_wconf 90' lang='grc' dir='ltr'>νήσων,</span> <span class='ocrx_word' id='word_1_185' title='bbox 399 3163 430 3226; x_wconf 83' lang='grc' dir='ltr'>αἱ</span> <span class='ocrx_word' id='word_1_186' title='bbox 446 3164 564 3228; x_wconf 87' lang='grc' dir='ltr'>ναίουσι</span> <span class='ocrx_word' id='word_1_187' title='bbox 579 3163 674 3246; x_wconf 92' lang='grc' dir='ltr'>πέρην</span> <span class='ocrx_word' id='word_1_188' title='bbox 688 3165 762 3233; x_wconf 86' lang='grc' dir='ltr'>άλδς</span> <span class='ocrx_word' id='word_1_189' title='bbox 774 3165 904 3232; x_wconf 87' lang='grc' dir='ltr'>Ἤλιδος</span> <span class='ocrx_word' id='word_1_190' title='bbox 918 3167 1003 3240; x_wconf 86' lang='grc' dir='ltr'>άντο,</span> 
     </span>
     <span class='ocr_line' id='line_1_29' title="bbox 271 3264 1000 3351; baseline 0.008 -23"><span class='ocrx_word' id='word_1_191' title='bbox 271 3271 329 3330; x_wconf 84' lang='grc' dir='ltr'>τῶν</span> <span class='ocrx_word' id='word_1_192' title='bbox 348 3264 412 3328; x_wconf 77' lang='grc' dir='ltr'>αὖθ’</span> <span class='ocrx_word' id='word_1_193' title='bbox 428 3264 592 3347; x_wconf 81' lang='grc' dir='ltr'>ἡγεμόνευε</span> <span class='ocrx_word' id='word_1_194' title='bbox 608 3266 714 3351; x_wconf 89' lang='grc' dir='ltr'>Μέγης</span> <span class='ocrx_word' id='word_1_195' title='bbox 730 3267 898 3335; x_wconf 85' lang='grc' dir='ltr'>ἀτάλαντος</span> <span class='ocrx_word' id='word_1_196' title='bbox 909 3268 1000 3350; x_wconf 85' lang='grc' dir='ltr'>Ἀρηῖ</span> 
     </span>
     <span class='ocr_line' id='line_1_30' title="bbox 270 3367 1024 3451; baseline 0.012 -22"><span class='ocrx_word' id='word_1_197' title='bbox 270 3367 429 3448; x_wconf 82' lang='grc' dir='ltr'>Φυλείδης,</span> <span class='ocrx_word' id='word_1_198' title='bbox 446 3367 481 3433; x_wconf 88' lang='grc' dir='ltr'>δν</span> <span class='ocrx_word' id='word_1_199' title='bbox 495 3369 577 3433; x_wconf 85' lang='grc' dir='ltr'>τίκτε</span> <span class='ocrx_word' id='word_1_200' title='bbox 593 3369 646 3434; x_wconf 78' lang='grc' dir='ltr'>Διὶ</span> <span class='ocrx_word' id='word_1_201' title='bbox 660 3372 753 3451; x_wconf 87' lang='grc' dir='ltr'>φίλος</span> <span class='ocrx_word' id='word_1_202' title='bbox 769 3372 882 3434; x_wconf 78' lang='grc' dir='ltr'>ἱππότα</span> <span class='ocrx_word' id='word_1_203' title='bbox 896 3372 1024 3446; x_wconf 85' lang='grc' dir='ltr'>Φυλεύς,</span> 
     </span>
     <span class='ocr_line' id='line_1_31' title="bbox 271 3471 1096 3558; baseline 0.011 -26"><span class='ocrx_word' id='word_1_204' title='bbox 271 3472 304 3535; x_wconf 88' lang='grc' dir='ltr'>ὄς</span> <span class='ocrx_word' id='word_1_205' title='bbox 319 3497 393 3534; x_wconf 89' lang='grc' dir='ltr'>ποτε</span> <span class='ocrx_word' id='word_1_206' title='bbox 408 3471 601 3555; x_wconf 87' lang='grc' dir='ltr'>Δουλίχιόνδ’</span> <span class='ocrx_word' id='word_1_207' title='bbox 620 3471 815 3537; x_wconf 75' lang='grc' dir='ltr'>ἀπενάσσατο</span> <span class='ocrx_word' id='word_1_208' title='bbox 830 3475 921 3557; x_wconf 86' lang='grc' dir='ltr'>πατρὶ</span> <span class='ocrx_word' id='word_1_209' title='bbox 935 3476 1096 3558; x_wconf 88' lang='grc' dir='ltr'>χολωθείς·</span> 
     </span>
     <span class='ocr_line' id='line_1_32' title="bbox 270 3573 1214 3657; baseline 0.008 -23"><span class='ocrx_word' id='word_1_210' title='bbox 270 3578 310 3657; x_wconf 71' lang='grc' dir='ltr'>τῴ</span> <span class='ocrx_word' id='word_1_211' title='bbox 327 3574 350 3636; x_wconf 88' lang='grc' dir='ltr'>δ’</span> <span class='ocrx_word' id='word_1_212' title='bbox 368 3573 429 3652; x_wconf 88' lang='grc' dir='ltr'>άμα</span> <span class='ocrx_word' id='word_1_213' title='bbox 443 3573 671 3656; x_wconf 88' lang='grc' dir='ltr'>τεσσαράκοντα</span> <span class='ocrx_word' id='word_1_214' title='bbox 684 3573 825 3654; x_wconf 87' lang='grc' dir='ltr'>μέλαιναι</span> <span class='ocrx_word' id='word_1_215' title='bbox 841 3580 910 3654; x_wconf 87' lang='grc' dir='ltr'>νὴες</span> <span class='ocrx_word' id='word_1_216' title='bbox 925 3577 1044 3644; x_wconf 78' lang='grc' dir='ltr'>ἕποντο.</span> <span class='ocrx_word' id='word_1_217' title='bbox 1164 3591 1214 3654; x_wconf 77' lang='lat'>630</span> 
     </span>
     <span class='ocr_line' id='line_1_33' title="bbox 314 3676 1099 3762; baseline 0.011 -24"><span class='ocrx_word' id='word_1_218' title='bbox 314 3676 413 3758; x_wconf 85' lang='grc' dir='ltr'>Αύτδρ</span> <span class='ocrx_word' id='word_1_219' title='bbox 428 3676 596 3742; x_wconf 86' lang='grc' dir='ltr'>Ὀδυσσεὺς</span> <span class='ocrx_word' id='word_1_220' title='bbox 611 3676 667 3759; x_wconf 84' lang='grc' dir='ltr'>ἡγε</span> <span class='ocrx_word' id='word_1_221' title='bbox 683 3681 888 3757; x_wconf 83' lang='grc' dir='ltr'>Κεφαλλῆνας</span> <span class='ocrx_word' id='word_1_222' title='bbox 901 3680 1099 3762; x_wconf 87' lang='grc' dir='ltr'>μεγαθύμους,</span> 
     </span>
    </p>
   </div>
   <div class='ocr_carea' id='block_1_4' title="bbox 0 0 1378 4228">
    <p class='ocr_par' dir='ltr' id='par_1_4' title="bbox 0 0 1378 4228">
     <span class='ocr_line' id='line_1_34' title="bbox 0 0 1378 4228; baseline 0 2"><span class='ocrx_word' id='word_1_223' title='bbox 0 0 1378 4228; x_wconf 95' lang='lat' dir='ltr'> </span> 
     </span>
    </p>
   </div>
  </div>
 </body>
</html>
