2788 4230
251 313 314 396 786
534 327 584 393 ιγ.
612 317 849 378 omma
880 317 911 375 P.

249 492 329 550 τοῖσι
345 489 378 550 δὲ
390 487 492 566 μύθων
508 485 582 570 ἦρχε
598 486 746 567 συβώτης,
762 489 892 570 ὄρχαμος
908 487 1031 567 ἀνδρῶν·

251 597 268 624 “
279 588 360 666 ξεῖν’,
377 586 441 653 έπεί
456 589 493 671 ἀρ
508 591 544 668 δὴ
562 592 665 655 ἔπειτα
680 591 799 656 πόλινδ’
815 590 891 655 ἰέναι
905 589 1072 668 μενεαίνεις
1148 603 1195 665 185

251 692 392 774 σήμερον,
410 693 449 759 ὡς
465 693 629 758 ἐπέτελλεν
645 695 723 772 ἄναξ
736 693 881 774 έμός,-ή
897 694 926 755 σ’
942 692 979 756 ἀν
997 692 1055 774 έγώ
1072 717 1108 775 γε

251 797 340 860 αὑτοῦ
354 798 525 877 βουλοίμην
541 801 682 876 σταθμῶν
696 799 808 880 ῥυτῆρα
823 797 978 860 λιπέσθαι·

251 901 332 963 ἀλλά
348 901 400 965 τὸν
415 901 550 980 αἰδέομαι
567 897 614 964 καὶ
630 903 733 976 δείδια,
749 899 789 982 μή
805 927 855 980 μοι
871 902 990 963 ὀπίσσω

251 1005 370 1089 νεικείῃ·
393 1001 527 1086 χαλεπαί
542 1005 575 1069 δέ
590 1004 614 1066 τ’
630 1004 765 1068 ἀνάκτων
781 1006 860 1068 εἰσὶν
876 1004 1012 1084 ὁμοκλαί·

251 1105 321 1170 ἀλλ’
336 1105 391 1189 άγε
407 1113 459 1171 νῦν
475 1110 567 1185 ἴομεν·
592 1108 627 1187 δὴ
644 1110 700 1189 γάρ
715 1107 879 1188 μέμβλωκε
894 1105 1030 1186 μάλιστα
1149 1135 1197 1185 190

252 1211 338 1292 ἦμαρ,
356 1209 430 1291 ἀτὰρ
445 1210 522 1294 τάχα
538 1237 584 1275 τοι
600 1213 669 1275 ποτὶ
686 1212 800 1292 έσπερα
813 1212 911 1294 ῥίγιον
928 1210 1042 1274 έσται.”

294 1315 356 1376 Τὸν
372 1312 396 1378 δ’
414 1315 657 1394 ἀπαμειβόμενος
671 1314 812 1395 προσέφη
829 1315 994 1392 πολύμητις
1009 1312 1186 1379 Ὀδυσσεύς·

252 1423 269 1451 “
280 1417 447 1496 γιγνώσκω,
463 1418 591 1498 φρονέω·
615 1418 652 1481 τά
667 1444 702 1497 γε
718 1417 753 1497 δή
771 1417 887 1483 νοέοντι
904 1417 1045 1484 κελεύεις.

253 1521 322 1582 ἀλλ’
338 1521 430 1600 ἴομεν,
447 1520 485 1583 σὺ
500 1521 525 1584 δ’
542 1521 646 1585 ἔπειτα
664 1523 822 1601 διαμπερὲς
836 1521 1009 1602 ἡγεμόνευε.

252 1631 302 1689 δὸς
318 1623 351 1688 δέ
366 1649 426 1703 μοι,
442 1626 471 1687 εἴ
485 1625 557 1687 ποθί
571 1648 617 1686 τοι
631 1625 768 1706 ῥόπαλον
783 1623 967 1704 τετμημένον
983 1626 1060 1702 έστί,
1149 1652 1197 1705 195

254 1727 458 1807 σκηρίπτεσθ’,
475 1723 540 1791 ἐπεὶ
555 1725 573 1805 ἦ
589 1727 659 1808 φατ’
676 1725 843 1808 ἀρισφαλέ’
859 1729 984 1808 ἔμμεναι
1002 1725 1117 1793 οὐδόν.”

293 1829 336 1891 Ἦ
352 1832 390 1912 ῥα
406 1828 454 1894 καὶ
471 1827 544 1910 ἀμφ’
562 1829 689 1910 ὤμοισιν
705 1830 808 1894 ἀεικέα
822 1830 961 1910 βάλλετο
976 1831 1081 1914 πήρην,

253 1932 349 1997 πυκνὰ
363 1935 529 2016 ῥωγαλέην·
555 1935 587 1997 έν
603 1937 635 1998 δὲ
650 1935 783 2017 στρόφος
803 1934 855 2014 ήεν
873 1936 992 2018 ἀορτήρ.

255 2037 384 2118 Εὔμαιος
400 2038 424 2101 δ’
440 2037 496 2119 ἀρα
512 2040 541 2100 οἱ
555 2041 709 2119 σκῆπτρον
724 2041 851 2120 θυμαρὲς
868 2040 968 2104 ἔδωκε.

254 2143 293 2203 τδι
309 2139 418 2221 βήτην,
435 2146 570 2221 σταθμὸν
585 2144 618 2205 δὲ
634 2143 718 2208 κύνες
735 2140 784 2207 καὶ
799 2144 932 2222 βώτορες
948 2144 1052 2224 ἄνδρες
1151 2173 1201 2208 τοο
1221 2163 1222 2166 ’

253 2246 333 2328 ῥύατ’
346 2247 455 2308 ὄπισθε
469 2245 620 2324 μένοντες·
644 2246 660 2307 ὁ
675 2245 701 2308 δ’
717 2247 748 2311 ἐς
762 2246 855 2310 πόλιν
870 2244 942 2328 ἦγεν
958 2246 1069 2311 ἄνακτα

254 2349 363 2433 πτωχῷ
380 2348 537 2432 λευγαλέῳ
553 2349 724 2431 έναλίγκιον
740 2348 792 2427 ἠδὲ
806 2348 936 2432 γέροντι,

255 2452 471 2532 σκηπτόμενον·
495 2454 532 2514 τὰ
548 2453 581 2515 δὲ
596 2451 693 2534 λυγρὰ
708 2449 776 2534 περὶ
791 2452 862 2535 χροί
880 2454 985 2533 εἵματα
1001 2453 1080 2518 ἕστο.

296 2555 385 2617 Ἀλλ’
401 2556 452 2618 ὅτε
470 2555 505 2634 δή
522 2557 695 2638 στείχοντες
712 2558 782 2620 ὁδὸν
798 2556 873 2619 κάτα
888 2560 1126 2623 παιπαλόεσσαν

255 2657 362 2722 ἀστεος
378 2656 466 2738 ε’γγὺς
482 2658 557 2722 ἔσαν
574 2656 621 2722 καί
638 2659 687 2722 έπὶ
704 2657 813 2740 κρήνην
829 2660 974 2740 ἀφίκοντο
1152 2689 1198 2738 205

255 2759 363 2839 τυκτίγν
380 2761 553 2842 καλλίροον,
570 2763 641 2825 ὅθεν
656 2762 813 2843 ὑδρεύοντο
829 2768 962 2842 πολῖται,

256 2863 310 2942 τήν
326 2863 427 2943 ποίησ’
441 2861 558 2931 Ἴθακος
575 2867 623 2928 καὶ
639 2863 770 2946 Νήριτος
785 2864 837 2943 ἠδὲ
854 2868 1027 2949 Πολύκτωρ·

256 2968 333 3047 ἀμφὶ
346 2965 371 3032 δ’
387 2967 432 3050 ἀρ’
450 2970 592 3051 αἰγείρων
607 2967 833 3050 ὑδατοτρεφέων
848 2969 885 3050 ήν
900 2972 1006 3048 ἄλσος,

256 3069 387 3134 πάντοσε
404 3071 588 3153 κυκλοτερές,
606 3074 680 3135 κατὰ
697 3075 729 3135 δὲ
744 3073 865 3156 ψυχρὸν
878 3076 946 3159 ῥέεν
961 3077 1038 3155 ὕδωρ

255 3175 371 3252 ὑψόθεν
387 3177 419 3238 ἐκ
436 3174 552 3258 πέτρης·
575 3176 680 3256 βωμὸς
695 3176 720 3239 δ’
737 3178 887 3259 ἐφύπερθε
903 3180 1022 3243 τέτυκτο
1156 3209 1203 3244 210

257 3276 414 3357 νυμφάων,
429 3280 477 3343 όθι
493 3278 604 3344 πάντες
620 3279 831 3361 ἐπιρρέζεσκον
847 3285 953 3346 ὁδῖται·

256 3380 329 3443 ἔνθα
346 3380 443 3461 σφέας
459 3384 597 3466 ἐκίχανεν
612 3383 676 3450 υἱὸς
695 3385 821 3449 Δολίοιο
838 3386 1015 3453 Μελανθεὺς

258 3485 343 3567 αἶγας
359 3484 450 3567 άγων,
468 3487 498 3550 οἳ
514 3491 591 3551 πᾶσι
606 3488 792 3570 μετέπρεπον
807 3491 987 3568 αἰπολίοισι,

259 3593 381 3654 δεῖπνον
396 3589 615 3670 μνηστήρεσσι·
635 3592 693 3655 δύω
710 3591 735 3655 δ’
753 3591 802 3672 ἀμ’
818 3593 927 3657 ἕποντο
945 3596 1063 3676 νομῆες.

259 3695 327 3762 τοὺς
343 3697 376 3760 δὲ
392 3695 462 3758 ἰδὼν
477 3695 634 3760 νείκεσσεν
650 3697 722 3762 ἔπος
737 3697 761 3758 τ’
777 3696 862 3777 ἔφατ’
880 3698 913 3762 ἔκ
928 3696 954 3763 τ’
968 3699 1114 3780 ὀνόμαζεν
1157 3727 1184 3762 τι
1190 3728 1203 3777 5
