2746 4228
285 354 328 414 44
574 390 578 398 .
622 355 652 403 2.
676 343 847 402 ΙΛΙΑΔΟΣ
872 343 905 401 Β.

286 507 338 568 τόν
352 508 383 587 ῥ’
400 507 501 572 ἔτεκεν
515 506 604 586 Ῥήνη
620 505 670 572 ὑπ’
684 508 788 585 Ὀϊλῆϊ
804 509 1007 594 πτολιπόρθῳ.

329 609 369 672 Οἰ
385 607 410 672 δ’
428 609 513 692 εἰχον
526 611 657 692 Τρίκκην
672 612 721 675 καὶ
737 609 866 690 Ἰθώμην
881 611 1130 691 κλωμακόεσσαν,

286 713 317 773 οί
330 711 354 773 τ’
374 713 447 794 ἔχον
461 714 624 795 Οἰχαλίην,
641 716 733 779 πόλιν
750 714 882 795 Εὐρύτου
897 716 1076 798 Οἰχαλιῆος,
1181 739 1229 789 730

284 821 345 877 τῶν
359 815 422 877 αὖθ’
438 814 585 897 ἡγείσθην
599 816 790 897 Ἀσκληπιοῦ
805 818 857 882 δύο
872 822 970 894 παῖδε,

217 975 220 983 .
285 917 378 999 ἰητῆρ’
395 918 506 1000 ἀγαθώ,
524 921 724 1000 Ποδαλείριος
740 921 792 999 ῆδέ
808 917 957 1002 Μαχάων·

284 1026 347 1087 τοῖς
362 1022 394 1084 δέ
408 1019 567 1102 τριήκοντα
581 1023 736 1104 γλαφυραὶ
752 1021 818 1089 νέες
834 1023 1028 1105 ἐστιχόωντο.

327 1124 367 1187 Οἰ
383 1125 407 1188 δ’
425 1126 497 1207 ἔχον
511 1125 681 1207 Ὀρμένιον,
696 1129 729 1192 οἰ
743 1152 777 1192 τε
791 1125 902 1209 κρήνην
917 1127 1083 1209 Ὑπέρειαν,

284 1229 315 1291 οί
329 1227 353 1290 τ’
369 1229 442 1311 ἔχον
456 1229 616 1311 Ἀστέριον
629 1230 774 1294 Τιτάνοιό
788 1255 821 1294 τε
836 1234 930 1294 λευκὰ
946 1228 1067 1311 κάρηνα,

283 1337 342 1394 τῶν
358 1331 425 1416 ἦρχ’
443 1332 617 1414 Εὐρύπυλος
633 1333 800 1414 Εὐαίμονος
816 1332 930 1415 ἆγλαδς
945 1333 1018 1398 υἰός·

283 1436 323 1518 τῷ
336 1433 361 1498 δ’
378 1434 439 1514 ἅμα
453 1435 682 1516 τεσσαράκοντα
696 1435 838 1516 μέλαιναι
854 1440 923 1514 νῆες
938 1435 1057 1500 ἕποντο.

325 1536 365 1599 Οἰ
381 1537 406 1601 δ’
419 1536 592 1620 Ἄργισσαν
608 1540 681 1622 ἔχον
696 1539 746 1602 καὶ
761 1539 918 1620 Γυρτώνην
933 1536 1085 1618 ἐνέμοντο,

280 1641 395 1721 Ὄρθην
408 1640 553 1720 Ἠλώνην
567 1668 600 1708 τε
616 1643 709 1707 πόλιν
723 1641 748 1705 τ’
765 1642 962 1706 Ὀλοοσσόνα
977 1640 1096 1720 λευκήν,

282 1751 341 1807 τῶν
353 1745 417 1807 αὖθ’
433 1743 597 1826 ἡγεμόνευε
611 1746 836 1825 μενεπτόλεμος
851 1747 1055 1824 Πολυποίτης,

282 1847 346 1912 υἱὸς
361 1849 546 1928 Πειριθόοιο,
562 1849 616 1913 τδν
631 1849 780 1915 ἀθάνατος
793 1846 897 1911 τέκετο
913 1848 997 1915 Ζεύς·

281 1951 334 2012 τόν
347 1950 378 2033 ῥ’
394 1951 453 2014 ὑπὸ
470 1953 619 2037 Πειριθόῳ
634 1951 737 2015 τέκετο
754 1950 860 2016 κλυτὸς
874 1948 1074 2030 Ἱπποδάμεια

280 2053 370 2132 ήματι
386 2056 426 2139 τῷ
443 2055 493 2118 ὅτε
505 2058 607 2135 Φῆρας
624 2056 747 2119 ἐτίσατο
761 2052 961 2136 λαχνήεντας,

266 2156 349 2223 Ιτοὺς
364 2154 390 2220 δ’
406 2158 439 2220 ἐκ
456 2157 575 2236 Πηλίου
593 2155 655 2222 ὦσε
671 2159 720 2222 καί
736 2158 899 2222 Αἰθίκεσσι
914 2157 1083 2222 πέλασσεν·

281 2260 333 2322 οὐκ
349 2260 421 2335 οἰος,
439 2259 500 2338 άμοι
515 2262 556 2346 τῷ
573 2287 610 2344 γε
624 2262 781 2334 Λεοντεύς,
798 2261 865 2337 ὄζος
878 2259 998 2341 Ἀρηος,

280 2360 342 2426 υἰδς
357 2362 538 2443 ὑπερθύμοιο
555 2364 695 2444 Κορώνου
712 2361 884 2426 Καινεΐδαο·

280 2469 344 2530 τοῖς
358 2464 383 2529 δ’
400 2466 462 2546 ἅμα
476 2466 705 2548 τεσσαράκοντα
718 2465 860 2544 μέλαιναι
879 2467 947 2543 νῆες
964 2464 1083 2530 ἕποντο.

323 2569 450 2635 Γουνεὺς
465 2570 490 2634 δ’
507 2572 540 2636 ἐκ
557 2570 663 2651 Κύφου
678 2569 733 2652 ῆγε
748 2568 806 2632 δύω
824 2569 873 2630 καὶ
889 2569 986 2632 εἰκοσι
1002 2567 1081 2642 νῆας·

202 2693 204 2704 ’
280 2673 320 2754 τῷ
336 2671 361 2735 δ’
377 2671 513 2752 Ἐνιῆνες
528 2674 638 2737 ἕποντο
651 2672 873 2753 μενεπτόλεμοί
886 2694 920 2733 τε
935 2671 1095 2750 Περαιβοί,

280 2773 310 2836 οἰ
325 2775 393 2855 περὶ
410 2776 561 2854 Δωδώνην
576 2777 775 2858 δυσχείμερον
791 2771 863 2836 οἰκί’
880 2773 995 2844 ἔθεντο,

279 2878 311 2940 οἰ
326 2876 352 2939 τ’
368 2875 445 2958 ἀμφ’
461 2877 580 2959 ἱμερτὸν
594 2876 780 2960 Τιταρήσιον
794 2875 856 2958 ἔργ’
871 2873 1025 2954 ἐνέμοντο,

280 2981 313 3046 ὅς
326 2978 357 3062 ῥ’
374 2982 405 3047 ἐς
420 2980 553 3059 Πηνειὸν
567 2979 666 3062 προίει
681 2980 862 3061 καλλίρροον
876 2979 964 3059 ὕδωρ,

280 3079 341 3146 οὐδ’
358 3084 425 3165 ὅγε
440 3085 562 3169 Πηνειῷ
580 3085 782 3166 συμμίσγεται
799 3082 986 3169 ἀργυροδίνῃ,

280 3184 361 3249 ἀλλά
377 3183 410 3248 τέ
423 3210 475 3265 μιν
490 3187 676 3268 καθύπερθεν
689 3183 819 3268 ἐπιρρέει
834 3183 897 3264 ἠύτ’
913 3186 1027 3250 ἔλαιον·

280 3290 368 3368 ὅρκου
383 3292 441 3370 γὰρ
457 3294 556 3354 δεινοΰ
571 3290 684 3374 Στυγὸς
698 3290 806 3355 ύδατός
822 3291 906 3367 ἐστιν
921 3286 1069 3368 ἀπορρώξ.
1175 3311 1221 3364 75⁵

323 3391 495 3474 Μαγνήτων
509 3393 534 3457 δ’
552 3393 627 3478 ἦρχε
643 3393 781 3474 Πρόθοος
795 3390 1000 3472 Τενθρηδόνος
1015 3390 1087 3466 οἰός,

280 3494 308 3558 οἰ
324 3497 392 3576 περὶ
408 3496 539 3576 Πηνειὸν
555 3498 605 3562 καί
621 3495 740 3576 Πήλιον
756 3495 975 3575 εἰνοσίφυλλον

281 3601 431 3667 ναίεσκον·
454 3608 513 3666 τῶν
526 3605 582 3682 μὲν
597 3603 735 3682 Πρόθοος
750 3599 819 3666 θοδς
833 3598 1006 3682 ῆγεμόνευε,

282 3705 321 3789 τῷ
338 3703 362 3768 δ’
380 3704 440 3786 ἅμα
458 3704 685 3788 τεσσαράκοντα
699 3702 840 3784 μέλαιναι
856 3706 924 3783 νῆες
940 3701 1059 3768 ἕποντο.
