2908 4232
261 358 327 438 484
578 378 629 440 24.
654 363 824 425 ικικιον
848 365 888 426 ο.

262 533 280 563 “
290 531 336 608 εἴη
353 555 405 594 κεν
420 529 468 595 καὶ
483 535 571 596 τοῦτο
586 533 656 598 τεδν
672 533 752 607 ἐπος,
769 529 957 614 ἀργυρότοξε,

261 633 288 696 εί
303 632 339 712 δή
356 633 432 714 ὁμὴν
447 631 571 718 Ἀχιλῆι·
585 637 634 700 καί
646 634 769 718 Ἕκτορι
785 634 896 714 θήσετε
910 633 1008 714 τιμήν.

257 732 377 818 Ἕκτωρ
390 740 446 817 μὲν
461 739 570 817 θνητός
583 765 618 803 τε
632 738 759 822 γυναῖκά
773 763 808 803 τε
823 737 939 819 θήσατο
953 739 1058 820 μαζόν·

259 838 354 921 αιἰτδρ
366 839 532 923 Ἀχιλλεύς
547 843 614 906 ἐστι
630 846 701 909 θεᾶς
718 843 818 925 γόνος,
834 841 873 921 ῆν
888 843 947 925 ἐγὼ
962 842 1036 921 αάτὴ

260 943 361 1026 θρέψω
374 971 408 1010 τε
423 946 472 1012 καὶ
487 949 616 1026 ἀτίτηλα
631 949 681 1012 καὶ
697 950 781 1030 ἀνδρὶ
797 949 892 1030 πόρον
906 947 1092 1030 παράκοιτιν,
1177 963 1209 1010 οο

260 1051 369 1125 Πηλέϊ,
385 1048 418 1116 ῖς
434 1051 502 1140 περὶ
518 1055 584 1132 κῆρι
601 1055 694 1132 φίλος
708 1048 808 1134 γένετ’
825 1050 1014 1116 ἀθανάτοισι.

259 1149 370 1218 πάντες
385 1150 411 1216 δ’
428 1153 602 1227 ἀντιάασθε,
619 1155 693 1233 θεοί,
708 1154 815 1238 γάμου·
839 1157 873 1218 ἐν
888 1157 921 1218 δὲ
938 1155 976 1218 σὺ
992 1159 1073 1218 τοῖσι

259 1254 352 1318 δαίνυ’
369 1255 450 1340 έχων
464 1258 628 1340 φόρμιγγα,
645 1264 745 1321 κακῶν
759 1257 848 1339 ἕταρ’,
868 1259 934 1322 αίέν
949 1257 1089 1322 άπιστε.”

301 1358 367 1438 Τήν
381 1359 407 1423 δ’
423 1361 667 1441 ἀπαμειβόμενος
682 1360 825 1444 προσέφη
840 1360 1064 1444 νεφεληγερέτα
1080 1361 1165 1427 Ζεύςδ

259 1459 374 1543 “Ἧρη,
390 1463 431 1544 μή
447 1465 485 1543 δή
500 1464 626 1543 πάμπαν
642 1466 866 1545 ἀποσκύδμαινε
882 1469 1008 1529 θεοῖσιν·
1174 1477 1206 1540 65

258 1563 294 1626 οὗ
307 1566 435 1649 μὲνγὰρ
450 1565 521 1647 τιμή
535 1593 572 1650 γε
585 1567 635 1649 μί’
650 1569 785 1634 ἔσσεται·
808 1568 891 1632 ἀλλά
906 1567 955 1633 καῖ
965 1567 1084 1649 Ἕκτωρ

259 1668 408 1748 φίλτατος
423 1670 495 1736 έσκε
510 1674 609 1734 θεοῖσι
623 1678 744 1754 βροτῶν
759 1672 788 1735 οῖ
804 1673 838 1737 έν
851 1671 935 1757 Ἰλίῳ
952 1672 1041 1736 εῖσίν·

259 1773 299 1838 ὣς
313 1772 372 1855 γάρ
387 1770 494 1857 ἔμοιγ’,
512 1774 578 1840 ἐπεὶ
593 1775 628 1838 οὔ
643 1801 672 1839 τι
689 1778 791 1856 φίλων
805 1774 958 1856 ἡμάρτανε
973 1775 1085 1858 δώρων.

258 1875 294 1938 οὔ
308 1874 367 1958 γάρ
380 1877 434 1956 μοί
449 1902 523 1944 ποτε
537 1879 642 1958 βωμὸς
658 1880 775 1944 ἐδεύετο
791 1879 894 1946 δαιτδς
910 1878 1004 1958 ἐίσης,

258 1983 370 2059 λοιβῆς
383 2005 418 2045 τε
433 1982 538 2062 κνίσης
553 2004 595 2047 τε·
618 1988 653 2046 τδ
667 1983 727 2065 γὰρ
740 1981 879 2067 λάχομεν
893 1981 983 2066 γέρας
997 1981 1093 2063 ἡμεῖς.
1176 2001 1207 2057 70

259 2081 328 2147 ἀλλ’
346 2083 365 2163 ή
379 2110 427 2149 τοι
445 2085 561 2167 κλέψαι
575 2087 632 2164 μὲν
648 2085 894 2168 ἐάσομεν-οὐδέ
910 2113 951 2173 πῃ
967 2087 1071 2150 έστι-

256 2186 356 2274 λάθρῃ
370 2188 539 2273 Ἀχιλλῆος
553 2188 668 2271 θρασδν
678 2187 818 2270 Ἕκτορα·
844 2189 863 2268 ῆ
877 2187 936 2271 γάρ
951 2183 1055 2267 οζῇαίεὶ

257 2290 356 2373 μήτηρ
369 2289 613 2374 παρμέμβλωκεν
629 2293 708 2370 όμῶς
723 2291 830 2358 νύκτας
845 2315 879 2355 τε
894 2291 944 2354 καὶ
959 2289 1047 2370 ῆμαρ.

259 2394 328 2458 ἀλλ’
346 2398 375 2458 εί
387 2420 433 2461 τις
448 2393 589 2459 καλέσειε
606 2398 683 2458 θεῶν
699 2392 793 2457 Θέτιν
807 2394 907 2456 ἀσσον
924 2396 1015 2472 ἐμεῖο,

259 2499 341 2579 ὄφρα
355 2499 387 2561 τί
401 2500 430 2561 οῖ
446 2501 520 2564 είπω
536 2497 660 2562 πνκινδν
676 2497 757 2572 ἔπος,
774 2496 814 2562 ὥς
829 2522 881 2561 κεν
893 2494 1058 2578 Ἀχιλλεὺς
1174 2519 1205 2572 75

259 2601 363 2682 δάρων
377 2602 410 2665 ἐκ
426 2598 578 2682 Πριάμοιο
592 2599 675 2687 λάχη
691 2601 754 2664 ἀπό
768 2601 795 2663 θ’
808 2598 942 2681 Ἕκτορα
956 2597 1064 2685 λόσῃ.”

295 2702 359 2770 Ὣς
373 2703 472 2785 ἔφατ’,
488 2702 565 2786 ὦρτο
580 2705 614 2769 δέ
625 2702 700 2786 Ἰρις
716 2704 869 2770 ἀελλόπος
884 2699 1084 2785 ἀγγελέουσα,

257 2806 414 2890 μεσσηγὺς
429 2810 462 2872 δέ
477 2805 580 2888 Σάμου
595 2833 628 2872 τε
644 2808 693 2870 καὶ
707 2806 836 2888 Ἴμβρου
850 2803 1084 2883 παιπαλοέσσης

259 2912 364 2990 ἔνθορε
376 2912 499 2992 μείλανι
514 2912 625 2997 πόντιρ·
649 2907 880 2993 ἐπεστονάχησε
895 2911 928 2972 δέ
942 2908 1044 2989 λίμνη.

257 3015 277 3096 ῆ
294 3017 327 3080 δέ
340 3015 531 3100 μολυβδαίνῃ
547 3012 632 3093 ίκέλη
649 3017 680 3081 ἐς
695 3012 818 3092 βυσσὸν
833 3014 970 3094 ὄρουσεν,
1174 3025 1208 3074 8ο

257 3121 279 3201 ή
293 3145 326 3185 τε
342 3119 404 3184 κατ’
421 3120 584 3202 ἀγραύλοιο
598 3117 675 3199 βοδς
691 3116 778 3199 κέρας
793 3120 967 3198 ἐμβεβαυῖα

259 3224 381 3308 ἔρχεται
396 3223 575 3309 ὠμηστῇσιν
590 3221 635 3286 ἐτ’
653 3221 757 3305 ίχθθσι
773 3224 848 3301 κῆρα
864 3219 1012 3303 φέρουσα.

260 3327 327 3408 εὗρε
343 3325 368 3390 δ’
385 3327 430 3390 ἐνὶ
449 3329 526 3405 σπῆι·
539 3330 686 3410 γλαφυρῷ
703 3323 806 3400 Θέτιν,
826 3321 904 3405 ἀμφὶ
919 3319 946 3386 δ’
961 3317 1009 3403 ἀρ’
1025 3319 1120 3386 άλλαι

258 3429 326 3511 ήαθ’
344 3428 505 3512 ὁμηγερέες
519 3428 604 3493 άλιαι
620 3428 696 3493 θεαί·
717 3426 737 3507 ἡ
754 3426 779 3492 δ’
796 3429 841 3493 ἐνὶ
855 3425 974 3513 μέσσης

259 3539 347 3600 κλαῖε
361 3535 455 3616 μόρον
470 3533 505 3597 οὗ
519 3533 626 3599 παιδὸς
641 3531 798 3613 ἀμύμονος,
815 3532 848 3598 άς
862 3532 893 3594 οῖ
910 3530 1022 3610 ἔμελλε
1174 3544 1206 3606 ⁸5

260 3637 404 3720 φθίσεσθΡ
421 3639 455 3702 ἐν
468 3638 563 3725 Τροίη
578 3637 751 3719 ἐριβάλακι,
768 3635 875 3713 τηλόθι
890 3632 1013 3715 πάτρης.

260 3743 357 3828 ἀγχοῦ
373 3739 401 3806 δ’
417 3739 562 3822 ἱσταμένη
578 3738 720 3823 προσέφη
736 3739 832 3804 πόδας
847 3737 926 3802 ὠκέα
937 3735 1021 3819 Ἰρις·

286 4028 496 4224 Δ
