2874 4234
258 331 322 412 ⁶54
553 347 582 411 9.
606 330 838 392 ολτνναιλν
861 331 885 390 1.

257 499 311 565 “‹1›
328 502 426 583 φίλοι,
442 500 533 568 Οδτίς
547 527 584 581 με
602 500 708 564 κτείνει
722 502 815 583 δόλιρ,
831 498 898 562 οὐδὲ
912 494 1052 579 βίηφιν.”

302 607 343 669 Οί
358 604 383 668 δ’
400 606 637 685 ἀπαμειβόμενοι
655 603 731 667 έπεα
745 602 896 682 πτερόεντ’
911 602 1066 683 ἀγόρευον·

258 714 274 740 “
287 710 314 773 εί
330 709 436 789 μὲνδὴ
451 706 491 789 μή
507 709 551 774 τίς
568 734 603 771 σε
618 707 758 787 βιάζεται
772 706 837 770 οἶον
852 707 951 782 έόντα,
1154 731 1205 782 4ιο

259 812 368 877 νοῦσόν
383 811 411 892 γ’
422 811 456 876 ού
470 837 534 877 πως
550 809 617 874 ἔστι
634 816 707 876 Διδς
723 810 857 892 μεγάλου
872 808 1031 886 ἀλέασθαι,

259 917 341 978 ἀλλὰ
357 915 395 978 σύ
410 915 438 998 γ’
453 915 542 998 εύχεο
557 916 646 993 πατρὶ
662 913 851 977 Ποσειδάωνι
867 911 1000 976 άνακτι.”

296 1017 359 1084 Ὠς
374 1018 421 1100 ἄρ’
437 1019 515 1100 ἔφαν
531 1019 680 1096 ἀπιόντες,
695 1018 768 1094 έμδν
781 1017 807 1080 δ’
824 1016 975 1099 ἐγέλασσε
991 1018 1086 1097 φίλον
1099 1018 1162 1097 κῆρ,

260 1124 299 1188 ὡς
315 1122 397 1201 ὄνομ’
410 1116 598 1201 ἐξαπάτησεν
613 1124 685 1201 έμδν
701 1119 748 1184 καὶ
763 1124 848 1201 μῆτις
858 1121 995 1202 ἀμύμων.

261 1227 397 1307 Κύκλωψ
412 1229 445 1290 δὲ
459 1225 616 1309 στενάχων
635 1252 668 1290 τε
686 1227 734 1289 καὶ
750 1224 862 1290 ὧδίνων
877 1225 1014 1310 ὀδύνῃσι,
1157 1248 1205 1301 4ῐ5

259 1332 349 1413 χερσὶ
364 1331 546 1412 ψηλαφόων,
562 1331 621 1393 ἀπὸ
636 1332 691 1409 μὲν
706 1331 795 1394 λίθον
810 1331 875 1393 είλε
891 1327 1017 1410 θυράων,

260 1434 346 1500 αὐτὸς
363 1433 388 1497 δ’
403 1435 461 1499 είνὶ
476 1434 583 1519 θύρῃσι
600 1431 738 1510 καθέζετο
752 1438 836 1516 χεῖρε
851 1432 1015 1510 πετάσσας,

261 1540 289 1602 εί
302 1536 370 1602 τινά
385 1563 441 1601 που
457 1537 521 1615 μετ’
537 1539 625 1600 ὄεσσι
640 1536 735 1616 λάβοι
751 1537 913 1619 στείχοντα
931 1535 1047 1616 θύραζε·
1127 1603 1131 1608 ,

261 1643 337 1705 οὕτω
352 1640 409 1722 γάρ
426 1641 483 1703 πού
498 1640 527 1721 μ’
543 1639 649 1720 ἤλπετ’
665 1641 709 1704 ένὶ
724 1640 817 1720 φρεσὶ
832 1638 940 1720 νήπιον
956 1639 1041 1704 εἶναι.

263 1745 353 1824 αὐτὰρ
366 1745 424 1831 ἐγὼ
440 1744 600 1823 βούλευον,
616 1744 697 1809 ὄπως
713 1743 761 1826 ὄχ’
776 1742 885 1824 άριστο
900 1743 1027 1825 γένοιτο,
1157 1767 1208 1819 4ου

262 1850 291 1912 εί
304 1847 359 1911 τιν’
375 1847 537 1927 ἑταίροισιν
552 1845 681 1910 θανάτου
695 1847 786 1911 λύσιν
800 1846 846 1926 ἠδ’
861 1845 927 1927 ἐμοὶ
943 1847 1023 1932 αὐτῷ

263 1952 410 2033 εύροίμην·
435 1950 547 2018 πάντας
563 1953 595 2016 δὲ
611 1953 717 2018 δόλους
733 1952 782 2016 καὶ
797 1954 885 2032 μῆτιν
900 1953 1038 2033 ύφοινον,

263 2056 302 2121 ὥς
318 2079 350 2120 τε
367 2053 434 2137 περί
450 2059 562 2138 ψυχῆς·
585 2057 664 2136 μέγα
682 2055 738 2137 γὰρ
755 2055 846 2119 κακὸν
861 2055 987 2138 ἐγγύθεν
1002 2053 1063 2134 ήεν.

263 2159 315 2237 ἥδε
331 2158 364 2222 δέ
377 2184 429 2239 μοι
445 2156 519 2220 κατὰ
535 2157 628 2238 θυμδν
644 2159 749 2240 ἀρίστη
766 2158 890 2238 φαίνετο
905 2157 1014 2237 βουλή.

263 2261 388 2342 άρσενες
404 2262 467 2327 ὄϊες
482 2258 562 2339 ήσον
573 2259 740 2342 έῦτρεφέες,
756 2261 955 2340 δασύμαλλοι,
1161 2285 1210 2336 4²5

265 2365 354 2428 καλοί
367 2390 399 2428 τε
414 2364 543 2446 μεγάλοι
559 2389 601 2443 τε,
618 2365 754 2444 ἰοδνεφὲς
770 2363 847 2444 εἶρος
863 2363 994 2445 ἔχοντες·

264 2468 332 2534 τοὺς
348 2467 444 2532 ἀκέων
458 2467 619 2552 συνέεργον
634 2468 855 2550 έθστρεφέεσσι
869 2467 1003 2550 λύγοισι,

264 2573 317 2658 τῇς
333 2572 384 2636 έπι
399 2572 537 2654 Κύκλωψ
553 2573 618 2638 εὗδε
633 2572 746 2652 πέλωρ,
762 2572 922 2651 ἀθεμίστια
939 2572 1034 2648 είδιύς,
1144 2611 1150 2654 i

266 2675 401 2755 σύντρεις
417 2676 582 2755 αἰνύμενος·
606 2677 622 2738 ὄ
637 2678 692 2755 μὲν
707 2674 835 2760 ἐνμέσῳ
851 2675 944 2756 ἀνδρα
958 2674 1100 2756 φέρεσκε,

266 2780 307 2841 τὼ
323 2779 348 2843 δ’
365 2779 454 2860 ἑτέρω
472 2779 629 2861 ἑκάτερθεν
644 2781 711 2858 ίτην
727 2779 856 2846 σώοντες
873 2780 1017 2860 ἑταίρους.
1127 2855 1130 2860 ¹
1160 2807 1213 2857 430

266 2887 343 2963 τρεῖς
363 2887 395 2946 δὲ
411 2883 540 2948 ἕκαστον
556 2882 631 2964 φῶτ’
646 2884 709 2948 ὄϊες
724 2885 828 2964 φέρον·
852 2883 944 2964 αύτδρ
961 2884 1019 2965 έγιύ
1033 2909 1080 2965 γε,
1129 2933 1133 2942 .

267 2986 383 3067 ἀρνειὸς
398 2989 455 3067 γὰρ
472 2986 534 3064 έην,
548 2985 655 3066 μήλων
672 2985 720 3070 ὄχ’
736 2985 859 3066 ἄριστος
875 2984 1024 3066 ἁπάντων,

267 3093 319 3150 τοῦ
335 3087 408 3150 κατὰ
424 3092 505 3152 νῶτα
519 3091 637 3169 λοβόν,
652 3091 767 3167 λασίην
782 3089 839 3153 ὑπὸ
854 3089 976 3173 γαστέρ’
988 3087 1128 3158 έλυσθεὶς

268 3190 380 3270 κείμην·
404 3191 495 3273 αὐτὰρ
511 3194 621 3275 χερσὶν
636 3193 733 3256 ἀκόπου
748 3194 926 3258 θεσπεσίοιο

268 3291 422 3372 νωλεμέως
437 3297 601 3377 στρεφθεὶς
616 3296 729 3379 ε’χόμην
747 3299 883 3374 τετληότι
900 3297 989 3381 θυμῷ.
1164 3325 1214 3376 435

269 3400 307 3463 ὣς
323 3397 388 3460 τότε
407 3399 463 3476 μὲν
477 3400 677 3483 στενάχοντες
692 3401 850 3480 ἐμείναμεν
864 3399 929 3462 Ἠῶ
946 3404 1021 3465 δῖαν.

308 3497 409 3578 Ἦμος
425 3501 451 3563 δ’
466 3501 615 3584 ἠριγένεια
631 3501 712 3583 φάνη
726 3502 945 3586 ῥοδοδάκτυλος
961 3503 1053 3584 Ἠώς,

270 3605 318 3669 καὶ
334 3601 394 3668 τότ’
411 3604 516 3669 ἔπειτα
532 3607 651 3686 νομόνδ’
667 3605 814 3686 ἐξέσσυτο
831 3608 944 3688 ἄρσενα
958 3611 1049 3688 μῆλα,

271 3706 390 3788 θήλειαι
405 3707 430 3771 δ’
446 3706 591 3788 έμέμηκον
607 3709 789 3789 ἀνήμελκτοι
803 3712 872 3794 περὶ
889 3712 1009 3791 σηκούς·
1073 3775 1076 3782 ,
