2758 4228
471 358 539 419 ΕΙΣ
564 358 805 419 ΑΠΟΛΛΩΝΑ.
1047 374 1111 441 939

163 526 212 589 καὶ
227 529 279 590 νῦν
295 525 408 605 νόσφιν
424 525 505 605 ἐμεῖο
521 526 589 591 τέκε
604 532 780 608 γλαυκῶπιν
794 525 935 606 Ἀθήνην,

162 627 181 706 ἢ
197 633 291 694 πᾶσιν
304 629 475 711 μακάρεσσι
489 629 674 708 μεταπρέπει
690 629 901 694 ἀθανάτοισιν·’
1061 657 1110 706 315

163 732 254 813 αὐτὰρ
269 731 329 815 ὅγ’
346 733 492 811 ἠπεδανὸς
507 731 635 815 γέγονεν
649 732 724 811 μετὰ
739 737 815 796 πᾶσι
831 737 930 796 θεοῖσι

163 841 234 902 παῖς
250 835 320 916 έμδς
332 834 521 917 Ἥφαιστος,
535 836 635 918 ῥικνὸς
651 837 752 912 πόδας,
769 837 804 902 δν
819 835 908 901 τέκον
922 835 994 914 αὐτή

162 1043 228 1126 φάμ’
244 1042 301 1107 ἀνά
315 1042 423 1128 χερσὶν
439 1047 554 1110 ἑλοῦσα
569 1045 617 1108 καὶ
634 1044 771 1124 ἔμβαλον
787 1045 866 1125 εὐρέϊ
880 1045 989 1127 πόνηρ’
1038 1051 1114 1120 [140]

164 1147 247 1212 ἀλλά
263 1150 277 1210 ἑ
292 1151 414 1228 Νηρῆος
430 1149 561 1230 θυγάτηρ
578 1147 669 1214 Θέτις
684 1147 871 1230 ἀργυρόπεζα

164 1249 272 1329 δέξατο
288 1253 337 1314 καὶ
352 1254 428 1329 μετὰ
442 1249 495 1339 ᾗσι
513 1250 712 1337 κασιγνήτῃσι
730 1255 886 1330 κόμισσεν·
1062 1276 1114 1325 320

165 1354 204 1420 ὣς
220 1351 308 1434 ὄφελ’
325 1353 405 1416 ἀλλο
420 1359 519 1418 θεοῖσι
534 1356 744 1436 χαρίσσασθαι
759 1353 938 1436 μακάρεσσι.

167 1456 302 1540 σχέτλιε,
319 1462 528 1538 ποικιλομῆτα,
545 1458 575 1520 τί
593 1464 646 1521 νῦν
659 1461 801 1537 μητίσεαι
817 1457 915 1530 ἀλλος

166 1567 229 1626 πῶς
246 1561 335 1638 ἔτλης
350 1561 413 1626 οἶος
428 1561 542 1625 τεκέειν
556 1561 741 1642 γλαυκάπιδ’
755 1559 908 1640 Ἀθήνην,·
1041 1570 1115 1637 [¹45]

166 1664 219 1726 οὐκ
235 1661 273 1726 ἀν
288 1664 346 1743 ἐγὼ
363 1663 515 1743 τεκόμην,·
540 1662 588 1728 καὶ
604 1663 645 1744 σὴ
662 1665 831 1744 κεκλημένη
846 1665 942 1744 ἔμπης

166 1766 204 1846 ήν
218 1765 264 1848 ἀρ’
279 1769 311 1830 ἐν
326 1766 528 1845 ἀθανάτοισιν,
547 1768 576 1831 οἳ
592 1769 718 1849 οὐρανὸν
734 1769 819 1849 εὐρὺν
835 1768 951 1849 έχουσι.
1065 1795 1113 1844 325

167 1870 280 1953 φράζεο
295 1874 348 1937 νῦν
362 1869 402 1950 μή
418 1872 467 1934 τοί
479 1896 508 1934 τι
525 1877 615 1934 κακδν
628 1871 769 1952 μητίσομ’
783 1871 914 1934 ὀπίσσω·
1043 1897 1090 1946 325
1103 1882 1117 1908 ⁸

168 1975 217 2037 καὶ
232 1979 285 2037 νῦν
300 1975 355 2053 μέν
369 1999 417 2037 τοι
433 1975 492 2056 ἐγὼ
509 1973 706 2057 τεχνήσομαι,
723 1976 763 2040 ὥς
779 2000 812 2038 κε
825 1974 949 2056 γένηται

167 2082 237 2143 παῖς
252 2077 331 2158 ε’μός,
347 2078 380 2142 άς
396 2103 429 2141 κε
444 2081 543 2141 θεοῖσι
558 2077 744 2160 μεταπρέποι
759 2076 966 2152 ἀθανάτοισιν,

167 2181 237 2244 οὔτε
252 2186 309 2244 σδν
324 2179 484 2264 αἰσχύνασ’
501 2180 581 2264 ἱερὸν
596 2180 690 2264 λέχος
705 2180 765 2243 οὔτ’
780 2180 853 2260 έμδν
868 2180 964 2256 αὐτῆς.
1043 2190 1067 2254 [1
1072 2190 1117 2257 ικο]

168 2283 236 2348 οὐδέ
250 2309 296 2347 τοι
312 2286 355 2351 εἰς
372 2285 459 2364 εὐνήν
474 2283 667 2363 πωλήσομαι,
683 2283 754 2347 ἀλλ’
769 2283 829 2347 άπὸ
846 2288 913 2346 σεῖο

167 2389 297 2468 τηλόθεν
315 2389 393 2451 οὖσα
407 2391 504 2453 θεοῖσι
518 2387 706 2469 μετέσσομαι
720 2386 927 2452 ἀθανάτοισιν.
1066 2415 1115 2464 330

205 2490 268 2558 Ὣς
283 2490 400 2556 είποΰσ’
417 2493 574 2572 ἀπονόσφι
590 2495 667 2556 θεῶν
683 2493 728 2554 κίε
743 2493 880 2574 χωομένη
896 2516 963 2571 περ.

170 2595 262 2659 αὐτίκ’
278 2595 368 2659 ἔπειτ’
384 2595 476 2676 ήράτο
492 2601 609 2676 βοῶπις
625 2597 734 2660 πότνια
744 2593 837 2674 Ἥρη,

169 2697 248 2781 χειρὶ
263 2704 447 2779 καταπρηνεῖ
459 2699 485 2762 δ’
501 2698 596 2762 ἔλασε
610 2700 707 2781 χθόνα
722 2700 771 2762 καὶ
787 2697 868 2778 φάτο
882 2701 984 2777 μῦθον·
1042 2707 1067 2770 [ι
1073 2705 1116 2773 55]

214 2803 337 2867 κέκλυτε
352 2807 405 2866 νῦν
419 2827 480 2880 μοι,
495 2807 568 2885 γαῖα
584 2803 633 2866 καὶ
649 2802 773 2883 οὐρανὸς
789 2801 873 2882 εὐρὺς
886 2802 1024 2882 ὕπερθεν,

169 2906 296 2985 Τιτῆνές
309 2907 342 2970 τε
358 2907 431 2983 θεοί,
447 2902 493 2968 τοὶ
510 2905 569 2969 θπδ
582 2907 672 2988 χθονὶ
690 2905 878 2972 ναιετάοντες
1067 2931 1116 2980 335

169 3008 326 3091 Τάρταρον
341 3009 420 3090 ἀμφὶ
433 3008 539 3089 μέγαν,
554 3016 614 3073 τῶν
630 3009 667 3086 ἒξ
680 3009 785 3089 ἄνδρες
800 3034 835 3073 τε
849 3010 915 3072 θεοί
929 3027 971 3072 τε·

171 3115 253 3177 αὐτοὶ
267 3119 321 3178 νῦν
338 3138 393 3194 μευ
407 3112 519 3180 πάντες
537 3113 685 3176 ἀκούσατε
701 3113 750 3176 καὶ
766 3112 836 3176 δότε
851 3117 947 3176 παῖδα

171 3216 266 3298 νόσφι
282 3218 368 3294 Διός,
383 3218 476 3296 μηδέν
490 3241 520 3280 τι
534 3219 609 3298 βίην
628 3214 766 3280 ἐπιδευέα
781 3216 890 3279 κείνου·
1044 3225 1119 3291 [ιύο]

205 3455 253 3508 317
270 3444 386 3494 lacunam
397 3451 454 3494 stat.
467 3443 616 3503 Demetrius,
630 3447 715 3492 sec'uto
726 3443 872 3493 Matthiaeo.
945 3446 992 3504 318
1010 3443 1119 3506 ἔμβαλεν

171 3529 270 3587 praeter
286 3523 315 3571 M
333 3523 406 3571 codd.
507 3535 552 3586 321
571 3519 719 3584 χαρίσασθαι
738 3521 766 3570 Μ
784 3519 922 3586 χαρίζεσθαι
939 3539 980 3587 xp,
998 3524 1119 3572 aoristum

171 3600 299 3652 restituere
309 3599 388 3650 voluit
400 3601 547 3651 Hollander.
616 3614 662 3663 3²²
680 3598 768 3660 μήσεαι
784 3617 815 3660 x;
833 3598 869 3649 ἔτι
880 3597 966 3662 μήσεαι
978 3617 1004 3666 p.
1071 3615 1100 3664 3²
1104 3615 1118 3664 5

171 3677 188 3740 ἦ
202 3675 237 3740 (ἦ.
248 3678 275 3743 ἦ)
288 3678 361 3728 coda
372 3693 379 3738 ;
389 3677 421 3740 ἥν
433 3679 581 3729 Demetrius
635 3683 696 3741 325·
706 3680 811 3729 servavit
822 3678 890 3728 solus
901 3695 925 3744 y.
959 3677 1006 3741 326
1024 3677 1066 3728 καὶ
1078 3679 1120 3729 νῦν

172 3755 219 3819 μὲν
230 3755 269 3805 τοί
280 3759 328 3820 γάρ
338 3771 369 3814 κς
380 3754 420 3804 καὶ
432 3757 474 3806 νῦν
486 3775 524 3808 τοι
535 3755 583 3822 γάρ
592 3772 624 3820 p;
641 3755 699 3806 dedi
710 3755 841 3808 lectionem
853 3757 890 3808 Μ.

595 3835 698 3916 Ηλ5
