2834 4234
252 331 316 416 696
527 336 846 395 ,11.ΟΔΎΣΣΕΙΑΣ
877 336 912 394 Λ.

292 503 376 569 Ἔνθ’
393 501 412 582 ἦ
427 528 473 566 τοι
489 505 598 567 Μίνωα
613 506 689 581 ίδον,
707 509 781 569 Διὸς
797 501 912 586 ἀγλαὸν
927 503 1004 579 υἱόν,

250 607 382 690 χρύσεον
399 607 550 688 σκῆπτρον
565 608 683 690 ἔχοντα,
700 607 915 687 θεμιστεύοντα
929 608 1085 684 νέκυσσιν,
1147 603 1150 620 ’

251 713 371 790 ἥμενον·
394 712 424 772 οἰ
440 708 473 774 δέ
487 737 539 789 μιν
555 712 633 791 ἀμφὶ
649 712 732 776 δίκας
748 711 861 791 εἴροντο
877 711 1001 788 άνακτα,
1150 732 1199 784 570

252 815 356 893 ἥμενοι
373 815 513 882 ἑσταότες
529 841 572 892 τε,
590 815 653 878 κατ’
673 817 834 896 εὐρυπυλὲς
846 814 950 881 Ἀΐδας
965 821 1016 878 δῶ.

294 923 356 982 Τδν
372 921 405 981 δὲ
419 917 483 997 μέτ’
497 917 632 999 Ὠρίωνα
646 919 797 998 πελώριον
813 920 976 996 εἰσενόησα
1063 971 1068 982 ι

254 1024 345 1102 θῆρας
363 1024 436 1102 ὁμοῦ
452 1025 590 1086 εἰλεῦντα
606 1019 668 1084 κατ’
685 1022 861 1103 ἀσφοδελὸν
875 1027 1016 1102 λειμῶνα,

253 1125 321 1192 τοὺς
336 1125 424 1192 αύτδς
440 1125 628 1206 κατέπεφνεν
643 1127 676 1190 ἑν
692 1127 882 1190 οἰοπόλοισιν
898 1128 1015 1210 ὄρεσσι,

252 1231 359 1313 χερσὶν
375 1232 454 1312 ἔχων
467 1231 604 1312 ῥόπαλον
619 1229 826 1313 παγχάλκεον,
843 1231 908 1293 αἰὲν
926 1228 1023 1311 ἀαγές.
1152 1253 1199 1303 575

297 1328 354 1393 Καὶ
368 1330 477 1394 Τιτυὸν
493 1331 581 1404 εἶδον,
598 1330 688 1406 Γαίης
705 1331 851 1411 ἐρικυδέος
867 1329 941 1408 υἱόν,

254 1435 390 1513 κείμενον
405 1435 437 1496 ἑν
453 1433 579 1518 δαπέδῳ·
602 1434 618 1495 ὁ
636 1431 660 1496 δ’
676 1431 721 1496 ἐπ’
738 1433 824 1497 έννέα
839 1437 920 1515 κεῖτο
935 1433 1077 1513 πέλεθρα,
1094 1445 1098 1476 ¹

254 1541 329 1617 γῦπε
345 1535 378 1599 δέ
392 1563 444 1616 μιν
460 1536 599 1618 ἑκάτερθε
615 1535 774 1616 παρημένω
789 1536 869 1616 ἧπαρ
887 1536 1014 1614 ἔκειρον,

254 1639 375 1720 δέρτρον
392 1639 452 1702 έσω
468 1640 614 1706 δύνοντες·
637 1642 654 1702 ὁ
672 1637 698 1702 δ’
715 1641 766 1703 οὐκ
784 1639 956 1718 ἀπαμύνετο
972 1641 1070 1722 χερσί·

255 1743 341 1822 Λητὼ
358 1741 414 1824 γὰρ
431 1742 556 1822 ἥλκησε,
574 1744 647 1808 Διὸς
664 1743 771 1824 κυδρὴν
787 1744 973 1822 παράκοιτιν,
1153 1758 1201 1817 580

255 1845 374 1910 Πυθώδ’
390 1847 553 1930 ἐρχομένην
569 1851 617 1912 διὰ
633 1849 818 1929 καλλιχόρου
832 1849 1006 1924 Πανοπῆος.
1097 1871 1100 1876 ·

299 1948 357 2013 Καὶ
372 1952 432 2031 μὴν
446 1950 606 2016 Τάνταλον
625 1954 755 2016 εἰσεῖδον
770 1951 880 2034 χαλέπ’
896 1949 981 2029 ἄλγε’
997 1951 1115 2034 έχοντα,

257 2053 375 2118 ἑσταότ’
391 2057 423 2118 ἑν
438 2058 540 2140 λίμνῃ·
562 2056 581 2134 ἡ
598 2059 631 2120 δὲ
647 2055 837 2134 προσέπλαζε
852 2057 970 2139 γενείῳ·

256 2165 363 2223 στεῦτο
379 2163 410 2222 δὲ
427 2159 557 2240 διψάων,
573 2159 670 2224 πιέειν
685 2159 711 2224 δ’
727 2161 778 2224 ούκ
795 2161 876 2242 εἰχεν
893 2161 1028 2224 ἑλέσθαι·

148 2297 151 2303 ν
256 2261 367 2326 ὁσσάκι
383 2263 440 2345 γὰρ
458 2264 554 2345 κύψει’
572 2266 588 2326 ὁ
603 2264 701 2346 γέρων
716 2262 812 2327 πιέειν
827 2264 1003 2342 μενεαίνων,
1155 2278 1201 2337 585

257 2364 384 2448 τοσσάχ’
398 2369 476 2448 ὕδωρ
492 2365 671 2432 ἀπολέσκετ’
690 2366 873 2452 ἀναβροχέν,
891 2368 969 2449 ἀμφὶ
985 2370 1017 2431 δὲ
1031 2367 1129 2430 ποσσὶ

155 2553 156 2560 ¹
256 2475 327 2552 γαῖα
341 2468 468 2549 μέλαινα
483 2469 630 2551 φάνεσκε,
647 2470 852 2552 καταζήνασκε
870 2475 903 2537 δὲ
917 2473 1039 2550 δαίμων.

256 2575 377 2654 δένδρεα
393 2573 418 2638 δ’
432 2574 607 2655 ὑψιπέτηλα
623 2576 698 2640 κατὰ
715 2580 821 2657 κρῆθεν
835 2575 890 2658 χέε
906 2577 1029 2656 καρπόν,

152 2739 155 2744 .
258 2680 364 2765 ὄγχναι
380 2680 429 2742 καὶ
443 2680 523 2759 ῥοιαὶ
543 2680 590 2742 καὶ
605 2680 713 2760 μηλέαι
729 2681 935 2763 ἀγλαόκαρποι

258 2783 361 2845 συκέαι
375 2807 408 2846 τε
422 2786 565 2865 γλυκεραὶ
581 2785 630 2847 καὶ
646 2787 747 2848 ἐλαῖαι
759 2783 957 2862 τηλεθόωσαι·
1154 2809 1204 2858 590

258 2891 317 2949 τῶν
334 2885 416 2948 ὁπότ’
433 2886 538 2952 ἰθύσει’
555 2889 572 2951 ὁ
587 2887 684 2970 γέρων
700 2885 750 2950 ἐπὶ
764 2885 854 2970 χερσὶ
870 2886 1035 2966 μάσασθαι,
1143 2930 1146 2940 ·

258 2995 310 3056 τὰς
325 2987 351 3053 δ’
366 2989 475 3069 άνεμος
489 2994 636 3072 ῥίπτασκε
651 2993 721 3054 ποτὶ
737 2991 831 3073 νέφεα
850 2990 1000 3055 σκιόεντα.

304 3091 361 3156 Καὶ
378 3093 436 3173 μὴν
454 3096 591 3173 Σίσυφον
608 3097 738 3157 εἰσεῖδον
755 3093 868 3176 κρατέρ’
884 3095 969 3177 ἄλγε’
987 3094 1108 3177 ἔχοντα,

258 3199 337 3257 λάον
351 3195 542 3272 βαστάζοντα
557 3196 707 3275 πελώριον
723 3197 939 3286 ἀμφοτέρῃσιν.

259 3296 278 3374 ἦ
292 3320 338 3359 τοι
355 3298 371 3358 ὁ
385 3300 441 3376 μὲν
456 3299 694 3377 σκηριπτόμενος
712 3302 820 3381 χερσίν
836 3326 868 3365 τε
884 3303 975 3366 ποσίν
990 3327 1024 3366 τε
1156 3327 1204 3378 595

258 3403 337 3463 λᾶαν
353 3398 414 3463 ἀνω
431 3401 546 3466 ὤθεσκε
560 3398 629 3465 ποτὶ
644 3403 754 3483 λόφον·
778 3401 848 3466 ἀλλ’
864 3405 914 3468 ὅτε
929 3405 1039 3486 μέλλοι

259 3503 349 3584 άκρον
363 3505 572 3584 ὑπερβαλέειν,
589 3503 649 3569 τότ’
665 3507 902 3589 ἀποστρέψασκε
918 3507 1060 3589 κραταιίς·
1106 3533 1107 3536 ’

259 3607 341 3674 αὖτις
357 3608 461 3672 ἔπειτα
474 3609 601 3675 πέδονδε
617 3611 773 3674 κυλίνδετο
789 3615 866 3676 λᾶας
882 3610 1016 3691 ἀναιδής.

260 3708 351 3802 αὐτὰρ
366 3710 425 3794 ὅγ’
442 3708 490 3792 δψ
506 3712 628 3777 ώσαοκε
644 3715 856 3794 τιταινόμενος,
872 3717 948 3778 κατὰ
963 3715 989 3779 δ’
1010 3716 1098 3795 ἱδρὼς
