2788 4230
268 335 330 402 828
553 358 602 422 19.
627 340 861 402 ολτννοικν
886 340 922 399 τ.

266 507 332 588 ἤϊεν
347 510 420 590 άγχι
436 514 538 588 κυνῶν,
555 510 689 590 κραδάων
706 509 901 593 δολιχόσκιον
917 507 1017 591 ἔγχος.

267 613 339 676 ἔνθα
355 609 380 676 δ’
394 609 440 692 ἄρ’
457 614 489 678 ἐν
503 613 605 699 λόχμῃ
621 615 727 698 πυκινῇ
744 613 895 678 κατέκειτο
908 609 1003 692 μέγας
1018 614 1082 675 σῦς·

267 715 321 793 τὴν
337 716 393 795 μὲν
407 713 453 796 ἄρ’
468 715 528 779 οὐτ’
544 715 662 796 ἀνέμων
678 715 745 793 διάη
760 714 849 794 μένος
864 714 956 798 ὐγρδν
970 713 1090 790 ὀέντων,
1162 737 1217 786 44ο

267 819 334 882 οὐτε
350 845 402 899 μιν
417 819 541 886 Ἠέλιος
557 818 678 902 φαέθων
694 821 813 883 ὀκτῖσιν
829 819 975 898 ἔβαλλεν,

267 920 327 986 οὐτ’
343 925 456 1006 ὄμβρος
472 922 624 1006 περάασκε
639 921 809 1003 διαμπερές·
840 923 879 989 ὣς
894 923 953 1004 άρα
967 920 1062 1000 πυκνὴ

267 1025 328 1104 ήεν,
346 1027 421 1108 ἆτδρ
436 1027 564 1108 φύλλων
579 1024 664 1104 ἐνέην
679 1027 768 1107 χύσις
785 1024 878 1104 ήλιθα
894 1024 1006 1103 πολλή.

267 1135 318 1192 τδν
334 1128 358 1193 δ’
374 1131 489 1211 άνδρῶν
505 1156 537 1193 τε
554 1136 649 1194 κυνῶν
664 1154 697 1192 τε
712 1125 779 1210 περὶ
796 1127 905 1194 κτύπος
920 1126 996 1207 ήλθε
1011 1129 1138 1203 ποδοῒίν,

267 1232 306 1297 ὡς
322 1232 484 1315 ἐπάγοντες
499 1233 624 1318 ἐπῇσαν·
654 1234 671 1295 δ
686 1229 712 1295 δ’
730 1233 829 1298 ἀντίος
845 1233 877 1295 ἐκ
893 1229 1046 1313 ξυλόχοιο,
1163 1256 1216 1306 445

267 1335 376 1417 φρίξας
392 1336 425 1400 εὐ
439 1336 564 1418 λοφιήν,
579 1342 637 1418 πῦρ
653 1336 678 1400 δ’
694 1337 883 1417 ὀφθαλμοῖσι
899 1338 1054 1416 δεδορκάς,

267 1442 324 1517 στῆ
342 1437 374 1522 ῤ’
389 1439 486 1504 αὐτῶν
502 1441 659 1523 σχεδόθεν·
683 1440 698 1501 ὁ
715 1441 740 1503 δ’
756 1437 814 1522 άρα
829 1438 999 1520 πρώτιστος
1015 1436 1182 1502 Ὀδυσσεὺς

266 1541 369 1606 ἔσσυτ’
387 1544 596 1625 ἀνασχόμενος
611 1542 737 1626 δολιχὸν
753 1544 823 1625 δόρυ
837 1540 916 1624 χειρὶ
932 1543 1053 1627 παχείῃ,

266 1645 425 1724 οὐτάμεναι
440 1646 569 1725 μεμαύς·
601 1647 618 1708 ὁ
633 1648 666 1710 δέ
680 1671 731 1725 μιν
746 1645 898 1726 φθάμενος
914 1646 1027 1709 ἔλασεν
1042 1649 1096 1712 οὓς

265 1750 372 1831 γουνὸς
388 1751 472 1830 ύπερ,
489 1757 609 1813 πολλὸν
624 1752 656 1813 δὲ
673 1749 803 1831 διήφυσε
821 1749 932 1829 σαρκδς
947 1749 1047 1814 ὀδόντι
1164 1773 1218 1823 45ο
1288 1779 1293 1786 ·

266 1852 402 1936 λικριφὶς
417 1852 513 1933 ἆίξας,
529 1851 589 1918 οὐδ’
604 1853 713 1918 ὀστέον
727 1855 807 1918 ἵκετο
822 1855 933 1935 φωτός.

266 1963 318 2021 τδν
334 1957 360 2020 δ’
374 1956 519 2024 Ὀδυσεὺς
534 1958 644 2036 οὔτησε
660 1959 759 2041 τυχδν
775 1956 850 2020 κατά
865 1955 966 2036 δεξιὸν
982 1953 1072 2035 ὦμον,

267 2061 387 2141 ὀντικρύ
402 2063 437 2125 δὲ
451 2064 557 2139 διῆλθε
573 2067 699 2142 φαεινοῦ
713 2067 817 2142 δουρδς
833 2057 942 2139 ἀκωκή·

268 2163 322 2228 κδδ
338 2165 364 2227 δ’
380 2165 464 2228 ἔπεσ’
481 2169 513 2230 ἐν
529 2167 647 2252 κονίῃσι
662 2166 774 2245 μακάν,
790 2166 850 2228 άπδ
866 2162 890 2228 δ’
908 2163 1018 2227 ἔπτατο
1035 2164 1134 2240 θυμός.

267 2267 319 2332 τδν
334 2271 389 2348 μὲν
404 2265 450 2350 ἄρ’
467 2269 638 2332 Αὐτολύκου
654 2273 758 2335 παῖδες
774 2270 862 2348 φίλοι
877 2266 1096 2348 ἀμφεπένοντο,
1166 2295 1218 2344 455

268 2371 396 2451 ὠτειλὴν
412 2370 437 2435 δ’
452 2369 598 2450 Ὀδυσῆος
614 2373 763 2451 ἀμύμονος
779 2369 927 2435 ἀντιθέοιο

267 2477 364 2551 δῆσαν
380 2475 594 2553 ἐπισταμένως,
612 2476 736 2560 ἐπαοιδῇ
753 2473 779 2538 δ’
796 2476 869 2555 αῐμα
885 2473 1027 2539 κελαινὸν

268 2578 406 2660 ἔσχεθον,
418 2578 497 2659 αἶφα
512 2578 538 2642 δ’
553 2583 653 2642 ἵκοντο
669 2581 763 2659 φίλου
777 2584 851 2658 πρὸς
867 2577 986 2654 δόματα
1001 2579 1121 2660 πατρός.

268 2682 321 2745 τδν
336 2686 392 2762 μὲν
408 2680 453 2765 ἄρ’
469 2683 638 2748 Αὐτόλυκός
654 2707 686 2746 τε
703 2683 752 2745 καὶ
767 2681 844 2748 υἱέες
862 2681 1044 2746 Αὐτολύκοιο

269 2785 301 2848 εὐ
319 2786 477 2865 ἰησάμενοι
492 2786 537 2864 ἠδ’
553 2787 654 2869 ἆγλαδι
671 2791 750 2862 δῶρα
766 2786 909 2867 πορόντες
1165 2799 1218 2862 460

270 2891 464 2971 καρπαλίμως
479 2891 623 2973 χαίροντα
639 2892 737 2971 φίλην
751 2891 783 2955 ἐς
798 2886 917 2972 πατρίδ’
934 2889 1067 2969 ἔπεμπον

270 2995 313 3059 εἰς
328 2991 455 3071 Ἰθάκην.
486 2999 527 3078 τῷ
543 2993 598 3072 μέν
613 2995 651 3075 ῥα
665 2993 762 3071 πατὴρ
779 2990 827 3056 καὶ
844 2995 952 3057 πότνια
966 2993 1062 3076 μήτηρ

269 3101 378 3178 χαῖρον
392 3096 576 3176 νοστήσαντι
591 3098 640 3161 καὶ
657 3096 821 3178 ἐξερέεινον
837 3097 959 3177 ἔκαστα,

270 3198 363 3278 οὐλὴν
379 3202 442 3264 ὅττι
459 3199 561 3265 πόθοι·
593 3203 610 3264 δ
624 3199 650 3264 δ’
666 3201 722 3282 άρα
739 3202 851 3282 σφίσιν
867 3201 899 3264 εὐ
915 3199 1073 3280 κατέλεξεν

270 3303 310 3368 ὥς
324 3326 376 3380 μιν
391 3304 541 3386 θηρεύοντ’
558 3305 670 3369 ἔλασεν
685 3308 741 3371 σύς
756 3307 855 3390 λευκῷ
871 3306 980 3383 ὀδόντι,
1167 3318 1218 3382 465

271 3408 459 3487 Παρνησόνδ’
476 3409 606 3474 ἐλθόντα
620 3410 678 3473 σὺν
691 3407 794 3475 υἱάσιν
809 3407 1002 3474 Αὐτολύκοιο.

313 3510 379 3589 Τήν
393 3511 485 3594 γρηδς
499 3515 641 3596 χείρεσσι
656 3513 883 3596 καταπρηνέσσι
899 3517 1041 3588 λαβοῦσο

271 3619 333 3698 γνῶ
347 3614 378 3697 ῥ’
396 3617 634 3695 ἐπιμασσαμένη,
647 3619 725 3681 πόδα
739 3620 772 3681 δέ
788 3615 914 3698 προέηκε
929 3615 1088 3699 φέρεσθαι·

273 3722 305 3784 ἐν
321 3722 353 3784 δέ
369 3717 478 3799 λέβητι
493 3719 570 3783 πέσε
590 3720 696 3800 κνήμη,
713 3720 865 3803 κανάχησε
882 3724 915 3785 δὲ
930 3721 1053 3803 χαλκός,
