2728 4230
279 337 337 399 ιρι
608 323 638 400 9'.
663 325 833 385 ΙΛΙΑΔΟΣ
858 325 879 386 1.

276 488 383 571 ἐχθρὸς
398 488 455 572 γάρ
469 514 521 569 μοι
537 494 633 554 κεῖνος
649 491 728 571 όμῶς
744 487 848 555 Ἀίδαο
865 489 998 577 πύλῃσιν

275 595 308 658 ὅς
322 589 354 676 χ’
369 592 471 674 ἕτερον
484 594 540 672 μὲν
555 593 644 679 κεύθῃ
661 595 705 658 ἐνὶ
721 595 841 676 φρεσίν,
859 594 937 657 ἀλλο
953 595 987 658 δὲ
1003 596 1079 680 εἴπῃ.

276 697 367 776 αὐτὰρ
383 697 460 777 ἐγὼν
476 695 548 778 ἐρέω
564 696 603 762 ὥς
618 721 669 775 μοι
684 701 768 760 δοκεῖ
783 697 859 762 εἴναι
875 697 994 779 ἄριστα·

276 795 337 860 οὔτ’
353 796 434 880 ἔμεγ’
451 795 608 881 Ἀτρείδην
623 796 832 883 Ἀγαμέμνονα
847 799 993 881 πεισέμεν
1008 803 1060 864 οἴω
1171 825 1218 875 ³¹5

276 899 336 962 οὔτ’
355 901 467 972 ἀλλους
483 903 629 978 Δαναούς,
647 903 713 966 ἐπεὶ
729 903 781 966 οὐκ
798 903 855 985 άρα
870 929 915 969 τις
929 903 1017 986 χάρις
1033 903 1085 982 ἦεν

274 1003 445 1085 μάρνασθαι
460 1004 591 1084 δηΐοισιν
607 1003 655 1068 ἐπ’
670 1005 797 1088 ἀνδράσι
814 1007 946 1086 νωλεμὲς
962 1007 1031 1070 οίεί.

213 1137 214 1140 ’
276 1112 327 1186 ἴση
343 1115 432 1190 μοῖρα
446 1109 575 1190 μένοντι,
594 1109 643 1172 καὶ
659 1111 685 1173 εἴ
698 1108 783 1192 μάλα
798 1135 843 1176 τις
858 1111 1026 1190 πολεμίζοι·

277 1215 309 1277 ἐν
325 1213 358 1276 δέ
373 1215 402 1299 ίῇ
418 1216 487 1300 τιμῇ
503 1213 577 1294 ἠμέν
593 1211 682 1280 κακὸς
697 1213 750 1292 ἠδὲ
766 1215 814 1278 καὶ
830 1215 952 1280 ἐσθλός·

276 1314 396 1414 κάτθαν’
413 1318 491 1398 ὁμῶς
506 1319 524 1380 ό
538 1315 564 1379 τ’
581 1317 687 1400 ἀεργδς
703 1317 777 1400 ἀνὴρ
793 1319 859 1383 ὅτε
874 1321 979 1382 πολλὰ
994 1317 1115 1399 ἐοργός.
1172 1343 1220 1388 320

277 1419 345 1483 οὐδέ
360 1420 391 1483 τί
402 1447 454 1501 μοι
469 1422 641 1502 περίκειται,
659 1423 725 1486 ἐπεὶ
741 1420 839 1487 πάθον
855 1422 953 1504 ἄλγεα
968 1423 1060 1506 θυμῷ,

275 1524 335 1587 αἰεὶ
351 1523 425 1603 ἐμὴν
438 1524 544 1607 ψυχὴν
560 1524 835 1605 παραβαλλόμενος
851 1525 1036 1605 πολεμίζειν.

276 1626 315 1691 ὡς
331 1623 355 1689 δ’
372 1628 452 1707 ὅρνις
468 1628 580 1704 ἀπτῆσι
596 1632 755 1692 νεοσσοῖσι
771 1627 945 1714 προφέρῃσι

274 1727 414 1810 μάστακ’,
432 1730 500 1793 έπεί
513 1756 546 1794 κε
560 1729 688 1817 λάβῃσι,
705 1737 801 1796 κακῶς
816 1728 842 1794 δ’
857 1729 916 1812 άρα
932 1731 961 1793 οἴ
977 1727 1064 1792 πέλει
1080 1727 1163 1812 αὐτῇ,

276 1835 315 1898 ὣς
331 1834 379 1897 καὶ
394 1833 452 1916 ἐγδ
468 1835 587 1900 πολλὰς
601 1834 657 1914 μέν
671 1831 801 1900 ἀΰπνους
816 1833 923 1900 νύκτας
937 1835 1031 1908 ἴαυον,
1170 1855 1218 1905 3²5

276 1935 373 2017 ἤματα
388 1936 414 2000 δ’
430 1937 609 2016 αἱματόεντα
624 1935 811 2020 διέπρησσον
825 1937 1004 2016 πολεμίζων,

275 2039 402 2121 ἀνδράσι
416 2039 603 2123 μαρνάμενος
618 2038 715 2121 ὀάρων
730 2039 818 2104 ἕνεκα
834 2036 1020 2121 σφετεράων.

255 2137 257 2142 ’
273 2145 388 2207 δώδεκα
403 2142 439 2222 δὴ
456 2143 512 2208 σὺν
528 2143 616 2222 νηυσὶ
630 2144 737 2208 πόλεις
752 2139 889 2220 ἀλάπαξ’
905 2142 1079 2224 ἀνθρόπων,

274 2247 362 2324 πεζὸς
379 2245 405 2310 δ’
421 2245 526 2310 ἕνδεκά
542 2254 619 2328 φημι
636 2244 710 2308 κατὰ
723 2244 836 2325 Τροίην
852 2244 1012 2326 ἐρίβωλον*

274 2349 353 2414 τάων
368 2352 401 2414 ἐκ
416 2349 540 2414 πασέων
556 2346 695 2428 κειμήλια
711 2349 814 2410 πολλδ
830 2349 879 2412 καῖ
887 2349 994 2410 ἐσθλὰ
1170 2374 1220 2424 330

275 2452 432 2532 ἐξελόμην,
449 2453 497 2516 καὶ
512 2450 610 2515 πάντα
625 2449 726 2532 φέρων
742 2447 943 2534 Ἀγαμέμνονι
959 2451 1072 2513 δόσκον

274 2555 421 2642 Ἀτρεΐδῃ·
446 2557 462 2619 ὁ
477 2552 503 2618 δ’
519 2555 629 2620 ὄπισθε
642 2552 741 2633 μένων
755 2556 836 2634 παρὰ
851 2554 940 2632 νηυσὶ
956 2554 1047 2640 θοῇσι

274 2657 434 2740 δεξάμενος
450 2659 499 2722 διδ
514 2662 611 2737 παῦρα
626 2655 806 2732 δασάσκετο,
823 2659 927 2720 πολλδ
943 2653 970 2721 δ’
987 2656 1123 2739 ἔχεσκεν.

274 2761 397 2826 ἄλλοθ’
413 2758 593 2842 ἀριστήεσσι
609 2762 691 2824 δίδου
704 2759 779 2842 γέρα
795 2761 845 2824 καὶ
860 2765 1039 2840 βασιλεῦσι,

275 2871 355 2930 τοῖσι
369 2866 425 2945 μὲν
441 2864 553 2946 ἔμπεδα
569 2868 672 2939 κεῖται,
685 2865 756 2946 ἐμεῦ
771 2861 797 2927 δ’
810 2863 871 2928 ἀπὸ
884 2863 995 2944 μούνου
1010 2861 1144 2946 Ἀχαιῶν
1169 2889 1218 2938 335

275 2965 375 3045 εἵλετ’,
392 2968 457 3051 ἔχει
471 2966 496 3030 δ’
511 2966 630 3050 άλοχον
645 2966 787 3048 θυμαρέα·
810 2969 847 3054 τῇ
862 2967 1016 3050 παριαύων

275 3071 439 3155 τερπέσθω.
469 3071 500 3134 τί
513 3073 546 3134 δὲ
561 3075 607 3134 δεῖ
621 3068 852 3151 πολεμιζέμεναι
866 3071 1028 3150 Τρώεσσιν

276 3174 452 3259 Ἀργείους,·
475 3176 506 3237 τί
518 3175 552 3238 δέ
564 3173 643 3236 λαὸν
658 3171 809 3254 ἀνήγαγεν
825 3171 924 3237 ἐνθάδ’
941 3171 1063 3254 ἀγείρας

276 3278 452 3363 Ἀτρείδης,·
475 3277 494 3357 ἦ
510 3277 565 3361 οὐχ
580 3275 708 3354 Ἑλένης
724 3274 800 3340 ἕνεκ’
816 3276 961 3357 ἠϋκόμοιο
974 3300 985 3349 ,·

276 3381 411 3463 ἥμοΰνοι
427 3378 568 3464 φιλέουσ’
584 3380 715 3463 ἀλόχους
729 3381 869 3461 μερόπων
885 3378 1052 3460 ἀνθρώπων
1170 3403 1218 3454 340

274 3485 446 3568 Ἀτρείδαι,·
470 3485 536 3548 ἐπεὶ
552 3485 585 3550 ός
599 3508 645 3549 τις
660 3483 734 3566 ἀνὴρ
749 3483 862 3566 ἀγαθὸς
878 3483 927 3545 καὶ
943 3480 1085 3565 ἐχέφρων

196 3667 199 3676 Ι
275 3590 329 3669 τὴν
344 3589 433 3653 αὐτοῦ
448 3587 549 3668 φιλέει
566 3585 614 3649 καὶ
630 3584 758 3666 κήδεται,
776 3586 814 3651 ὥς
830 3586 880 3650 καὶ
895 3585 954 3667 ἐγδ
972 3585 1028 3665 τὴν

276 3695 308 3755 ἐκ
323 3696 415 3770 θυμοῦ
430 3691 548 3770 φίλεον,
566 3687 758 3772 δουρικτητήν
772 3713 828 3771 περ
844 3692 964 3754 ἐοῦσαν.
