2728 4230
253 364 264 406 ι
269 358 311 425 50
571 343 599 411 8.
624 349 794 410 1A1AA02
818 350 857 412 ο.

285 515 348 582 Ὣς
363 516 456 581 εῖπῶν
470 518 610 580 ἵπποισιν
625 515 765 582 ἐκέκλετο
781 516 925 598 φῶνησέν
940 535 983 582 τε·

251 625 268 654 “
278 617 379 684 Ξάνθε
393 644 426 683 τε
441 621 490 683 καὶ
506 619 553 698 σύ,
569 621 717 704 Πόδαργε,
735 621 783 686 καὶ
799 624 900 686 Αίθων
914 618 1022 701 Λόμπε
1037 645 1070 685 τε
1086 625 1139 696 δῖε,

250 727 301 788 νῦν
315 748 367 803 μοι
382 723 437 802 τὴν
452 723 576 803 κομιδήν
591 725 777 801 ἀποτίνετον,
793 722 832 803 ἣν
845 723 929 805 μάλα
943 724 1065 804 πολλὴν
1148 735 1194 784 ι86

248 824 438 910 Ἀνδρομάχη
455 825 584 908 θυγάτηρ
598 825 804 909 μεγαλήτορος
818 826 982 893 Ἠετίωνος

249 931 317 1008 ὑμῖν
332 931 392 1010 πδρ
407 927 580 1010 προτέροισι
594 929 766 1010 μελίφρονα
780 928 874 1010 πυρὸν
889 930 996 1009 έθηκεν

250 1032 333 1096 οῖνόν
347 1031 371 1095 τ’
388 1031 580 1114 ἐγκεράσασα
595 1036 684 1108 πιεῖν,
701 1033 752 1095 ὅτε
768 1033 857 1113 θυμὸς
873 1033 993 1116 ἀνῶγοι,

250 1133 267 1214 ἢ
283 1136 358 1216 ἐμοί,
374 1137 407 1202 ός
422 1135 478 1217 πέρ
493 1137 522 1198 οἱ
538 1134 664 1215 θαλερὸς
679 1137 770 1202 πόσις
786 1136 911 1218 εύχομαι
929 1137 1015 1201 εἶναι.
1147 1161 1196 1213 190

188 1311 189 1316 η
250 1238 320 1300 ἀλλ’
335 1240 552 1319 ἐφομαρτεῖτον
567 1238 615 1300 καῖ
631 1238 803 1316 σπεύδετον,
821 1240 902 1320 ὄφρα
915 1238 1066 1319 λάβωμεν

250 1339 562 1422 ἀσπίδαΝεστορέην,
578 1344 630 1419 τῆς
645 1346 698 1407 νῦν
713 1339 801 1408 κλέος
816 1341 942 1423 ούρανδν
956 1344 1015 1406 ἵκει

250 1449 353 1509 πᾶσαν
367 1445 512 1526 χρυσείην
528 1444 639 1523 ἔμεναι,
656 1445 784 1511 κανόνας
798 1470 831 1510 τε
846 1447 895 1509 καὶ
910 1443 1010 1524 αὐτήν,

250 1548 341 1628 αὖτδιρ
357 1545 407 1611 ἀπ’
423 1548 528 1625 ὤμοιιν
543 1545 711 1627 Διομήδεος
726 1546 907 1629 ἱπποδάμοιο

250 1649 410 1714 δαιδάλεον
425 1650 551 1731 θάρηκα,
568 1649 621 1714 τὸν
632 1649 814 1734 Ἥφαιστος
825 1650 900 1731 κάμε
914 1650 1038 1734 τεύχων.

251 1756 277 1818 εί
292 1753 386 1817 τούτω
403 1779 435 1816 κε
449 1752 608 1833 λάβοιμεν,
627 1754 791 1834 ἐελποίμην
807 1780 857 1818 κεν
873 1751 1014 1837 Ἀχαιοὺς

250 1857 391 1941 αὐτονυχὶ
407 1862 486 1936 νηῶν
501 1855 692 1937 ἐπιβησέμεν
707 1855 868 1923 ῶκειάων.”

286 1958 349 2026 Ὣς
365 1957 452 2039 ἔφατ’
468 1959 638 2043 εὐχόμενος,
654 1958 806 2040 νεμέσησε
820 1962 853 2025 δέ
868 1962 977 2024 πότνια
987 1957 1076 2041 Ἥρη,

251 2065 376 2127 σείσατο
391 2061 417 2126 δ’
435 2063 491 2128 εῖνὶ
507 2064 612 2148 θρόνῳ,
628 2061 751 2142 ἐλέλιξε
766 2064 799 2127 δέ
813 2062 927 2145 μακρὸν
939 2061 1108 2143 Ὄλυμπον,

251 2167 300 2228 καί
312 2167 352 2248 ῥα
367 2165 567 2230 Ποσειδάωνα
580 2164 675 2248 μέγαν
690 2165 760 2231 θεὸν
775 2167 877 2230 ἀντίον
890 2165 976 2244 ηύδα·

251 2267 303 2331 “ῶι
318 2270 420 2344 πόποι,
437 2266 600 2351 ἐννοσίγαι’
617 2268 801 2350 εὐρυσθενές,
819 2267 888 2332 οὐδέ
907 2293 941 2332 νυ
957 2268 1009 2331 σοί
1023 2292 1079 2348 περ

251 2370 425 2450 ὀλλυμένων
444 2377 572 2435 Δαναῶν
588 2369 772 2453 ὀλοφύρεται
787 2373 820 2436 ἐν
837 2371 930 2452 φρεσὶ
945 2371 1045 2449 θυμός.

251 2477 280 2538 οῖ
295 2474 328 2538 δέ
343 2499 389 2538 τοι
405 2477 447 2540 είς
461 2473 587 2554 Ἑλίκην
602 2499 635 2538 τε
651 2475 700 2538 καὶ
715 2473 811 2556 Αίγάς
825 2471 1056 2556 δῶρ”ἀνάγουσι

251 2576 355 2641 πολλά
369 2603 402 2641 τε
417 2578 467 2642 καὶ
481 2578 635 2660 χαρίεντα·
660 2576 698 2640 σὺ
714 2576 748 2641 δέ
763 2583 857 2658 σφισι
871 2575 987 2656 βούλεο
1002 2577 1096 2655 νίκην.

251 2686 280 2747 εί
293 2708 349 2763 περ
363 2680 421 2764 γάρ
437 2679 463 2745 κ’
479 2681 645 2761 ἐθέλοιμεν,
663 2679 732 2745 όσοι
748 2684 918 2745 Δαναοῖσιν
933 2682 1053 2762 ἀρωγοί,

250 2790 354 2866 Τρῶας
370 2785 552 2849 ἀπώσασθαι
569 2786 618 2849 καὶ
633 2784 773 2866 ἐρυκέμεν
788 2782 917 2864 εὐρύοπα
932 2787 1003 2864 Ζῆν,

251 2887 383 2953 αὐτοῖς’
399 2888 458 2952 ἐνθ’
474 2886 619 2971 ἀκάχοιτο
636 2884 802 2967 καθήμενος
817 2885 880 2952 οίος
895 2888 928 2951 ἐν
943 2883 1036 2973 Ἴδῃ.”

293 2991 359 3070 Τήν
375 2990 407 3054 δέ
421 2989 487 3072 μέγ’
503 2989 640 3073 ὀχθήσας
654 2987 795 3070 προσέφη
812 2990 918 3070 κρείων
933 2990 1110 3072 ἐνοσίχθων·

253 3091 360 3174 “Ἥρη
376 3091 534 3170 ἀπτοεπές,
550 3097 638 3156 ποῖον
653 3090 706 3156 τὸν
716 3095 811 3170 μῦθον
827 3091 935 3158 έειπες.

253 3196 306 3259 οὐκ
320 3195 358 3261 δν
373 3195 460 3278 ἔγωγ’
477 3195 611 3275 ἐθέλοιμι
627 3196 680 3258 Διὶ
696 3197 843 3275 Κρονίωνι
858 3194 1011 3279 μάχεσθαι

252 3298 345 3379 ἡμέας
361 3298 428 3365 τοὺς
443 3298 565 3370 ἀλλους,
581 3297 647 3361 ἐπεὶ
665 3296 685 3376 ἦ
700 3296 779 3361 πολὺ
795 3297 938 3380 φέρτερός
954 3293 1068 3362 ἐοτιν.”

289 3401 353 3468 Ὣς
367 3404 397 3465 οῖ
411 3403 466 3482 μὲν
481 3406 604 3465 τοιαῖττα
618 3399 692 3480 πρὸς
708 3399 863 3479 ἀλλήλους
878 3401 1031 3482 ἀγόρευον·

253 3512 312 3569 τῶν
327 3505 361 3583 δ’,
378 3505 453 3567 ὅσον
468 3507 501 3568 ἐκ
516 3509 595 3583 νηῶν
609 3503 669 3566 ἀπὸ
684 3502 797 3585 πύργου
811 3502 926 3584 τάφρος
942 3501 1036 3584 ἔεργε,

254 3613 370 3689 πλῆθεν
385 3609 463 3688 ὁμῶς
479 3613 579 3671 ἵππων
594 3631 627 3671 τε
642 3608 691 3671 καὶ
707 3608 822 3688 ἀνδρῶν
838 3604 1017 3670 ἀσπιστάων

254 3710 425 3792 εἰλομένων·
449 3713 524 3775 εἴλει
539 3712 572 3774 δέ
588 3711 647 3797 emp
664 3709 830 3776 ἀτάλαντος
842 3707 932 3791 Ἀρηῖ
