2746 4228
497 367 529 426 4.
554 353 725 413 1A1AA02
750 354 789 414 Δ.

175 520 346 597 πειθόμενοι
360 515 506 599 τεράεσσι
522 522 599 583 θεῶν
615 518 664 582 καὶ
680 517 777 596 Ζηνδς
792 518 905 605 ὀρωγῇ·

175 625 266 685 κεῖνοι
281 621 314 685 δέ
330 618 519 704 σφετέρῃσιν
533 620 758 706 ἀτασθαλίῃσιν
773 621 892 685 ὄλοντο·

173 725 212 808 τῷ
227 720 269 802 μή
283 748 336 802 μοι
351 721 483 803 πατέρας
497 721 564 785 ποθ’
582 723 670 809 ὁμοίῃ
685 722 773 786 ἔνθεο
788 721 890 810 τιμῇ.”
1071 753 1119 800 410

214 826 277 889 Τὸν
292 826 317 890 δ’
334 823 381 907 ἄρ’
395 827 510 907 ύπόδρα
526 827 597 890 ίδιδν
611 825 753 908 προσέφη
769 827 909 909 κρατερὸς
926 828 1089 910 Διομήδης·

174 939 194 964 “
203 928 303 1003 τέττα,
320 931 419 1017 σιωπῇ
434 929 503 1010 ἧσο,
521 932 582 1014 ἐμῶ
598 928 623 993 δ’
641 931 795 994 ἐπιπείθεο
809 930 903 1017 μύθιρ·

173 1033 207 1096 οὗ
221 1035 279 1114 γὰρ
295 1033 354 1115 ἐγώ
370 1039 487 1113 νεμεσῶ
502 1032 714 1115 Ἀγαμέμνονι,
733 1033 852 1113 ποιμένι
868 1041 961 1111 λαῶν,

173 1134 327 1215 ὀτρύνοντι
340 1134 495 1220 μάχεσθαι
511 1135 690 1216 ἐϋκνήμιδας
705 1133 858 1220 Ἀχαιούς·

173 1239 265 1324 τούτῳ
279 1241 336 1320 μέν
350 1239 411 1322 γὰρ
424 1245 511 1307 κύδος
526 1238 575 1319 ἅμ’
593 1241 712 1322 ἕψεται,
729 1241 758 1304 εί
773 1266 826 1306 κεν
839 1239 961 1324 Ἀχαιοὶ
1071 1271 1118 1318 4¹5

172 1345 277 1422 Τρῶας
292 1342 454 1428 δῃώσωσιν
469 1343 567 1406 έλωσί
580 1368 614 1407 τε
626 1341 724 1406 Ἴλιον
741 1341 818 1424 ίρήν,

172 1445 266 1529 τούτῳ
282 1444 307 1508 δ’
324 1445 362 1508 αὖ
375 1443 454 1527 μέγα
469 1444 579 1512 πένθος
595 1443 729 1529 Ἀχαιῶν
743 1444 927 1532 δῃωθέντων.

173 1548 245 1609 ἀλλ’
261 1546 317 1628 ὄγε
331 1547 368 1628 δὴ
385 1549 434 1613 καὶ
450 1553 506 1612 νῶΐ
519 1548 678 1628 μεδώμεθα
693 1546 829 1630 θούριδος
843 1547 967 1627 ὀλκῆς.”

212 1646 257 1710 Ἦ
271 1650 319 1732 ῥα,
336 1651 386 1714 καὶ
402 1648 438 1728 ἐξ
451 1649 551 1733 ὀχέων
566 1649 623 1715 σὺν
638 1649 780 1734 τεύχεσιν
796 1651 872 1714 ἆλτο
887 1653 992 1734 χομᾶζ
1005 1671 1013 1686 ·

172 1751 272 1816 δεινὸν
286 1749 313 1816 δ’
328 1752 445 1836 ἔβραχε
458 1751 575 1836 χαλκδς
591 1752 640 1817 ἐπὶ
657 1751 827 1832 στήθεσσιν
842 1753 969 1822 ἄνακτος
1070 1785 1118 1833 420

172 1854 343 1936 ὀρνυμένου·
365 1856 425 1919 ύπό
440 1881 491 1920 κεν
506 1855 720 1938 ταλασίφρονά
735 1882 792 1938 περ
807 1856 876 1923 δέος
891 1859 982 1922 εἶλεν.

214 1957 271 2025 Ὡς
286 1958 312 2023 δ’
328 1954 373 2021 ὅτ’
389 1961 422 2022 ἐν
436 1959 566 2044 αἰγιαλῶ
582 1957 732 2040 πολυηχέϊ
752 1964 829 2040 κῦμα
845 1960 1007 2042 θαλάσσης

172 2060 268 2142 ὄρνυτ’
284 2059 491 2142 ἐπασσύτερον
507 2060 644 2142 Ζεφύρου
659 2062 718 2124 ύπο
733 2060 923 2140 κινήσαντος·

173 2166 272 2250 πόντῳ
286 2162 344 2243 μέν
358 2187 392 2228 τε
406 2169 510 2244 πρῶτα
525 2163 715 2245 κορύσσεται,
732 2164 824 2246 αότδρ
841 2166 947 2230 ἔπειτα

172 2267 274 2353 χέρσιρ
287 2265 473 2351 ῥηγνύμενον
487 2265 607 2349 μεγάλα
622 2265 740 2348 βρέμει,
758 2269 836 2348 ὀμφὶ
852 2268 886 2333 δέ
900 2269 926 2331 τ’
942 2271 1034 2351 ἄκρος
1067 2300 1114 2346 425

174 2371 279 2451 κυρτδν
295 2370 346 2435 ἐδν
361 2375 551 2452 κορυφοῦται,
568 2371 715 2436 ὀποπτύει
730 2369 757 2436 δ’
774 2371 848 2438 δλδς
864 2373 970 2458 ἄχνην·

173 2477 213 2540 ὣς
227 2475 290 2537 τότ’
306 2473 509 2555 ἐπασσύτεραι
526 2479 656 2538 Δαναῶν
672 2475 790 2538 κίνυντο
807 2474 966 2558 φάλαγγες

173 2575 330 2655 νωλεμέως
345 2576 523 2655 πόλεμόνδε·
547 2575 651 2641 κέλευε
666 2579 698 2640 δέ
714 2579 796 2640 οἶσιν
812 2577 939 2645 ἕκαστος

172 2678 339 2760 ἡγεμόνων·
362 2681 391 2743 οἱ
407 2677 433 2743 δ’
449 2679 542 2744 ἄλλοι
558 2679 634 2758 ἀκὴν
648 2681 729 2759 ίσον,
744 2679 814 2744 οὐδέ
829 2707 862 2746 κε
878 2684 972 2762 φαίης

173 2783 288 2846 τόσσον
302 2782 381 2846 λαδν
397 2782 527 2848 ἔπεσθαι
542 2780 641 2866 ἔχοντ’
658 2785 692 2848 ἐν
707 2781 854 2862 στήθεσιν
869 2783 971 2864 αύδήν,
1070 2814 1119 2862 450

174 2889 246 2972 σιγῇ
262 2885 405 2952 δειδιότες
421 2883 622 2968 σημάντορας·
647 2887 724 2967 ὀμφὶ
740 2888 772 2950 δέ
789 2892 866 2951 πᾶσι

173 2990 283 3072 τεύχεα
299 2985 414 3052 ποικίλ’
429 2989 554 3068 έλαμπε,
570 2991 607 3052 τδ
623 2988 735 3068 εἱμένοι
750 2992 943 3073 ἐστιχόωντο.

173 3097 273 3173 Τρῶες
288 3089 326 3164 δ’,
342 3092 383 3157 ὥς
397 3088 424 3154 τ’
439 3092 502 3156 ὄϊες
517 3090 731 3170 πολυπάμονος
747 3093 853 3174 ἀνδρὸς
869 3097 902 3158 ἐν
919 3095 995 3181 αὐλῇ

173 3197 273 3277 μυρίαι
289 3191 454 3272 ἑστήκασιν
469 3194 673 3275 ἀμελγόμεναι
687 3193 770 3277 γόλα
784 3196 903 3275 λευκόν,

175 3300 282 3380 ὀζηχές
296 3301 456 3376 μεμακυῖαι
471 3296 634 3360 ἀκούουσαι
650 3297 711 3360 ὄπα
726 3298 832 3378 ὀρνῶν,
1069 3331 1117 3376 435

175 3402 214 3466 ῶς
227 3399 339 3481 Τρώων
354 3397 506 3478 ἆλσλητδς
521 3398 579 3464 ὀνὰ
593 3399 725 3480 στρατὸν
739 3398 825 3479 εὐρὺν
839 3400 955 3482 ὀρώρει·

174 3501 208 3564 ού
221 3504 279 3583 γὰρ
295 3500 415 3565 πάντων
430 3500 483 3580 ἦεν
500 3501 571 3580 ὁμὸς
586 3501 675 3583 θρόος
691 3498 752 3564 οὐδ’
768 3503 801 3565 ’ία
815 3506 913 3585 γῆρυς,

173 3606 255 3668 ὀλλδ
269 3602 389 3687 γλῶσσ’
406 3603 556 3684 ἐμέμικτο,
571 3604 758 3683 πολύκλητοι
773 3603 799 3669 δ’
818 3606 893 3668 ἔσαν
909 3606 1021 3688 ἄνδρες.

171 3703 252 3786 ὦρσε
267 3708 300 3770 δέ
317 3705 385 3773 τοὺς
398 3709 454 3786 μὲν
467 3706 571 3789 Ἄρης,
586 3704 654 3772 τοὺς
671 3710 703 3770 δέ
718 3713 891 3788 γλαυκῶπις
908 3706 1019 3788 Ἀθήνη
