2788 4230
474 355 524 424 17.
546 347 782 407 ΟΔΎΣΣΕΙΑΣ
807 349 838 406 Ρ.
1068 343 1128 426 787

184 513 337 597 ἔκπαγλον
353 511 400 578 καί
417 516 523 582 ἀεικές·
547 517 627 595 ὄρινε
642 519 675 580 δὲ
691 520 745 596 κῆρ
760 516 921 596 Ὀδυσῆος·

185 622 203 651 “
215 623 267 682 νῦν
282 621 338 699 μὲν
353 619 389 699 δῆ
405 619 487 699 μάλα
503 618 605 704 πάγχυ
622 625 710 686 κακὸς
727 625 816 684 κακὸν
831 617 986 702 ἡγηλάζει,

184 720 223 787 ῶς
239 719 297 786 αἰεὶ
312 727 363 785 τὸν
379 724 483 802 ὁμοῖον
498 721 565 805 ἀγει
581 728 615 787 θε

184 825 225 907 πῇ
240 826 276 904 δὴ
293 825 379 891 τόνδε
394 827 551 908 μολοβρὸν
567 827 660 910 ἄγεις,
677 827 826 909 ἀμέγαρτε
842 833 977 906 συβῶτα,

183 929 305 1012 πτωχὸν
321 931 453 1012 ἀνιηρόν,
469 936 579 995 δαιτῶν
594 932 852 1012 ἀπολυμαντῆρα,·
1084 959 1132 994 ιιο

184 1031 216 1097 ὃς
232 1033 349 1119 πολλῇς
366 1038 478 1120 φλιῇσι
495 1034 652 1116 παραστὰς
667 1036 814 1117 θλίψεται
831 1034 937 1113 ὤμους,

183 1137 301 1214 αἰτίζων
316 1139 455 1216 ἀκόλους,
469 1138 521 1202 οὐκ
538 1139 628 1220 ἄορας
644 1139 712 1202 οὐδὲ
727 1138 872 1218 λέβητας·

183 1240 236 1304 τόν
251 1240 277 1303 κ’
293 1244 322 1305 εἴ
338 1267 389 1321 μοι
405 1244 486 1321 δοίης
502 1248 644 1320 σταθμῶν
660 1245 772 1324 ῥυτῆρα
786 1242 932 1325 γενέσθαι

185 1345 351 1426 σηκοκόρον
367 1343 391 1405 τ’
406 1347 509 1427 ἔμεναι
525 1349 642 1410 θαλλόν
656 1347 681 1409 τ’
698 1347 833 1427 ἐρίφοισι
848 1349 988 1426 φορῆναι,

185 1448 235 1510 καί
249 1474 300 1512 κεν
315 1449 385 1529 όρδν
401 1451 497 1516 πίνων
510 1451 647 1532 μεγάλην
663 1451 836 1530 ἐπιγουνίδα
852 1455 942 1514 θεῖτο.
1085 1476 1131 1525 ²25

185 1551 254 1614 ἀλλ’
270 1551 335 1616 ἐπεὶ
351 1553 402 1618 οὖν
417 1553 452 1632 δὴ
470 1554 542 1635 ἔργα
557 1552 621 1617 κάκ’
638 1556 778 1633 ἔμμαθεν,
796 1553 848 1616 οὐκ
865 1551 1005 1630 ἐθελήσει

184 1656 272 1736 ἔργον
287 1657 475 1739 ἐποίχεσθαι,
491 1658 572 1721 ἀλλά
588 1658 738 1721 πτώσσων
754 1655 829 1720 κατὰ
844 1660 938 1735 δῆμον

184 1760 330 1837 βούλεται
347 1761 467 1838 αἰτίζων
481 1761 611 1841 βόσκειν
625 1759 663 1839 ῆν
680 1761 802 1843 γαστέρ’
817 1758 958 1824 ἄναλτον.

185 1863 255 1924 ἀλλ’
271 1864 303 1926 ἔκ
320 1889 366 1927 τοι
382 1865 465 1946 ἐρέω,
481 1870 516 1927 τὸ
534 1868 567 1928 δὲ
582 1865 631 1928 καὶ
646 1862 860 1943 τετελεσμένον
876 1864 971 1927 ἔσται·

184 1968 217 2029 αἵ
231 1966 256 2029 κ’
274 1966 348 2052 ἔλθη
364 1967 437 2048 πρὸς
454 1967 562 2046 δώματ’
579 1966 753 2045 Ὀδυσσῆος
768 1968 872 2044 θείοιο,
1085 1992 1134 2041 ²30

185 2069 287 2134 πολλά
303 2074 332 2135 οἱ
349 2069 425 2153 ἀμφὶ
442 2070 515 2153 κάρη
532 2071 637 2153 σφέλα
652 2072 767 2152 ἀνδρῶν
783 2074 815 2135 ἐκ
831 2069 999 2150 παλαμάων

185 2171 312 2254 πλευραὶ
330 2176 534 2257 ἀποτρίψουσι
550 2176 642 2257 δόμον
658 2174 733 2237 κάτα
747 2173 983 2254 βαλλομένοιο.”

223 2276 285 2344 Ὣς
301 2277 391 2359 φάτο,
408 2279 457 2342 καὶ
473 2279 587 2360 παριὼν
602 2276 664 2357 λὰξ
676 2279 796 2360 ἔνθορεν
813 2279 997 2364 ἀφραδίῃσιν

187 2382 286 2466 ἰσχίῳ·
314 2381 384 2445 οὐδέ
397 2408 448 2461 μιν
464 2382 549 2449 ἐκτὸς
563 2383 725 2461 ἀταρπιτοῦ
741 2380 951 2462 ἐστυφέλιξεν,

186 2485 255 2548 ἀλλ’
272 2486 350 2566 ἔμεν’
366 2485 539 2567 ἀσφαλέως·
572 2488 637 2549 ὅδὲ
652 2483 830 2568 μερμήριξεν
843 2485 1011 2551 Ὀδυσσεὺς
1085 2512 1133 2561 ²35

185 2588 220 2666 ἠὲ
234 2589 375 2668 μεταίξας
389 2589 512 2675 ῥοπάλῳ
530 2591 562 2652 ἐκ
578 2589 671 2671 θυμὸν
685 2590 796 2667 ἕλοιτο,

186 2694 205 2774 ῆ
220 2695 293 2774 πρὸς
309 2699 366 2778 γῆν
382 2693 503 2760 ἐλάσειε
519 2693 592 2775 κάρη
609 2690 756 2775 ἀμφουδὶς
772 2694 881 2775 ἀείρας.

187 2800 256 2862 ἀλλ’
273 2800 471 2878 ἐπετόλμησε,
489 2799 581 2880 φρεσί
597 2800 622 2863 δ’
638 2803 756 2881 ἔσχετο·
783 2804 837 2863 τὸν
852 2801 884 2862 δὲ
901 2797 1042 2877 συβώτης

187 2903 295 2968 νείκεσ’
312 2903 423 2968 ἐσάντα
439 2904 519 2985 ἰδών,
536 2904 614 2985 μέγα
629 2901 654 2966 δ’
670 2901 776 2980 εὔξατο
790 2908 893 2984 χεῖρας
909 2902 1060 2982 ἀνασχών·

188 3013 208 3042 “
219 3007 330 3088 νύμφαι
348 3012 492 3090 κρηναῖαι,
509 3012 610 3088 κοῦραι
628 3008 711 3084 Διός,
729 3005 835 3069 εἴπατ’
852 3004 1019 3071 Ὀδυσσεὺς
1085 3033 1134 3082 240

186 3112 255 3192 ὔμμ’
271 3108 320 3176 ἐπὶ
335 3111 417 3192 μηρί’
434 3111 512 3190 ἔκηε,
529 3111 668 3193 καλύψας
683 3111 765 3174 πίονι
781 3111 874 3194 δημῷ,

188 3219 284 3297 ἀρνῶν
302 3216 347 3294 ἠδ’
362 3217 485 3296 ἐρίφιον,
500 3215 569 3278 τόδε
583 3241 634 3294 μοι
650 3212 787 3295 κρηήνατ’
803 3212 925 3292 ἐέλδωρ,

188 3321 227 3386 ὡς
242 3319 327 3383 ἔλθοι
340 3320 397 3398 μὲν
411 3323 509 3384 κεῖνος
524 3315 608 3398 ἀνήρ,
625 3316 733 3399 ἀγάγοι
748 3316 782 3380 δέ
797 3320 811 3380 ἔ
826 3317 948 3397 δαίμων·

187 3424 227 3507 τῷ
241 3421 273 3486 κέ
287 3449 333 3486 τοι
348 3422 476 3505 ἀγλαίας
492 3447 528 3505 γε
544 3420 773 3485 διασκεδάσειεν
789 3419 918 3497 ἁπάσας,

187 3529 240 3593 τὰς
255 3533 307 3591 νῦν
321 3528 451 3607 ὑβρίζων
466 3525 595 3608 φορέεις,
611 3521 801 3603 ἀλαλήμενος
816 3520 874 3588 αἰεί
1085 3549 1133 3598 ²45

187 3633 264 3696 ἀστυ
283 3631 356 3695 κάτ”
386 3630 477 3711 αάτάρ
492 3632 575 3711 μῆλα
590 3629 673 3692 κακοὶ
689 3628 848 3710 φθείρουσι
863 3624 1000 3707 νομῆες.”

230 3741 291 3800 Τὸν
307 3734 333 3798 δ’
349 3735 418 3798 αὖτε
433 3732 598 3815 προσέειπε
614 3731 797 3810 Μελάνθιος,
814 3733 942 3798 αἰπόλος
958 3733 1058 3813 αἰγῶν·
