2834 4234
258 334 319 416 75⁶
540 343 590 412 15.
621 331 856 395 ολυνΣαιΑυ
885 334 923 394 0.

257 500 440 583 πλάγξομαι,
456 507 489 570 αί
504 500 555 568 κέν
570 529 615 569 τις
631 502 760 582 κοτύλην
775 499 823 566 καὶ
838 502 949 582 πύρνον
964 497 1063 585 ὀρέξῃ.

257 609 308 671 καί
321 607 346 671 κ’
362 608 459 671 ἐλθὼν
474 613 548 688 πρὸς
563 606 673 687 δώματ’
689 605 861 684 Ὀδυσσῆος
877 604 972 668 θείοιο

257 712 404 790 ἀγγελίην
419 714 533 790 είποιμι
548 713 708 792 περίφρονι
725 711 929 792 Πηνελοπείῃ,

257 817 308 878 καί
324 842 357 879 κε
374 813 601 897 μνηστήρεσσιν
615 813 834 895 ὑπερφιάλοισι
849 817 979 894 μιγείην,
1156 836 1186 884 3¹
1191 837 1205 886 5

257 920 285 982 εί
298 945 349 997 μοι
365 923 485 984 δεῖπνον
501 923 582 982 δοῖεν
597 919 717 982 ὀνείατα
732 915 813 998 μυρί’
829 916 961 998 ἔχοντες.

258 1022 337 1102 αἶψά
353 1047 403 1086 κεν
419 1022 451 1085 εὑ
466 1023 587 1103 δρώοιμι
603 1025 679 1101 μετὰ
694 1022 805 1101 σφίσιν
821 1019 893 1082 άσσ’
909 1018 1053 1082 ἐθέλοιεν.

259 1128 291 1188 ἔκ
307 1124 364 1207 γάρ
379 1151 425 1188 τοι
441 1125 526 1206 ἐρέω,
541 1125 580 1188 σὺ
596 1126 628 1188 δὲ
643 1125 754 1188 σύνθεο
771 1125 820 1187 καί
834 1148 889 1201 μευ
904 1121 1044 1185 άκουσον·

256 1228 397 1310 Ἑρμείαο
412 1228 493 1307 έκητι
510 1229 674 1308 διακτόρου,
691 1229 724 1294 ὅς
738 1227 777 1309 ῥά
792 1253 825 1290 τε
840 1226 961 1290 πάντων

258 1334 423 1414 ἀνθρώπων
439 1335 556 1416 έργοισι
570 1334 659 1415 χάριν
676 1335 724 1396 καὶ
743 1337 829 1398 κὺδος
845 1331 960 1409 ὀπάζει,

259 1437 445 1523 δρηστοσύνῃ
462 1437 513 1501 οὑκ
528 1436 565 1500 όν
580 1462 631 1515 μοι
647 1437 779 1513 ἐρίσσειε
793 1436 904 1516 βροτὸς
920 1436 1027 1512 ἄλλος,

259 1547 317 1622 πῦρ
332 1541 358 1602 τ’
374 1540 406 1604 εὑ
422 1543 533 1618 νηῆσαι
544 1542 592 1603 διό
608 1564 641 1602 τε
658 1538 732 1618 ξύλα
747 1539 821 1603 δανὰ
837 1539 976 1614 κεάσσαι,

261 1645 436 1724 δαιτρεῦσαί
449 1669 481 1706 τε
497 1639 545 1706 καί
561 1644 693 1720 ὀπτῆσαι
710 1643 757 1704 καὶ
773 1645 961 1725 οἰνοχοῆσαι,

260 1747 310 1810 οἶά
325 1772 358 1810 τε
373 1752 435 1812 τοῖς
454 1748 597 1828 ἀγαθοῖσι
613 1745 811 1827 παραδρώωσι
826 1742 960 1828 χέρηες.”

303 1855 364 1914 Τὸν
380 1853 412 1914 δέ
426 1850 492 1932 μέγ’
508 1849 644 1932 ὀχθήσας
659 1849 825 1931 προσέφης,
841 1850 953 1931 Εὔμαιε
972 1858 1105 1931 συβῶτα·

262 1961 269 1988 ‘
292 1955 314 2017 ώ
330 1980 391 2035 μοι,
405 1951 493 2032 ξεῖνε,
508 1955 554 2033 τίη
571 1979 616 2017 τοι
633 1955 677 2018 ἐνὶ
693 1952 785 2036 φρεσί
800 1960 888 2018 τοῦτο
905 1955 999 2035 νόημα

261 2059 392 2133 ἔπλετο,·
417 2057 436 2138 ή
454 2059 493 2120 σύ
508 2085 544 2140 γε
560 2057 660 2141 πάγχυ
675 2059 810 2122 λιλαίεαι
826 2055 927 2121 αὐτόθ’
942 2057 1080 2136 ὀλέσθαι,

261 2164 286 2225 εί
304 2162 339 2240 δή
354 2161 533 2243 μνηστήρων
549 2161 665 2228 ἐθέλεις
682 2167 840 2226 καταδῦναι
856 2163 972 2241 ὅμιλον,

260 2275 321 2332 τῶν
337 2267 425 2346 ὕβρις
441 2291 473 2328 τε
488 2266 544 2345 βίη
560 2291 594 2328 τε
610 2261 749 2346 σιδήρεον
764 2263 890 2346 οὑρανόν
904 2267 971 2329 ίκει.

263 2371 297 2433 οὑ
312 2395 358 2433 τοι
373 2369 475 2433 τοιοίδ’
491 2366 569 2433 εἰσὶν
586 2371 807 2452 ὑποδρηστῆρες
823 2370 954 2445 ἐκείνων,
1161 2393 1210 2443 330

263 2472 345 2537 ἀλλὰ
360 2475 431 2550 νέοι,
447 2477 576 2556 χλαίνας
592 2473 624 2536 εὑ
640 2473 751 2554 εἱμένοι
767 2474 819 2553 ἠδὲ
834 2479 973 2556 χιτῶνας,

263 2578 322 2642 αίεί
337 2580 371 2641 δὲ
386 2576 510 2660 λιπαροὶ
526 2576 664 2657 κεφαλὰς
680 2578 725 2642 καὶ
743 2575 820 2641 καλὰ
835 2577 993 2658 πρόσωπα,

263 2685 294 2744 οἵ
309 2688 385 2762 σφιν
400 2682 606 2763 ὑποδρώωσιν·
638 2679 775 2760 ἐύξεστοι
791 2684 823 2744 δὲ
838 2681 981 2762 τράπεζαι

263 2787 349 2849 σίτου
365 2783 412 2848 καὶ
429 2791 533 2866 κρειῶν
548 2784 593 2864 ἠδ’
609 2787 691 2848 οίυου
705 2785 900 2864 βεβρίθασιν.

264 2889 347 2952 ἁλλὰ
361 2887 433 2966 μέν’·
465 2889 497 2952 οὑ
511 2887 570 2969 γόρ
585 2889 630 2954 τίς
647 2913 693 2950 τοι
708 2888 826 2950 ἀνιᾶται
842 2887 991 2967 παρεόντι,

264 2991 324 3053 αὕτ’
340 2993 397 3073 ἐγὼ
413 2992 481 3055 οὑτε
496 3017 541 3058 τις
557 2991 652 3058 ἄλλος
668 2991 801 3071 ἑταίρων,
818 2993 848 3054 οἵ
862 3017 915 3069 μοι
930 2992 1024 3054 ἔασιν.

266 3092 357 3174 αὐτὰρ
374 3095 449 3173 ἐπῆν
466 3095 594 3180 ἔλθῃσιν
609 3095 780 3172 Ὀδυσσῆος
796 3097 889 3174 φίλος
904 3094 976 3170 υίός,

264 3197 360 3262 κεῖνός
376 3223 413 3260 σε
427 3197 558 3280 χλαῖνάν
573 3223 605 3262 τε
620 3196 733 3280 χιτῶνά
748 3224 782 3261 τε
797 3189 903 3277 εἵματα
918 3197 1012 3271 έσσει,

265 3303 381 3379 πέμψει
396 3300 421 3363 δ’
437 3302 519 3388 ὅππῃ
534 3328 572 3366 σε
587 3303 690 3383 κραδίη
707 3302 798 3381 θυμός
813 3327 846 3364 τε
862 3297 1008 3364 κελεύει.”

307 3407 370 3466 Τὸν
386 3403 411 3466 δ’
426 3403 562 3485 ἠμείβετ’
577 3405 681 3469 ἔπειτα
696 3405 849 3472 πολύτλας
865 3410 926 3470 δῖος
941 3402 1118 3470 Ὀδυσσεύς·
1166 3429 1215 3480 340

265 3515 284 3543 ‘⁶
297 3506 356 3569 αἴθ’
372 3491 474 3582 οὑτως,
491 3509 615 3589 Εὔμαιε,
632 3509 724 3590 φίλος
741 3510 793 3572 Διὶ
809 3505 897 3589 πατρί
913 3507 1013 3589 γένοιο

266 3614 306 3679 ὡς
321 3612 397 3693 έμοί,
413 3612 477 3675 ὅττι
492 3614 521 3692 μ’
539 3613 673 3680 ἔπαυσας
689 3613 765 3690 ἄλης
781 3614 831 3676 καὶ
846 3611 943 3689 ὀϊζύος
958 3614 1053 3688 αίνῆς.

238 3715 241 3731 ⁴
268 3714 498 3797 πλαγκτοσύνης
514 3714 540 3778 δ’
559 3716 611 3779 οὑκ
628 3717 695 3780 ἔστι
712 3716 877 3795 κακώτερον
892 3715 972 3778 ἄλλο
987 3720 1154 3797 βροτοῖσιν·
