2738 4226
479 331 527 397 ¹3·
552 315 721 375 ΙΑΙΑΔΟΣ
746 315 784 377 Ν.

162 483 261 556 ὠκέας,
278 485 311 547 οί
322 485 351 546 οί
367 485 477 546 ὄπισθε
494 480 593 565 μάχης
609 483 661 562 ήδέ
677 479 840 564 πτολέμοιο

161 587 294 650 ἕστασαν
309 586 434 669 ἡνίοχόν
449 609 482 651 τε
498 588 546 649 καὶ
562 585 678 666 ἅρματα
694 589 807 652 ποικίλ’
823 587 953 671 ἔχοντες·

160 691 187 752 οἳ
203 691 306 772 τόνγε
321 691 408 771 προτὶ
424 689 501 754 άστυ
517 688 612 772 φέρου
626 685 725 772 βαρέα
741 690 928 773 στενάχοντα

161 793 339 873 τειρόμενον·
363 795 436 856 κατά
451 798 476 856 δ’
493 795 566 871 αἷμα
582 792 740 858 νεουτάτου
757 792 840 875 ἔρρεε
854 793 966 874 χειρός.

202 898 242 958 Οί
258 895 283 958 δ’
300 896 391 958 ἄλλοι
405 894 565 976 μάρναντο,
581 897 642 976 βοή
659 895 685 960 δ’
702 899 858 972 ἄσβεστος
873 896 988 977 όριίρει.
1050 921 1098 970 540

163 996 220 1060 ἐνθ’
237 998 345 1065 Αἰνέας
358 999 498 1080 Ἀφαρῆα
513 1000 721 1080 Καλητορίδην
736 999 904 1080 ἐπορούσας

163 1105 272 1178 λαιμὸν
288 1100 358 1181 τύψ’
376 1101 425 1165 ἐπὶ
443 1105 472 1166 οί
487 1101 689 1184 τετραμμένον
706 1101 770 1182 όξέιΙ
785 1104 876 1185 δουρί·

163 1202 282 1279 ἐκλίνθη
299 1198 325 1264 δ’
341 1200 471 1282 ἑτέρωσε
486 1199 569 1283 κάρη,
586 1203 636 1266 ἐπὶ
650 1200 677 1266 δ’
692 1204 785 1268 ἀσπὶς
800 1202 898 1284 ἑάφθη

164 1304 209 1366 καὶ
225 1305 318 1384 κόρυς,
336 1305 413 1385 ἀμφὶ
430 1303 464 1368 δέ
479 1307 508 1368 οἱ
524 1304 652 1371 θάνατος
665 1306 740 1388 χύτο
755 1304 965 1386 θυμοραϊστής.

162 1403 336 1488 Ἀντίλοχος
351 1408 383 1470 δὲ
399 1408 510 1471 Θόωνα
523 1407 789 1488 μεταστρεφθέντα
804 1409 949 1475 δοκεύσας
1052 1435 1099 1486 545

164 1506 260 1570 οίιτοσ’
278 1506 411 1586 ἐπαίξας,
428 1508 488 1573 ἀπὸ
503 1511 536 1574 δέ
552 1510 658 1591 φλέβα
673 1514 776 1573 πᾶσαν
792 1509 923 1591 ἔκερσεν,

163 1609 180 1686 ή
196 1608 220 1671 τ’
238 1611 295 1674 άυδ
309 1616 390 1674 νῶτα
404 1610 517 1675 θέουσα
531 1614 690 1692 διαμπερὲς
707 1610 806 1694 αὐχέν’
824 1611 927 1677 ίκάνει·

164 1713 214 1792 τὴν
229 1713 288 1778 ἀπὸ
304 1719 407 1778 πᾶσαν
423 1713 555 1798 ἔκερσεν·
580 1717 596 1778 ό
611 1719 637 1779 δ’
652 1717 757 1782 ὕπτιος
771 1717 804 1780 ἐν
819 1719 939 1802 κονίῃσι

162 1816 323 1890 κάππεσεν,
340 1819 430 1899 άμφω
445 1821 529 1901 χεῖρε
543 1819 647 1900 φίλους
662 1816 796 1897 ἑτάροισι
812 1818 976 1884 πετάσσας.

160 1918 337 2002 Ἀντίλοχος
351 1919 376 1984 δ’
394 1921 550 2002 ἐπόρουσε,
567 1921 615 1984 καὶ
631 1921 734 1984 αίνυτο
749 1919 845 2003 τεύχε’
863 1921 912 1983 ἀπ’
930 1925 1017 2000 ὤμων
1050 1951 1098 2000 550

161 2026 343 2089 παπταίνων·
379 2028 480 2106 Τρῶες
495 2026 528 2088 δὲ
543 2023 725 2105 περισταδὸν
741 2023 873 2088 άλλοθεν
887 2024 984 2091 ἄλλος

161 2125 282 2203 οὔταζον
298 2124 391 2191 σάκος
407 2125 475 2209 εύρδ
489 2127 665 2203 παναίολον,
682 2126 743 2190 οὐδ’
761 2126 901 2190 ἐδύναντο

160 2231 231 2293 είσω
246 2225 414 2311 ἐπιγράψαι
430 2227 535 2307 τέρενα
548 2230 627 2312 χρόα
642 2228 728 2308 νηλέϊ
742 2231 848 2314 χαλκῷ

161 2331 347 2414 Ἀντιλόχου·
370 2329 438 2412 πέρι
452 2330 510 2415 γάρ
523 2333 563 2415 ῥα
578 2331 758 2396 Ποσειδάων
773 2333 943 2416 ἐνοσίχθων

161 2433 313 2514 Νέστορος
327 2432 393 2497 υἱὸν
407 2433 491 2514 έρυτο
507 2435 556 2497 καὶ
572 2437 605 2498 ἐν
621 2440 768 2499 πολλοῖσι
782 2435 945 2516 βέλεσσιν.
1051 2461 1098 2512 555

159 2537 191 2598 οὐ
205 2537 261 2617 μὲν
278 2534 337 2618 γάρ
352 2533 419 2599 ποτ’
434 2536 505 2600 ἀνευ
520 2535 612 2614 δηίων
627 2535 673 2617 ήν,
690 2539 772 2601 ἀλλὰ
787 2536 851 2601 κατ’
867 2538 972 2604 αὐτοὺς

159 2638 320 2721 στρωφᾶτ’·
345 2638 413 2703 οίιδέ
428 2641 457 2702 οἱ
473 2639 563 2722 ἐγχος
579 2639 626 2724 ἔχ’
642 2639 779 2721 ἀτρέμας,
796 2642 878 2704 ἀλλὰ
893 2639 965 2720 μάλ’
981 2642 1040 2706 atel

158 2742 316 2820 σειόμενον
331 2740 480 2806 ἐλέλικτο·
503 2743 659 2807 τιτύσκετο
675 2746 707 2806 δέ
723 2744 833 2824 φρεσὶν
847 2741 920 2830 ᾗσιν

157 2843 175 2923 ή
190 2870 240 2909 τευ
255 2845 444 2917 ἀκοντίσσαι,
461 2845 495 2924 ήέ
514 2845 627 2928 σχεδὸν
641 2833 813 2927 ὁρμηθῆναι.

198 2946 287 3010 Ἀλλ’
304 2947 338 3010 οίι
353 2945 421 3025 λῆθ’
432 2945 605 3026 Ἀδάμαντα
616 2949 828 3027 τιτυσκόμενος
844 2949 908 3011 καθ’
921 2950 1039 3030 ὅμιλον,
1051 2962 1100 3025 560

157 3047 314 3129 Ἀσιάδην,
331 3050 348 3112 ὅ
364 3051 393 3114 οί
408 3050 480 3113 οὖτα
494 3049 590 3129 μέσον
606 3049 699 3117 σάκος
714 3049 778 3128 ὀξέϊ
791 3052 897 3135 χαλκῷ

157 3153 283 3234 ἐγγύθεν
299 3153 448 3234 ὁρμηθείς·
471 3151 664 3233 ἀμενήνωσεν
679 3151 713 3217 δέ
728 3155 757 3216 οἱ
773 3154 885 3235 αἰχμὴν

156 3259 340 3337 κυανοχαῖτα
355 3254 544 3328 Ποσειδάων,
561 3257 680 3335 βιότοιο
695 3253 836 3337 μεγήρας.

156 3357 254 3422 καὶτὸ
268 3358 325 3435 μὲν
341 3356 431 3419 αὐτοῦ
446 3354 522 3437 μεῖν’
536 3358 576 3422 ὥς
587 3381 619 3419 τε
633 3361 752 3424 σκῶλος
768 3357 976 3440 πυρίκαυστος,

155 3462 188 3523 ἐν
204 3459 292 3524 σάκει
308 3456 513 3542 Ἀντιλόχοιο,
529 3459 563 3524 τὸ
579 3459 604 3523 δ’
620 3461 715 3540 ἥμισυ
730 3461 800 3524 κεῖτ’
816 3462 867 3525 ἐπὶ
882 3462 978 3543 γαίης·
1050 3473 1098 3538 5⁶5

153 3562 201 3645 ἀφ
216 3560 243 3626 δ’
259 3559 374 3643 έτόρωυ
390 3564 433 3628 είς
449 3564 534 3628 ἔθνος
549 3559 674 3646 ἐχάζετο
692 3559 756 3644 κῆρ’
772 3561 926 3628 ἀλεείνων·

153 3666 310 3745 Μηριόνης
326 3666 349 3728 δ’
372 3665 499 3728 ἀπιόντα
517 3665 743 3745 μετασπόμενος
758 3663 839 3743 βάλε
855 3666 935 3751 δουρὶ
