2792 4232
244 333 308 414 360
573 339 621 407 17·
647 329 872 408 ιΛιΑΔοΣυ.

246 500 309 561 ὅττι
323 496 362 581 ῥά
381 498 409 560 οἱ
426 493 591 578 πάμπρωτα
606 499 683 559 θεῶν
697 491 831 576 ἠρήσατο
846 491 975 558 πάντων.
1050 525 1054 532 ’

246 604 279 664 ἐν
294 603 327 664 δὲ
342 603 416 679 βίην
432 600 540 681 ὤμοισι
557 599 606 664 καὶ
621 603 654 664 ἐν
668 598 834 680 γούνεσσιν
849 597 948 678 ἔθηκε,

246 705 297 768 καί
311 707 340 766 οἱ
354 704 441 782 μυίης
458 701 569 784 θάρσος
585 703 630 767 ἐνὶ
647 697 816 780 στήθεσσιν
832 703 943 778 ἐνῆκεν,
1143 721 1193 774 570

244 808 265 885 ή
280 833 313 870 τε
329 804 376 870 καὶ
392 804 536 887 ἐργομένη
551 803 635 884 μάλα
650 831 706 886 περ
720 804 812 888 χροὺς
828 801 1003 886 ἀνδρομέοιο

247 909 380 994 ίσχανάη
396 909 528 982 δακέειν,
538 909 639 990 λαρόν
650 907 683 972 τέ
699 910 728 972 οί
744 907 806 987 οἶμ’
824 907 990 996 ἀνθράπου·

246 1015 328 1077 τοίου
341 1040 394 1092 μιν
408 1011 542 1094 θάρσευς
552 1014 654 1089 πλῆσε
670 1011 782 1094 φρένας
798 1011 877 1092 ἀμφὶ
891 1011 1047 1090 μελαίνας,
1131 1019 1134 1027 ’

244 1120 288 1198 βῆ
303 1115 331 1181 δ’
346 1118 396 1181 ἐπὶ
412 1117 589 1200 Πατρόκλῳ,
607 1117 656 1180 καὶ
673 1117 815 1184 ἀκόντισε
831 1115 912 1196 δουρὶ
928 1117 1052 1199 φαεινῷ.
1085 1127 1088 1135 ⁴

246 1221 318 1285 ἔσκε
333 1221 357 1284 δ’
374 1220 576 1304 ἐνδΤριὺεσσι
593 1223 704 1298 Ποδῆς,
721 1218 786 1288 υἱὸς
802 1217 975 1291 Ἠετίωνος,
1143 1233 1192 1292 575

246 1325 371 1406 ἀφνειός
386 1323 410 1387 τ’
428 1324 540 1407 ἀγαθός
556 1344 597 1388 τε·
629 1321 767 1401 μάλιστα
783 1321 817 1386 δέ
831 1347 883 1401 μιν
898 1322 962 1386 τίεν
972 1319 1092 1402 Ἕκτωρ
1186 1333 1189 1341 ’

246 1425 350 1507 δήμου,
366 1429 434 1492 ἐπεί
448 1429 476 1490 οἱ
492 1431 609 1509 ἑταῖρος
624 1427 678 1507 ἔην
694 1427 786 1509 φίλος
803 1423 1028 1502 εἰλαπιναστής·

245 1531 299 1596 τόν
314 1533 354 1614 ῥα
372 1533 447 1594 κατὰ
463 1531 600 1610 ζωστῆρα
615 1529 698 1611 βάλε
714 1529 825 1609 ξανθὸς,
839 1527 999 1594 Μενέλαος

245 1631 372 1712 ἀίξαντα
387 1635 532 1714 φόβονδε,
550 1634 661 1714 διαπρὸ,
674 1635 711 1698 δὲ·
721 1631 840 1716 χαλκὸν
856 1633 983 1706 ἔλασσε·

246 1736 397 1816 δούπησεν
413 1740 445 1800 δὲ
461 1738 573 1800 πεσιίν·
604 1738 678 1817 ἀτὰρ
692 1735 851 1818 Ἀτρείδης
864 1735 1024 1803 Μενέλαος
1142 1746 1193 1809 ⁵⁸0

246 1847 351 1921 νεκρὸν
364 1843 439 1904 ὑπὲκ
454 1842 566 1924 Τρόων
581 1841 689 1924 ἔρυσεν
703 1843 780 1922 μεπδ
796 1840 881 1908 ἔθνος
897 1841 1033 1923 ἑταίρων.

285 1943 418 2026 Ἕκτορα
432 1941 462 2027 δ’Ι
474 1944 605 2028 ἐγγὺθεν
616 1942 778 2026 ἱστάμενος
794 1943 1111 2024 ὥτρυνενἈπόλλων,

246 2048 378 2114 Φαίνοπι
392 2047 521 2134 Ἀσιάδῃ
537 2048 718 2131 ἐναλίγκιος,
735 2049 768 2114 ἀς
783 2049 813 2111 οἱ
828 2047 969 2114 ἀπάντων

246 2150 353 2230 ξείνων
369 2151 515 2232 φίλτατος
530 2151 629 2224 ἐσκεν,
649 2151 798 2231 Ἀβυδόθι
813 2151 893 2214 οἰκία
907 2151 1009 2216 ναίων·

248 2251 304 2342 [τῷ
319 2280 371 2335 μιν
385 2253 560 2333 ἐεισάμενος
575 2253 717 2336 προσέφη
733 2253 875 2336 ἑκάεργος
888 2247 1080 2338 Ἀπόλλωνή·
1142 2264 1193 2326 585

248 2357 391 2440 “Ἕκτορ,
407 2359 452 2424 τίς
469 2356 501 2422 κέ
517 2357 546 2420 α’
562 2357 602 2420 ἔτ’
619 2358 716 2424 ἄλλος
730 2357 867 2444 Ἀχαιῶν
881 2356 1088 2438 ταρβήσειεντ

246 2463 313 2528 οἷον
326 2462 363 2540 δή
379 2458 541 2526 Μενέλαον
554 2461 734 2542 ὑπέτρεσας,
750 2460 833 2528 ὑςτὸ
849 2459 941 2542 πάρος
956 2485 992 2541 γε
1029 2491 1032 2498 ·
1062 2507 1066 2516 -

245 2564 400 2644 μαλθακὸς
415 2561 571 2646 αἰχμητής·
604 2570 657 2629 νῦν
676 2564 701 2628 δ’
718 2567 835 2647 οίχεται
854 2564 918 2630 οἶος
934 2565 1034 2645 ἀείρας

247 2675 353 2750 νεκρὸν
366 2669 439 2730 ὑπὲκ
455 2669 574 2754 Τρώων,
593 2667 650 2734 σὸν
668 2667 693 2732 δ’
710 2668 815 2732 ἔκτανε
830 2667 941 2732 πιστὸν
957 2671 1083 2749 ἑταῖρον,

247 2775 361 2836 ἐσθλὸν
376 2770 421 2835 ἐνὶ
437 2769 632 2854 προμάχοισι,
648 2775 761 2850 Ποδῆν,
776 2771 843 2836 υἱὸν
857 2769 1050 2837 Ἠετίωνος.”
1141 2797 1194 2848 590

283 2874 346 2942 Ὣς
361 2874 449 2956 φάτο,
464 2874 518 2942 τὸν
533 2874 557 2940 δ’
574 2875 666 2957 ἀχεος
683 2873 798 2954 νεφέλη
815 2873 952 2956 ἐκάλυφε
965 2874 1103 2954 μέλαινα,

246 2984 290 3061 βῆ
306 2981 338 3042 δὲ
353 2981 403 3046 διδ
419 2977 583 3061 προμάχων
599 2975 813 3059 κεκορυθμένος
829 2981 931 3042 αίθοπι
949 2979 1064 3061 χαλκῆ.

248 3082 298 3145 καὶ
312 3081 373 3145 τότ’
390 3082 447 3164 ἀρα
465 3082 612 3164 Κρονίδης
628 3079 706 3144 ἕλετ’
723 3081 825 3163 αίγίδα
840 3079 1076 3144 θυσσανόεσσαν

247 3184 429 3267 μαρμαρέην,
443 3185 529 3264 Ἴδην
544 3187 576 3249 δέ
592 3183 669 3248 κατὰ
684 3183 834 3264 νεφέεσσι
849 3182 996 3263 κάλυψεν,

248 3288 409 3372 ἀστράψας
424 3292 456 3354 δὲ
471 3288 554 3368 μάλα
568 3284 678 3369 μεγάλ’
694 3287 811 3362 έκτυπε,
828 3285 883 3366 τὴν
898 3285 923 3348 δ’
939 3283 1068 3363 ἐτίναξε,
1143 3312 1194 3364 ⁵9⁵

248 3395 334 3472 νίκην
349 3394 381 3455 δέ
396 3393 538 3474 Τράεσσι
554 3391 646 3466 δίδου,
664 3390 807 3470 ἐφόβησε
825 3386 852 3452 δ’
866 3387 1018 3471 Ἀχαιοὺς.

292 3501 417 3577 Πρῶτος
432 3493 595 3574 Πηνέλεως
610 3493 753 3560 Βοιοίτιος
769 3491 844 3575 ήρχε
859 3491 983 3572 φόβοιο.

248 3603 348 3680 βλῆτο
363 3597 421 3680 γὰρ
436 3595 518 3677 ὦμον
533 3599 616 3680 δουρὶ
631 3598 736 3679 πρόσω
751 3594 950 3678 τετραμμένος
966 3597 1026 3660 atet

249 3703 340 3785 άκρου
358 3701 528 3783 ἐπιλίγδην·
544 3699 665 3782 γράψεν
680 3698 713 3764 δέ
729 3702 758 3764 οἱ
773 3697 883 3765 ὀστέον
898 3698 984 3782 ἀχρις
