2908 4232
555 357 582 399 1.
606 340 840 400 οΔπςςπιΑΣ
862 341 898 399 Α.
1137 347 1201 416 513

253 506 310 572 αἰεὶ
327 511 360 572 δὲ
378 514 543 588 μαλακοῖσι
558 506 606 572 καὶ
620 509 789 589 αἱμυλίοισι
803 509 927 591 λόγοισι

253 613 365 695 θέλγει,
381 614 462 678 ὅπως
475 612 593 690 Ἰθάκης
611 610 799 690 ἐπιλήσεται·
831 613 922 691 αύτάρ
937 609 1115 688 Ὀδυσσεύς,

253 715 371 794 ἱέμενος
387 717 437 778 καὶ
450 721 562 779 καπνὸν
580 713 815 800 ἀποθρῴσκοντα
833 718 942 792 νοῆσαι

252 819 286 898 ής
304 820 400 901 γαίης,
417 819 534 882 θανέειν
550 819 701 899 ἱμείρεται.
733 819 802 883 ούδέ
817 844 852 881 νυ
865 819 919 882 σοί
937 845 992 899 περ

253 925 424 1014 ἐντρέπεται
439 924 534 1003 φίλον
548 921 629 1003 ῆτορ,
650 922 808 1002 Ὀλύμπιε.
838 922 873 984 ού
888 922 923 986 νύ
938 920 963 983 τ’
979 921 1148 985 Ὀδυσσεὺς
1168 933 1201 983 6ο

250 1023 397 1109 ’Ἀργείων
412 1025 493 1106 παρὰ
508 1023 596 1102 νηυσὶ
610 1026 748 1109 χαρίζετο
765 1025 830 1107 ίερά
843 1026 936 1105 ῥέζων

252 1131 343 1215 Τροίῃ
361 1133 393 1194 έν
411 1131 506 1216 εὐρείῃ
520 1156 530 1204 ,·
554 1131 585 1193 τί
599 1131 633 1193 νύ
648 1133 678 1192 οἱ
693 1129 783 1193 τόσον
798 1130 924 1204 ὠδύσαο,
942 1134 1001 1193 Ζεῦ
1013 1155 1023 1202 ,·
1034 1127 1052 1152 ”
1176 1202 1177 1207 ¹

295 1235 359 1312 Τὴν
378 1233 402 1297 δ’
420 1235 663 1313 ἀπαμειβόμενος
678 1234 818 1314 προσέφη
835 1231 1058 1314 νεφεληγερέτα
1074 1233 1158 1296 Ζεύς·

253 1345 269 1372 “
283 1337 387 1401 τέκνον
403 1339 484 1416 ἐμόν,
504 1339 593 1401 ποῖόν
609 1362 646 1401 σε
663 1337 734 1402 ἔπος
750 1337 847 1418 φύγεν
861 1337 945 1416 έρκος
961 1336 1100 1400 ὀδόντων.

252 1447 316 1505 πῶς
331 1440 368 1504 ἀν
383 1440 473 1504 ἔπειτ’
491 1440 638 1516 Ὀδυσῆος
655 1442 712 1521 ἐγὼ
729 1441 823 1504 θείοιο
837 1441 995 1519 λαθοίμην,
1170 1451 1201 1513 65

252 1541 285 1607 ὃς
301 1545 368 1624 περὶ
383 1546 438 1622 μὲν
453 1545 523 1607 νόον
538 1541 603 1606 ἐστὶ
618 1549 747 1624 βροτῶν,
762 1543 830 1622 περὶ
845 1543 869 1606 δ’
887 1541 934 1622 ἱρό
951 1546 1067 1606 θεοῖσιν

253 1645 447 1711 ἀθανάτοισιν
464 1649 563 1725 ἔδωκε,
579 1648 625 1709 τοὶ
640 1647 764 1727 ούρανδν
782 1646 865 1728 εὐρὺν
882 1647 1028 1728 ἔχουσιν,·

253 1749 334 1812 ἀλλὰ
350 1751 529 1816 Ποσειδάων
546 1749 689 1833 γαιήοχος
702 1752 831 1816 ἀσκελὲς
847 1753 912 1815 αἰὲν

253 1855 419 1920 Κύκλωπος
434 1855 612 1938 κεχόλωται,
630 1853 665 1918 δν
681 1855 842 1934 ὀφθαλμοῦ
857 1853 1007 1930 ἀλάωσεν,

253 1959 390 2024 ἀντίθεον
405 1958 604 2038 Πολύφημον,
619 1959 671 2020 ὅου
688 1956 793 2037 κράτος
812 1955 877 2020 ἐστὶ
892 1954 1038 2039 μέγιστον

252 2065 347 2124 πᾶσιν
363 2060 577 2126 Κυκλώπεσσι·
612 2061 728 2123 Θόωσα
740 2059 774 2123 δέ
788 2086 839 2140 μιν
854 2059 922 2124 τέκε
938 2060 1046 2141 νύμφη,

192 2146 196 2154 ’
253 2166 405 2244 Φόρκυνος
421 2163 558 2244 θυγάτηρ,
575 2163 649 2228 ἀλδς
668 2162 839 2245 ἀτρυγέτοιο
852 2164 1004 2243 μέδοντος,

254 2269 286 2330 έν
303 2267 419 2331 σπέσσι
433 2273 618 2349 γλαφυροῖσι
634 2266 827 2330 Ποσειδάωνι
842 2273 976 2348 μιγεῖσα.

254 2375 286 2434 ἐκ
302 2377 354 2433 τοῦ
373 2372 408 2448 δῆ
423 2371 559 2449 Ὀδυσῆα
576 2371 754 2434 Ποσειδάων
771 2372 939 2452 ἐνοσίχθων

253 2475 289 2536 ού
303 2500 332 2538 τι
349 2477 541 2567 κατακτείνει,
557 2473 664 2551 πλάζει
680 2474 705 2536 δ’
721 2473 780 2537 ἀπὸ
796 2476 936 2555 πατρίδος
952 2477 1028 2551 αίης.

254 2575 323 2640 ἀλλ’
341 2577 415 2659 άγεθ

253 2683 373 2757 νόστον,
389 2683 470 2748 ὅπως
485 2683 604 2767 ἔλθῃσι·
640 2682 818 2746 Ποσειδάων
836 2685 869 2744 δὲ
883 2679 1010 2761 μεθήσει

255 2785 290 2848 δν
306 2786 409 2866 χόλον·
441 2785 474 2848 οὐ
488 2789 544 2864 μὲν
560 2784 617 2866 γάρ
634 2811 662 2848 τι
678 2783 836 2863 δυνήσεται
854 2785 939 2850 ἀντία
955 2784 1074 2849 πάντων

255 2889 411 2951 ἀθανάτων
427 2890 528 2968 ἀέκητι
545 2893 621 2952 θεῶν
636 2888 820 2968 ἐριδαινέμεν
836 2887 927 2953 οἶος.”

297 2997 358 3054 Τδν
373 2992 399 3055 δ’
415 2992 549 3072 ἠμείβετ’
566 2993 668 3055 ἔπειτα
684 2991 739 3056 θεὰ
754 2997 926 3073 γλαυκῶπις
943 2990 1065 3070 Ἀθήνη·

254 3092 307 3157 “ἀι
324 3095 416 3176 πάτερ
430 3095 553 3176 ήμέτερε
573 3098 710 3176 Κρονίδη,
726 3097 819 3158 ύπατε
836 3096 1002 3174 κρειόντων,

256 3200 282 3262 εἰ
300 3200 355 3277 μὲν
370 3200 405 3277 δή
422 3205 473 3262 νῦν
488 3205 574 3262 τοῦτο
592 3200 684 3279 φίλον
699 3199 869 3280 μακάρεσσι
884 3203 991 3277 θεοῖσι,

256 3305 403 3374 νοστῆσαι
419 3301 555 3378 Ὀδυσῆα
570 3301 748 3382 πολύφρονα
766 3303 834 3366 ὅνδε
851 3303 986 3382 δόμονδε,

252 3403 394 3486 Ἑρμείαν
409 3407 464 3482 μὲν
480 3403 593 3482 ἔπειτα,
608 3404 765 3484 διάκτορον
779 3405 988 3486 ἀργειφόντην,

255 3511 349 3586 νῆσον
368 3509 398 3571 ές
414 3506 560 3588 Ὠγυγίην
577 3509 745 3590 ὀτρύνομεν,
760 3509 842 3588 ὄφρα
857 3509 988 3591 τάχιστα

255 3611 356 3697 νύμφῃ
373 3609 553 3696 έύπλοκάμῳ
570 3614 638 3700 εἴπῃ
655 3612 800 3692 νημερτέα
814 3619 941 3692 βουλην,

254 3716 364 3778 νόστον
380 3713 552 3790 Ὀδυσσῆος
570 3717 804 3796 ταλασίφρονος,
824 3717 863 3784 ὥς
883 3743 915 3782 κε
932 3718 1040 3796 νέηται.

723 3837 739 3880 S
