2738 4226
472 361 519 428 13.
545 349 715 409 ΙΛΙΑΔΟΣ
739 351 778 412 Ν.

154 513 312 589 εἰσάμενος
327 514 467 597 φθογγὴν
481 514 694 596 Ἀνδραίμονος
710 519 752 580 vn·
768 519 892 591 Θόαντι,

155 618 187 683 ὃς
202 618 286 704 πόση
303 624 459 700 Πλευρῶνι
475 619 528 682 καί
539 621 657 706 αἰπεινῇ
675 624 832 685 Καλυδῶνι

155 724 338 786 Αἰτωλοῖσιν
352 723 480 794 ἄνασσε,
497 722 565 789 θεὸς
580 723 604 786 δ’
622 725 661 789 ῶς
676 725 756 788 τίετο
770 722 862 809 δήμῳ·

156 835 175 859 “
185 823 343 903 Ἰδομενεῦ,
361 829 484 906 Κρητῶν
498 829 686 908 βουληφόρε,
704 832 761 890 ποῦ
776 853 824 890 τοι
839 829 962 902 ἀπειλαὶ

155 931 299 1011 οἴχονται,
314 931 368 994 τάς
381 930 502 1010 Τρωσὶν
517 930 660 993 ἀπείλεον
676 932 736 996 υίες
750 929 884 1014 Ἀχαιῶν
895 929 927 1004 ;”
971 1009 972 1016 ¹
1048 958 1095 994 220

156 1045 159 1049 '
196 1031 257 1095 Τὸν
272 1031 297 1094 δ’
314 1030 377 1095 αὖτ’
390 1032 565 1110 Ἰδομενεύς,
582 1038 705 1115 Κρητῶν
720 1034 801 1117 ἀγός,
819 1036 921 1100 ἀντίον
935 1035 1017 1112 ηὔδα·

157 1127 206 1192 “ῶ
222 1130 318 1205 Θόαν,
335 1129 369 1192 ού
384 1155 429 1195 τις
444 1130 518 1210 ἀνὴρ
533 1136 585 1194 νῶν
599 1132 626 1212 γ’
643 1134 746 1210 αἴτιος,
762 1133 859 1196 ὅσσον
877 1134 933 1213 έγοί
951 1162 987 1215 γε

155 1234 321 1314 γιγνώσκω·
345 1231 454 1298 πάντες
468 1236 526 1314 γὰρ
542 1233 728 1313 ἐπιστάμεθα
743 1236 945 1314 πτολεμίζειν.

156 1335 220 1399 οὔτε
235 1337 303 1400 τινά
318 1333 385 1401 δέος
399 1337 483 1417 ίσχει
499 1333 622 1417 ἀκήριον
636 1336 703 1402 οὔτε
719 1363 765 1403 τις
781 1340 858 1422 ὄκνῳ

157 1442 241 1502 εἴκων
256 1439 394 1503 ἀνδύεται
409 1440 544 1518 πόλεμον
559 1441 659 1504 κακόν·
684 1440 765 1504 ἀλλά
781 1467 839 1522 που
854 1443 935 1504 οὕτω·
1049 1469 1096 1519 ²25

155 1543 260 1621 μέλλει
275 1543 311 1622 δή
328 1544 422 1623 φίλον
438 1544 514 1607 εἶναι
529 1543 688 1624 ὑπερμενέϊ
704 1545 859 1625 Κρονίωνι,
895 1622 897 1626 .

156 1647 320 1727 νωνύμνους
336 1645 506 1710 ἀπολέσθαι
522 1647 572 1710 ἀπ’
585 1646 713 1729 Ἀργεος
729 1646 827 1711 ἐνθάδ’
844 1647 997 1730 Ἀχαιούς.

156 1749 242 1827 ἀλλά,
259 1749 356 1821 Θόαν,
373 1750 421 1813 καὶ
435 1753 493 1830 γὰρ
509 1748 542 1811 τὸ
557 1749 651 1832 πόρος
666 1749 821 1830 μενεδήϊος
837 1751 925 1830 ἦσθα,

156 1853 285 1933 ὀτρύνεις
300 1853 333 1915 δὲ
349 1852 397 1915 καὶ
413 1852 519 1926 ἀλλον,
536 1854 584 1916 ὅθι
599 1852 741 1931 μεθιέντα
755 1856 846 1932 ἴδηαι·

155 1958 194 2038 τῷ
212 1961 264 2020 νῦν
278 1953 345 2033 μήτ’
362 1955 500 2035 ἀπόληγε
515 1954 620 2019 κέλευέ
634 1981 668 2019 τε
684 1958 762 2037 φωτὶ
778 1955 923 2040 ἑκάστῳ.”
1047 1982 1095 2030 ²30

195 2054 257 2118 Τδν
272 2050 297 2116 δ’
313 2049 448 2132 ἠμείβετ’
464 2054 568 2118 ἔπειτα
584 2055 763 2119 Ποσειδάων
779 2058 957 2139 ἐνοσίχθων*

156 2159 339 2236 “Ἰδομενεῶ,
355 2156 395 2236 μή
412 2161 509 2222 κεῖνος
524 2157 598 2238 ἀνὴρ
614 2157 658 2220 ἔτι
674 2157 853 2236 νοστήσειεν

156 2265 186 2325 έκ
201 2262 319 2341 Τροίης,
337 2257 405 2321 ἀλλ’
423 2258 490 2322 αάθι
506 2265 600 2322 κυνῶν
613 2259 773 2341 μέλπηθρα
787 2260 914 2343 γένοιτο,
997 2335 998 2340 ¹

155 2369 187 2432 ὅς
202 2390 246 2430 τις
262 2361 308 2426 ἐπ’
324 2360 414 2441 ἤματι
429 2363 506 2444 τῷδε
522 2364 597 2427 ἑκὼν
611 2364 734 2450 μεθίῃσι
748 2364 911 2448 μάχεσθαι.

155 2468 222 2531 ἀλλ’
239 2467 295 2548 άγε
309 2465 419 2548 τεύχεα
433 2470 519 2547 δεῦρο
534 2467 642 2546 λαβὼν
656 2469 708 2530 ίθι·
732 2473 825 2530 ταῦτα
840 2468 864 2532 δ’
884 2468 945 2546 ἅμα
959 2467 1017 2550 χρὴ
1046 2493 1094 2541 ²35

156 2573 303 2649 σπεύδειν,
319 2571 352 2632 αί
366 2568 390 2631 κ’
408 2568 521 2648 ὄφελός
536 2593 564 2631 τι
579 2570 736 2651 γενοίμεθα
750 2569 799 2632 καὶ
814 2570 863 2634 δύ’
881 2571 974 2634 ἐόντε.

156 2668 310 2752 συμφερτὴ
326 2667 350 2732 δ’
369 2667 458 2748 ἀρετή
474 2665 561 2730 πέλει
578 2670 693 2748 ἀνδρῶν
708 2670 757 2732 καὶ
771 2668 856 2748 μάλα
869 2675 997 2752 λυγρῶν·

156 2780 206 2838 νῶϊ
220 2775 253 2837 δὲ
268 2772 320 2835 καί
335 2769 359 2834 κ’
376 2772 537 2852 ἀγαθοῖσιν
556 2772 778 2850 ἐπισταίμεσθα
794 2772 976 2856 μάχεσθαι,”

188 2877 251 2943 Ὣς
267 2875 359 2940 είπδν
375 2874 391 2935 ὁ
405 2875 461 2952 μὲν
476 2873 558 2938 αὖτις
573 2874 631 2954 ἔβη
651 2875 719 2941 θεὸς
734 2874 775 2954 δμ
789 2877 884 2941 πόνον
899 2877 1021 2956 ἀνδρῶν·

157 2979 318 3060 Ἰδομενεὺς
334 2976 358 3040 δ’
376 2977 427 3041 ὅτε
441 2977 477 3055 δὴ
494 2976 617 3057 κλισίην
633 2977 772 3042 εὔτυκτον
787 2981 881 3053 ίκανε,
1045 3004 1092 3054 ²40

157 3088 259 3150 δύσετο
273 3081 384 3164 τεύχεα
399 3083 477 3144 καλῖι
492 3082 559 3162 περὶ
574 3080 652 3163 χροί,
667 3084 755 3164 γέντο
771 3084 804 3146 δὲ
818 3089 912 3164 δοῦρε,

156 3194 195 3268 βῆ
210 3184 236 3250 δ’
252 3188 320 3265 ἴμεν
336 3184 487 3269 ἀστεροπῇ
504 3185 683 3266 ἐναλίγκιος,
699 3184 737 3262 ήν
751 3211 785 3249 τε
800 3188 935 3266 Κρονίων

155 3292 230 3374 χειρὶ
246 3288 355 3367 λαβὼν
370 3284 505 3363 ἐτίναξεν
521 3285 573 3350 ἀπ’
588 3285 765 3367 αἰγλήεντος
778 3288 943 3368 Ὀλύμπου,

155 3391 266 3456 δεικνὺς
282 3392 364 3470 σήμα
377 3393 544 3470 βροτοῖσιν
568 3390 703 3470 ἀρίζηλοι
718 3389 752 3454 δέ
767 3393 796 3454 οἱ
812 3392 910 3472 αὐγαί·

155 3496 192 3562 ῶς
207 3499 258 3557 τοῦ
273 3491 389 3576 χαλκὸς
404 3492 520 3570 ἔλαμπε
535 3493 602 3573 περὶ
617 3491 766 3568 στήθεσσι
782 3492 911 3560 θέοντος,
1046 3517 1091 3567 ²45

156 3598 308 3679 Μηριόνης
323 3595 350 3659 δ’
365 3595 422 3676 ἀρα
439 3597 468 3658 οί
484 3593 621 3676 θεράπων
637 3594 686 3660 ἐὺς
701 3596 910 3676 ἀντεβόλησεν

154 3701 241 3782 ἐγγὺς
257 3701 303 3764 ἔτι
319 3698 448 3776 κλισίης·
472 3701 547 3776 μετὰ
561 3701 618 3780 γδρ
634 3698 704 3778 δόρυ
718 3697 851 3781 χάλκεον
865 3698 913 3785 ᾔει
