2874 4234
280 313 344 384 592
578 311 605 378 5·
629 300 864 362 οΔτνΣοιλν
888 300 921 360 Ε.

278 472 364 554 γαίης
381 468 531 548 Φαιήκων,
547 470 596 533 ὅθι
611 467 635 533 τ’
651 470 800 552 ἄγχιστον
817 465 909 532 πέλεν
924 468 1007 554 αύτῷι
1178 484 1226 532 280

279 577 383 638 εἰσατο
400 571 425 636 δ’
441 572 480 638 ὦς
497 573 546 636 ὅτε
561 573 644 652 ῥινὸν
660 573 693 634 ἐν
708 570 851 652 ἠεροειδέϊ
866 572 975 654 πόντιρ.

226 691 229 700 “
321 677 384 740 Τδν
399 673 424 740 δ’
441 673 476 754 ἐξ
489 675 642 738 Αἰθιόπων
658 675 750 738 ὀνιδν
766 674 870 755 κρείων
886 675 1054 757 ἐνοσίχθων

279 782 409 860 τηλόθεν
425 781 456 842 ἐκ
474 778 620 856 Σολύμων
636 777 729 856 ὀρέων
744 779 816 841 ίδεν·
840 779 944 841 εἵσατο
959 778 1016 860 γάρ
1031 779 1061 841 οί

280 886 391 948 πόντον
407 882 576 946 ἐπιπλώων·
602 883 618 943 ὁ
635 879 660 944 δ’
677 881 815 964 ἐχύσατο
830 883 932 961 κηρόθι
946 887 1075 962 μᾶλλον,

280 986 405 1065 κινήσας
420 989 452 1050 δὲ
470 984 542 1065 κάρη
559 985 645 1064 προτὶ
658 983 696 1048 δν
710 983 865 1064 μυθήσατο
881 987 982 1064 θυμόν·
1180 1003 1226 1061 ²85

323 1088 390 1152 “Ὢ
406 1089 509 1166 πόποι,
526 1087 545 1167 ή
560 1085 644 1157 μάλα
659 1088 694 1166 δή
710 1089 956 1167 μετεβούλευσαν
972 1089 1033 1152 θεοὶ
1049 1088 1150 1156 άλλως

281 1191 355 1276 ἀμφ’
371 1192 497 1269 Ὀδυσῆϊ
513 1195 594 1273 ἐμεῖο
609 1189 672 1269 μετ’
691 1193 893 1255 Αἰθιόπεσσιν
909 1195 1019 1270 ἐόντος,

281 1295 328 1362 καὶ
346 1298 381 1376 δή
397 1296 539 1374 Φαιήκων
554 1296 641 1378 γαίης
656 1297 783 1378 σχεδόν,
795 1297 867 1360 ἔνθα
882 1299 911 1360 οί
927 1298 1002 1360 αἶσα
1049 1335 1051 1340 ,

282 1401 445 1482 ἐκφυγέεινΙ
456 1399 533 1481 μέγα
549 1403 654 1480 πεῖραρ
670 1400 776 1478 ὀϊζύος,
793 1398 811 1478 ἤ
825 1426 877 1480 μιν
893 1400 998 1466 ἱκάνει·

282 1503 351 1568 ἀλλ’
368 1505 411 1568 ἐτι
426 1504 481 1583 μέν
496 1505 548 1583 μίν
563 1512 640 1583 φημι
661 1503 735 1580 άδην
751 1503 846 1568 ἐλάαν
861 1505 1049 1584 κακότητος.”
1179 1536 1229 1588 ²90

319 1609 382 1674 Ὣς
398 1609 491 1671 εἰπὼν
505 1608 637 1689 σύναγεν
653 1607 793 1687 νεφέλας,
811 1606 934 1688 ἐτάραξε
950 1613 983 1672 δὲ
998 1613 1109 1673 πόντον

282 1713 372 1796 χερσὶ
388 1713 523 1792 τρίαιναν
541 1711 627 1790 έλιύν·
651 1709 751 1776 πάσας
766 1709 791 1774 δ’
807 1711 947 1792 ὀρόθυνεν
964 1712 1078 1779 ἀέλλας

282 1816 431 1880 παντοίων
447 1815 573 1894 ἀνέμων,
591 1814 647 1878 σὺν
662 1818 694 1878 δὲ
710 1814 856 1895 νεφέεσσι
873 1814 992 1896 κάλυψε

284 1925 373 2000 γαῖαν
389 1920 462 1997 ὁμοῦ
478 1920 525 1981 καὶ
542 1917 660 1982 πόντον·
684 1917 790 1998 ὀρύρει
807 1915 836 1980 δ’
848 1919 1008 1998 οὐρανόθεν
1023 1917 1084 1998 νύξ.

285 2023 341 2088 σὺν
356 2021 380 2088 δ’
397 2023 491 2102 Εὖρός
507 2049 538 2086 τε
555 2023 653 2088 Νότος
668 2020 693 2086 τ’
709 2023 821 2086 ἔπεσον
833 2021 968 2104 Ζέφυρός
983 2050 1016 2088 τε
1030 2025 1143 2104 δυσαής
1183 2051 1230 2105 ²95

285 2124 333 2191 καί
349 2128 459 2208 Βορέης
475 2127 694 2209 αἰθρηγενέτης,
710 2128 787 2208 μέγα
806 2132 881 2204 κῦμα
895 2129 1050 2193 κυλίνδων.

284 2228 333 2292 καί
349 2226 410 2293 τότ’
424 2227 595 2304 Ὀδυσσῆος
606 2229 678 2292 λύτο
693 2229 823 2310 γούνατα
839 2227 886 2291 καὶ
903 2230 995 2308 φίλον
1011 2230 1092 2312 ήτορ,

286 2331 422 2414 ὀχθήσας
438 2329 464 2394 δ’
479 2331 534 2411 ἄρα
551 2332 617 2395 εἰπε
632 2337 705 2412 πρὸς
723 2330 757 2394 ὃν
772 2329 962 2412 μεγαλήτορα
977 2336 1080 2412 θυμόν·

329 2442 347 2469 “
357 2435 399 2496 Ὦ
414 2460 464 2514 μοι
483 2436 542 2518 ἐγὼ
558 2436 668 2511 δειλός,
684 2437 714 2497 τί
729 2434 764 2498 νύ
777 2459 828 2512 μοι
843 2433 973 2513 μήκιστα
988 2435 1109 2517 γένηται
1122 2464 1133 2514 ,·

286 2541 373 2602 δείδω
389 2539 429 2618 μὴ
446 2539 481 2617 δή
498 2537 594 2602 πάντα
610 2537 823 2618 θεάρημερτέα
838 2537 929 2614 εἶπεν,
1182 2570 1231 2616 300

285 2645 305 2723 ή
321 2641 350 2724 μ’
368 2640 454 2724 ἔφατ’
471 2646 503 2706 ἐν
518 2643 625 2725 πόντῳ,
643 2642 718 2721 πρὶν
728 2641 856 2720 πατρίδα
868 2645 958 2722 γαῖαν
975 2644 1102 2721 ἱκέσθαι,

287 2744 372 2830 ἄλγε’
388 2743 585 2823 ἀναπλήσειν·
609 2743 646 2807 τὰ
661 2747 693 2808 δὲ
708 2745 744 2822 δή
761 2749 813 2808 νῦν
829 2744 927 2808 πάντα
942 2753 1081 2827 τελεῖται,

287 2833 399 2914 οἵοισιν
415 2850 562 2930 νεφέεσσι
577 2848 755 2928 περιστέφει
771 2847 896 2928 ούρανδν
913 2850 998 2930 εὐρὺν

290 2955 374 3030 Ζεύς,
390 2952 515 3034 ἐτάραξε
532 2954 564 3016 δὲ
580 2953 700 3028 πόντον,
718 2952 938 3036 ἐπισπέρχουσι
954 2953 979 3019 δ’
995 2955 1104 3018 ἄελλαι

288 3059 437 3122 παντοίων
453 3056 578 3134 ἀνέμων·
602 3059 655 3119 νῦν
669 3081 720 3135 μοι
736 3063 798 3122 σῶς
814 3057 901 3124 αἰπὺς
917 3061 1051 3138 ὄλεθρος.
1183 3087 1233 3138 305

290 3159 488 3240 τρισμάκαρες
506 3159 620 3222 Δαναοὶ
634 3161 680 3220 καὶ
696 3159 840 3241 τετράκις,
857 3161 885 3226 οἰ
901 3161 961 3226 τότ’
977 3164 1086 3226 όλοντο

289 3265 385 3348 Τροίῃ
402 3265 433 3326 ἐν
451 3262 557 3347 εὐρείῃ,
573 3259 662 3343 χάριν
677 3260 847 3352 Ἀτρείδῃσι
866 3266 1017 3348 φέροντες.

290 3367 329 3432 ὡς
346 3369 381 3443 δή
397 3366 455 3448 ἐγιύ
472 3363 499 3447 γ’
516 3367 632 3445 ὄφελον
648 3366 765 3440 θανέειν
781 3370 829 3432 καὶ
847 3371 959 3449 πότμον
974 3371 1117 3434 ἐπισπεῖν

289 3469 378 3550 ἤματι
394 3496 433 3553 τῳ
450 3469 500 3532 ὅτε
516 3494 565 3546 μοι
582 3475 723 3534 πλεῖστοι
739 3471 893 3554 χαλκήρεα
909 3477 999 3553 δοῦρα

288 3579 390 3652 Τρῶες
407 3573 574 3655 ἐπέρριψαν
589 3571 656 3655 περί
673 3575 827 3653 Πηλείωνι
843 3577 951 3639 θανόντ
1181 3604 1236 3653 ητα

288 3678 329 3760 τῷ
347 3677 373 3738 κ’
390 3677 504 3760 ἔλαχον
520 3679 655 3759 κτερέων,
671 3679 721 3740 καί
734 3701 789 3756 μευ
806 3675 892 3741 κλέος
908 3583 1131 3944 ww·
