2758 4228
265 347 327 428 890
546 361 595 420 νη.
615 346 850 406 ΟΔΤΣΣΕΙΑΣ
874 346 915 404 Ω.

263 523 284 552 “
293 513 442 596 Ἀτρείδη,
459 512 527 594 περὶ
541 513 597 592 μέν
613 514 642 576 σ’
659 514 775 594 ἔφαμεν
792 515 845 577 Διὶ
860 513 1078 598 τερπικεραύνῳ

263 622 378 700 ἀνδρῶν
392 617 498 699 ἡρώων
515 619 610 699 φίλον
625 618 749 698 ἔμμεναι
764 616 862 696 ἤματα
877 615 984 693 πάντα,

263 725 368 787 ούνεκα
384 725 547 786 πολλοῖσίν
562 746 596 784 τε
612 722 660 784 καὶ
677 721 848 801 ἰφθίμοισιν
860 721 993 787 ἄνασσες

263 824 344 910 δήμῳ
362 826 406 888 ένι
421 825 543 905 Τρώων,
562 825 610 888 όθι
628 824 789 907 πάσχομεν
804 825 889 906 ἄλγε’
904 825 1035 909 Ἀχαιοί.

263 929 281 1009 ἦ
298 929 323 990 τ’
338 927 397 1010 ἀρα
413 930 460 992 καὶ
477 929 527 1013 σρὶ
542 934 620 1009 ’πρῶϊ
635 927 886 1009 παραστήσεσθαι
902 929 1013 1007 ἔμελλε

262 1030 340 1112 μοῖρ’
356 1031 441 1110 ὀλοή,
457 1033 511 1106 τὴν
526 1031 560 1095 ού
575 1057 620 1097 τις
637 1033 777 1096 ἀλεύεται
795 1033 827 1097 ὅς
846 1057 880 1095 κε
893 1030 1024 1114 γένηται.

264 1136 303 1202 ὡς
320 1138 433 1216 ὄφελες
450 1138 535 1213 τιμῆς
552 1133 749 1214 ἀπονήμενος,
766 1135 801 1215 ἧς
819 1161 875 1215 περ
891 1135 1035 1212 ἀνασσες,

263 1235 345 1321 δήμῳ
361 1236 406 1300 ἔνι
420 1236 533 1316 Τρώων
548 1233 676 1299 θάνατον
692 1237 740 1299 καὶ
756 1235 871 1314 πότμον
886 1237 1035 1298 ἐπισπεῖν·

261 1341 303 1424 τῷ
321 1338 371 1403 κέν
387 1364 433 1401 τοι
449 1338 564 1418 τύμβον
578 1340 633 1418 μὲν
649 1337 797 1418 ἐποίησαν
813 1338 993 1421 Παναχαιοί,

155 1510 158 1517 ,
261 1443 315 1521 ἠδέ
330 1469 362 1506 κε
379 1439 426 1506 καὶ
443 1445 486 1527 σῷ
500 1444 585 1506 παιδὶ
599 1440 678 1524 μέγα
695 1444 783 1508 κλέος
797 1440 863 1520 ἤρα’
880 1443 1012 1505 ὀπίσσω·

261 1550 314 1610 νῦν
334 1544 359 1609 δ’
375 1546 431 1626 ἀρα
447 1545 476 1607 σ’
494 1546 633 1629 οἰκτίστῳ
650 1545 767 1628 θανάτῳ
787 1547 909 1625 εἵμαρτο
925 1541 1068 1608 ἀλῶναι.”

304 1654 366 1712 Τὸν
382 1647 407 1712 δ’
423 1649 493 1711 αὖτε
511 1650 597 1730 ψυχὴ
611 1649 828 1729 προσεφώνεεν
842 1647 1008 1729 Ἀτρείδαο·

262 1759 281 1790 “
291 1755 382 1834 ὄλβιε
399 1752 521 1830 Πηλέος
536 1753 592 1832 υἱέ,
608 1757 689 1818 θεοῖς
704 1751 849 1818 ἐπιείκελ’
865 1753 1022 1837 Ἀχιλλεῦ,

262 1856 295 1922 θς
311 1855 397 1922 θάνες
413 1857 445 1919 έν
459 1856 554 1942 Τροίῃ
572 1860 640 1922 ἑκὰς
652 1855 791 1938 Ἀργεος·
814 1852 893 1936 ἀμφὶ
908 1855 941 1920 δέ
957 1852 986 1917 σ’
1001 1856 1093 1918 ἀλλοι

263 1961 413 2024 κτείνοντο
430 1961 543 2041 Τρώων
559 1959 608 2024 καὶ
623 1958 836 2044 Ἀχαιῶννῖες
852 1960 982 2041 ἄριστοι,

261 2064 442 2143 μαρνάμενοι
462 2062 531 2143 περὶ
547 2070 623 2128 σεῖο·
647 2065 685 2128 σὺ
701 2064 727 2128 δ’
743 2067 775 2127 ἐν
794 2063 998 2145 στροφάλιγγι
1015 2064 1114 2140 κονίης

262 2172 346 2231 κεῖσο
361 2167 455 2249 μέγας
469 2171 655 2250 μεγαλωστί,
676 2167 863 2245 λελασμένος
880 2167 1085 2233 ἱπποσυνάων.

261 2269 346 2348 ἡμεῖς
363 2274 395 2335 δὲ
411 2273 530 2353 πρόπαν
545 2270 623 2352 ήμαρ
639 2270 831 2353 ἐμαρνάμεθ’·
855 2270 923 2335 οὐδέ
938 2297 971 2335 κε
986 2269 1111 2349 πάμπαν

261 2375 441 2455 παυσόμεθα
457 2376 616 2454 πτολέμου,
633 2375 714 2455 εἰμὴ
731 2374 807 2441 Ζεὺς
822 2376 950 2438 λαίλαπι
967 2381 1094 2439 παῦσεν.

262 2478 354 2560 αύτάρ
370 2480 436 2543 ἐπεί
453 2478 481 2539 π’
498 2480 548 2542 ἐπὶ
564 2483 637 2557 νῆας
652 2480 807 2557 ἐνείκαμεν
822 2481 855 2541 ἐκ
872 2478 1031 2558 πολέμοιο,

262 2582 408 2661 κάτθεμεν
425 2581 630 2672 ἒνιλεχέεσσι,
646 2580 827 2663 καθήραντες
843 2584 922 2665 χρόα
939 2589 1033 2646 καλὸν

261 2687 347 2750 ύδατί
361 2711 394 2748 τε
410 2688 504 2769 λιαρῷ
521 2683 570 2750 καὶ
586 2687 740 2766 ἀλείφατι·
763 2689 867 2750 πολλὰ
885 2686 918 2750 δέ
934 2687 963 2749 σ’
980 2683 1058 2768 ἀμφὶ

261 2789 371 2871 δάκρυα
388 2789 482 2871 θερμὰ
500 2788 573 2872 χέον
590 2787 704 2853 Δαναοὶ
720 2790 856 2870 κείροντό
870 2816 904 2854 τε
919 2792 1035 2874 χαίτας.
1110 2841 1113 2848 -

261 2893 356 2974 μήτηρ
372 2892 398 2956 δ’
415 2890 450 2971 ἐξ
463 2895 536 2958 ἁλὸς
551 2893 627 2971 ἦλθε
644 2893 702 2956 σὺν
716 2893 865 2980 ἀθανάτῃς
881 2896 1007 2980 ἁλίῃσιν

262 2997 407 3078 ἀγγελίης
424 2994 542 3060 ἀίουσα·
566 2997 627 3075 βοὴ
644 2997 669 3060 δ’
685 2994 735 3060 ἐπὶ
751 2998 863 3062 πόντον
877 2999 983 3080 ὀρώρει

264 3101 422 3178 θεσπεσίη,
439 3099 545 3164 ὑπὸδὲ
561 3102 668 3181 τρόμος
684 3105 803 3180 ἔλλαβε
818 3099 933 3169 πάντας
947 3103 1100 3187 Ἀχαιούς·

263 3203 313 3266 καί
327 3203 362 3266 νύ
378 3203 403 3266 κ’
420 3201 594 3281 ἀνοίξαντες
612 3204 690 3283 ἔβαν
705 3205 808 3271 κοίλας
825 3207 875 3270 ἐπὶ
890 3211 972 3285 νῆας,

265 3309 290 3370 εἰ
305 3307 346 3386 μὴ
362 3307 437 3388 ἀνὴρ
454 3307 595 3389 κατέρυκε
610 3306 728 3372 παλαιά
742 3333 774 3372 τε
790 3308 893 3373 πολλά
907 3337 940 3374 τε
955 3313 1049 3390 είδώς,

264 3410 400 3491 Νέστωρ,
415 3411 450 3473 οὗ
467 3413 515 3474 καὶ
531 3411 664 3492 πρόσθεν
679 3411 787 3492 ἀρίστη
804 3415 930 3493 φαίνετο
944 3413 1055 3494 βουλή·

263 3515 280 3575 ό
297 3521 373 3592 σφιν
388 3514 559 3594 ἐϋφρονέων
575 3515 746 3596 ἀγορήσατο
763 3512 811 3579 καὶ
826 3516 992 3596 μετέειπεν·

263 3628 269 3652 ‘
283 3614 413 3702 ἴσχεσθ’,
429 3614 569 3699 Ἀργεῖοι,
584 3618 625 3698 μή
637 3620 775 3700 φεύγετε,
793 3626 891 3700 κοῦροι
907 3619 1050 3703 Ἀχαιῶν·

263 3719 359 3804 μήτηρ
375 3718 411 3800 ἐξ
424 3722 498 3784 ἁλὸς
509 3721 562 3798 ἥδε
578 3722 635 3785 σὺν
651 3720 799 3808 ἀθανάτῃς
813 3724 938 3809 ἁλίῃσιν
