<?xml version="1.0" encoding="UTF-8"?>
<!DOCTYPE html PUBLIC "-//W3C//DTD XHTML 1.0 Transitional//EN"
    "http://www.w3.org/TR/xhtml1/DTD/xhtml1-transitional.dtd">
<html xmlns="http://www.w3.org/1999/xhtml" xml:lang="en" lang="en">
 <head>
  <title>
</title>
<meta http-equiv="Content-Type" content="text/html;charset=utf-8" />
  <meta name='ocr-system' content='tesseract 3.04.00' />
  <meta name='ocr-capabilities' content='ocr_page ocr_carea ocr_par ocr_line ocrx_word'/>
</head>
<body>
  <div class='ocr_page' id='page_1' title='image "./homerioperaetre00homegoog_0032.png"; bbox 0 0 2746 4228; ppageno 0'>
   <div class='ocr_carea' id='block_1_1' title="bbox 267 351 887 416">
    <p class='ocr_par' dir='ltr' id='par_1_1' title="bbox 267 351 887 416">
     <span class='ocr_line' id='line_1_1' title="bbox 267 351 887 416; baseline 0.011 -8"><span class='ocrx_word' id='word_1_1' title='bbox 267 351 306 409; x_wconf 89' lang='lat'>16</span> <span class='ocrx_word' id='word_1_2' title='bbox 598 367 632 413; x_wconf 85' lang='lat'>-1.</span> <span class='ocrx_word' id='word_1_3' title='bbox 657 352 827 414; x_wconf 79' lang='grc' dir='ltr'><strong>ΙΛῙΑΔΟΣ</strong></span> <span class='ocrx_word' id='word_1_4' title='bbox 850 361 887 416; x_wconf 86' lang='grc' dir='ltr'>Α.</span> 
     </span>
    </p>
   </div>
   <div class='ocr_carea' id='block_1_2' title="bbox 245 515 1209 3582">
    <p class='ocr_par' dir='ltr' id='par_1_2' title="bbox 245 515 1209 3582">
     <span class='ocr_line' id='line_1_2' title="bbox 266 515 915 602; baseline 0.006 -24"><span class='ocrx_word' id='word_1_5' title='bbox 266 516 295 578; x_wconf 81' lang='grc' dir='ltr'>οί</span> <span class='ocrx_word' id='word_1_6' title='bbox 310 517 342 579; x_wconf 69' lang='grc' dir='ltr'>δὲ</span> <span class='ocrx_word' id='word_1_7' title='bbox 357 515 533 598; x_wconf 75' lang='grc' dir='ltr'>πανημέριοι</span> <span class='ocrx_word' id='word_1_8' title='bbox 546 521 649 602; x_wconf 84' lang='grc' dir='ltr'>μολπῇ</span> <span class='ocrx_word' id='word_1_9' title='bbox 666 519 736 584; x_wconf 83' lang='grc' dir='ltr'>θεὸν</span> <span class='ocrx_word' id='word_1_10' title='bbox 752 517 915 586; x_wconf 77' lang='grc' dir='ltr'>ἱλάσκοντο</span> 
     </span>
     <span class='ocr_line' id='line_1_3' title="bbox 265 617 939 704; baseline 0.013 -26"><span class='ocrx_word' id='word_1_11' title='bbox 265 617 359 683; x_wconf 84' lang='grc' dir='ltr'>καλὸν</span> <span class='ocrx_word' id='word_1_12' title='bbox 374 620 523 687; x_wconf 75' lang='grc' dir='ltr'>ἀείδοντες</span> <span class='ocrx_word' id='word_1_13' title='bbox 537 620 668 700; x_wconf 82' lang='grc' dir='ltr'>παιήονα</span> <span class='ocrx_word' id='word_1_14' title='bbox 683 628 782 704; x_wconf 82' lang='grc' dir='ltr'>κοῦροι</span> <span class='ocrx_word' id='word_1_15' title='bbox 796 621 939 704; x_wconf 81' lang='grc' dir='ltr'>Ἀχαιῶν,</span> 
     </span>
     <span class='ocr_line' id='line_1_4' title="bbox 263 719 1070 807; baseline 0.01 -25"><span class='ocrx_word' id='word_1_16' title='bbox 263 719 430 796; x_wconf 78' lang='grc' dir='ltr'>μέλποντες</span> <span class='ocrx_word' id='word_1_17' title='bbox 445 722 597 806; x_wconf 79' lang='grc' dir='ltr'>ἑκάεργον·</span> <span class='ocrx_word' id='word_1_18' title='bbox 621 727 639 789; x_wconf 88' lang='grc' dir='ltr'>δ</span> <span class='ocrx_word' id='word_1_19' title='bbox 654 727 687 790; x_wconf 72' lang='grc' dir='ltr'>δὲ</span> <span class='ocrx_word' id='word_1_20' title='bbox 702 723 798 807; x_wconf 88' lang='grc' dir='ltr'>φρένα</span> <span class='ocrx_word' id='word_1_21' title='bbox 812 723 928 807; x_wconf 86' lang='grc' dir='ltr'>τέρπετ’</span> <span class='ocrx_word' id='word_1_22' title='bbox 945 725 1070 794; x_wconf 84' lang='grc' dir='ltr'>ἀκούων.</span> 
     </span>
     <span class='ocr_line' id='line_1_5' title="bbox 302 821 1209 909; baseline 0.008 -23"><span class='ocrx_word' id='word_1_23' title='bbox 302 821 403 903; x_wconf 89' lang='grc' dir='ltr'>Ἦμος</span> <span class='ocrx_word' id='word_1_24' title='bbox 417 825 442 890; x_wconf 90' lang='grc' dir='ltr'>δ’</span> <span class='ocrx_word' id='word_1_25' title='bbox 458 825 561 906; x_wconf 81' lang='grc' dir='ltr'>ἠέλιος</span> <span class='ocrx_word' id='word_1_26' title='bbox 576 826 682 892; x_wconf 91' lang='grc' dir='ltr'>κατέδυ</span> <span class='ocrx_word' id='word_1_27' title='bbox 697 829 746 892; x_wconf 86' lang='grc' dir='ltr'>καὶ</span> <span class='ocrx_word' id='word_1_28' title='bbox 761 829 812 892; x_wconf 72' lang='grc' dir='ltr'>ἐπὶ</span> <span class='ocrx_word' id='word_1_29' title='bbox 828 827 940 909; x_wconf 81' lang='grc' dir='ltr'>κνέφας</span> <span class='ocrx_word' id='word_1_30' title='bbox 955 827 1040 907; x_wconf 86' lang='grc' dir='ltr'>ήλθε,</span> <span class='ocrx_word' id='word_1_31' title='bbox 1160 852 1209 906; x_wconf 76' lang='lat'>⁴7⁵</span> 
     </span>
     <span class='ocr_line' id='line_1_6' title="bbox 263 927 958 1014; baseline 0.012 -26"><span class='ocrx_word' id='word_1_32' title='bbox 263 927 299 1006; x_wconf 79' lang='grc' dir='ltr'>δὴ</span> <span class='ocrx_word' id='word_1_33' title='bbox 314 928 383 994; x_wconf 86' lang='grc' dir='ltr'>τότε</span> <span class='ocrx_word' id='word_1_34' title='bbox 398 928 582 1009; x_wconf 80' lang='grc' dir='ltr'>κοιμήσαντο</span> <span class='ocrx_word' id='word_1_35' title='bbox 596 933 677 1014; x_wconf 73' lang='grc' dir='ltr'>παρὰ</span> <span class='ocrx_word' id='word_1_36' title='bbox 692 929 863 1013; x_wconf 78' lang='grc' dir='ltr'>πρυμνήσια</span> <span class='ocrx_word' id='word_1_37' title='bbox 878 933 958 1010; x_wconf 84' lang='grc' dir='ltr'>νηός·</span> 
     </span>
     <span class='ocr_line' id='line_1_7' title="bbox 263 1029 979 1116; baseline 0.008 -22"><span class='ocrx_word' id='word_1_38' title='bbox 263 1029 336 1110; x_wconf 87' lang='grc' dir='ltr'>ήμος</span> <span class='ocrx_word' id='word_1_39' title='bbox 351 1030 376 1095; x_wconf 94' lang='grc' dir='ltr'>δ’</span> <span class='ocrx_word' id='word_1_40' title='bbox 392 1031 544 1115; x_wconf 82' lang='grc' dir='ltr'>ἠριγένεια</span> <span class='ocrx_word' id='word_1_41' title='bbox 559 1032 639 1114; x_wconf 89' lang='grc' dir='ltr'>φάνη</span> <span class='ocrx_word' id='word_1_42' title='bbox 654 1033 872 1116; x_wconf 82' lang='grc' dir='ltr'>ῥοδοδάκτυλος</span> <span class='ocrx_word' id='word_1_43' title='bbox 885 1033 979 1107; x_wconf 85' lang='grc' dir='ltr'>Ἠύς,</span> 
     </span>
     <span class='ocr_line' id='line_1_8' title="bbox 262 1134 1152 1222; baseline 0.01 -28"><span class='ocrx_word' id='word_1_44' title='bbox 262 1135 311 1198; x_wconf 84' lang='grc' dir='ltr'>καὶ</span> <span class='ocrx_word' id='word_1_45' title='bbox 326 1134 387 1197; x_wconf 85' lang='grc' dir='ltr'>τότ’</span> <span class='ocrx_word' id='word_1_46' title='bbox 403 1135 495 1200; x_wconf 80' lang='grc' dir='ltr'>ἔπειτ’</span> <span class='ocrx_word' id='word_1_47' title='bbox 511 1135 659 1218; x_wconf 82' lang='grc' dir='ltr'>ἀνάγοντο</span> <span class='ocrx_word' id='word_1_48' title='bbox 672 1135 893 1218; x_wconf 81' lang='grc' dir='ltr'>μετδστρατδν</span> <span class='ocrx_word' id='word_1_49' title='bbox 908 1135 994 1219; x_wconf 81' lang='grc' dir='ltr'>εύρδν</span> <span class='ocrx_word' id='word_1_50' title='bbox 1006 1136 1152 1222; x_wconf 80' lang='grc' dir='ltr'>Ἀχαιῶν·</span> 
     </span>
     <span class='ocr_line' id='line_1_9' title="bbox 260 1225 1036 1322; baseline 0.01 -26"><span class='ocrx_word' id='word_1_51' title='bbox 260 1241 360 1303; x_wconf 83' lang='grc' dir='ltr'>τοῖσιν</span> <span class='ocrx_word' id='word_1_52' title='bbox 374 1236 400 1302; x_wconf 94' lang='grc' dir='ltr'>δ’</span> <span class='ocrx_word' id='word_1_53' title='bbox 414 1225 537 1317; x_wconf 73' lang='grc' dir='ltr'>ἴκμενον</span> <span class='ocrx_word' id='word_1_54' title='bbox 551 1239 638 1321; x_wconf 77' lang='grc' dir='ltr'>οὖρον</span> <span class='ocrx_word' id='word_1_55' title='bbox 653 1241 693 1304; x_wconf 86' lang='grc' dir='ltr'>ίει</span> <span class='ocrx_word' id='word_1_56' title='bbox 708 1238 849 1322; x_wconf 75' lang='grc' dir='ltr'>ἑκάεργος</span> <span class='ocrx_word' id='word_1_57' title='bbox 862 1237 1036 1305; x_wconf 84' lang='grc' dir='ltr'>Ἀπόλλων·</span> 
     </span>
     <span class='ocr_line' id='line_1_10' title="bbox 261 1338 1208 1420; baseline 0.005 -18"><span class='ocrx_word' id='word_1_58' title='bbox 261 1341 290 1403; x_wconf 82' lang='grc' dir='ltr'>οἱ</span> <span class='ocrx_word' id='word_1_59' title='bbox 305 1338 331 1404; x_wconf 92' lang='grc' dir='ltr'>δ’</span> <span class='ocrx_word' id='word_1_60' title='bbox 348 1338 434 1405; x_wconf 84' lang='grc' dir='ltr'>ίστδν</span> <span class='ocrx_word' id='word_1_61' title='bbox 449 1339 592 1420; x_wconf 83' lang='grc' dir='ltr'>στήσαντ’</span> <span class='ocrx_word' id='word_1_62' title='bbox 609 1340 707 1407; x_wconf 82' lang='grc' dir='ltr'>άνάθ</span> <span class='ocrx_word' id='word_1_63' title='bbox 725 1342 810 1406; x_wconf 88' lang='grc' dir='ltr'>ίστία</span> <span class='ocrx_word' id='word_1_64' title='bbox 822 1344 916 1406; x_wconf 82' lang='grc' dir='ltr'>λευκδ</span> <span class='ocrx_word' id='word_1_65' title='bbox 930 1341 1099 1416; x_wconf 85' lang='grc' dir='ltr'>πέτασσαν,</span> <span class='ocrx_word' id='word_1_66' title='bbox 1157 1357 1208 1416; x_wconf 80' lang='lat'>480</span> 
     </span>
     <span class='ocr_line' id='line_1_11' title="bbox 262 1441 1058 1526; baseline 0.008 -24"><span class='ocrx_word' id='word_1_67' title='bbox 262 1443 295 1506; x_wconf 79' lang='grc' dir='ltr'>ἓν</span> <span class='ocrx_word' id='word_1_68' title='bbox 309 1441 334 1506; x_wconf 90' lang='grc' dir='ltr'>δ’</span> <span class='ocrx_word' id='word_1_69' title='bbox 351 1442 459 1523; x_wconf 89' lang='grc' dir='ltr'>άνεμος</span> <span class='ocrx_word' id='word_1_70' title='bbox 473 1447 590 1526; x_wconf 85' lang='grc' dir='ltr'>πρῆσεν</span> <span class='ocrx_word' id='word_1_71' title='bbox 602 1445 700 1524; x_wconf 88' lang='grc' dir='ltr'>μέσον</span> <span class='ocrx_word' id='word_1_72' title='bbox 715 1445 822 1518; x_wconf 81' lang='grc' dir='ltr'>ἱστίον,</span> <span class='ocrx_word' id='word_1_73' title='bbox 839 1445 918 1525; x_wconf 83' lang='grc' dir='ltr'>άμφὶ</span> <span class='ocrx_word' id='word_1_74' title='bbox 933 1446 966 1508; x_wconf 76' lang='grc' dir='ltr'>δὲ</span> <span class='ocrx_word' id='word_1_75' title='bbox 981 1449 1058 1523; x_wconf 81' lang='grc' dir='ltr'>κῦμα</span> 
     </span>
     <span class='ocr_line' id='line_1_12' title="bbox 262 1545 972 1631; baseline 0.007 -23"><span class='ocrx_word' id='word_1_76' title='bbox 262 1545 365 1631; x_wconf 85' lang='grc' dir='ltr'>στείρῃ</span> <span class='ocrx_word' id='word_1_77' title='bbox 380 1546 552 1629; x_wconf 92' lang='grc' dir='ltr'>πορφύρεον</span> <span class='ocrx_word' id='word_1_78' title='bbox 564 1546 672 1630; x_wconf 84' lang='grc' dir='ltr'>μεγάλ’</span> <span class='ocrx_word' id='word_1_79' title='bbox 688 1550 759 1631; x_wconf 89' lang='grc' dir='ltr'>ίαχε</span> <span class='ocrx_word' id='word_1_80' title='bbox 773 1547 844 1626; x_wconf 85' lang='grc' dir='ltr'>νηὸς</span> <span class='ocrx_word' id='word_1_81' title='bbox 859 1546 972 1625; x_wconf 88' lang='grc' dir='ltr'>ίούσης·</span> 
     </span>
     <span class='ocr_line' id='line_1_13' title="bbox 259 1646 1018 1733; baseline 0.004 -23"><span class='ocrx_word' id='word_1_82' title='bbox 259 1646 277 1724; x_wconf 87' lang='grc' dir='ltr'>ἡ</span> <span class='ocrx_word' id='word_1_83' title='bbox 294 1647 319 1710; x_wconf 93' lang='grc' dir='ltr'>δ’</span> <span class='ocrx_word' id='word_1_84' title='bbox 336 1648 422 1714; x_wconf 80' lang='grc' dir='ltr'>ἔθεεν</span> <span class='ocrx_word' id='word_1_85' title='bbox 436 1652 512 1714; x_wconf 73' lang='grc' dir='ltr'>κατὰ</span> <span class='ocrx_word' id='word_1_86' title='bbox 526 1655 604 1729; x_wconf 80' lang='grc' dir='ltr'>κῦμα</span> <span class='ocrx_word' id='word_1_87' title='bbox 619 1649 851 1733; x_wconf 88' lang='grc' dir='ltr'>διαπρήσσουσα</span> <span class='ocrx_word' id='word_1_88' title='bbox 866 1649 1018 1716; x_wconf 89' lang='grc' dir='ltr'>κέλευθον.</span> 
     </span>
     <span class='ocr_line' id='line_1_14' title="bbox 254 1750 1085 1836; baseline 0.007 -24"><span class='ocrx_word' id='word_1_89' title='bbox 254 1750 351 1833; x_wconf 84' lang='grc' dir='ltr'>αύτᾶρ</span> <span class='ocrx_word' id='word_1_90' title='bbox 366 1752 434 1816; x_wconf 77' lang='grc' dir='ltr'>ἐπεί</span> <span class='ocrx_word' id='word_1_91' title='bbox 445 1751 477 1835; x_wconf 84' lang='grc' dir='ltr'>ῥ’</span> <span class='ocrx_word' id='word_1_92' title='bbox 488 1755 594 1819; x_wconf 79' lang='grc' dir='ltr'>’ίκοντο</span> <span class='ocrx_word' id='word_1_93' title='bbox 609 1756 685 1818; x_wconf 76' lang='grc' dir='ltr'>κατὰ</span> <span class='ocrx_word' id='word_1_94' title='bbox 700 1753 829 1835; x_wconf 87' lang='grc' dir='ltr'>στρατὸν</span> <span class='ocrx_word' id='word_1_95' title='bbox 843 1751 929 1834; x_wconf 83' lang='grc' dir='ltr'>εύρδν</span> <span class='ocrx_word' id='word_1_96' title='bbox 941 1751 1085 1836; x_wconf 76' lang='grc' dir='ltr'>Ἀχαιῶν,</span> 
     </span>
     <span class='ocr_line' id='line_1_15' title="bbox 252 1854 1203 1938; baseline -0.003 -16"><span class='ocrx_word' id='word_1_97' title='bbox 252 1857 315 1933; x_wconf 79' lang='grc' dir='ltr'>,νῆα</span> <span class='ocrx_word' id='word_1_98' title='bbox 328 1856 384 1934; x_wconf 71' lang='grc' dir='ltr'>μὲν</span> <span class='ocrx_word' id='word_1_99' title='bbox 399 1856 431 1920; x_wconf 71' lang='lat' dir='ltr'>ot</span> <span class='ocrx_word' id='word_1_100' title='bbox 441 1881 479 1938; x_wconf 93' lang='grc' dir='ltr'>γε</span> <span class='ocrx_word' id='word_1_101' title='bbox 491 1855 639 1936; x_wconf 86' lang='grc' dir='ltr'>μέλαιναν</span> <span class='ocrx_word' id='word_1_102' title='bbox 653 1856 699 1920; x_wconf 80' lang='grc' dir='ltr'>ἐπ’</span> <span class='ocrx_word' id='word_1_103' title='bbox 714 1856 850 1936; x_wconf 85' lang='grc' dir='ltr'>ἠπείροιο</span> <span class='ocrx_word' id='word_1_104' title='bbox 864 1854 998 1936; x_wconf 76' lang='grc' dir='ltr'>ἔρυσσαν</span> <span class='ocrx_word' id='word_1_105' title='bbox 1154 1870 1203 1933; x_wconf 81' lang='lat'>485</span> 
     </span>
     <span class='ocr_line' id='line_1_16' title="bbox 257 1955 1112 2041; baseline 0.006 -22"><span class='ocrx_word' id='word_1_106' title='bbox 257 1958 338 2037; x_wconf 79' lang='grc' dir='ltr'>ὑψοῦ</span> <span class='ocrx_word' id='word_1_107' title='bbox 353 1958 404 2022; x_wconf 79' lang='grc' dir='ltr'>ἐπὶ</span> <span class='ocrx_word' id='word_1_108' title='bbox 417 1958 582 2041; x_wconf 74' lang='grc' dir='ltr'>ψαμάθοις,</span> <span class='ocrx_word' id='word_1_109' title='bbox 597 1958 655 2023; x_wconf 84' lang='grc' dir='ltr'>ύπδ</span> <span class='ocrx_word' id='word_1_110' title='bbox 670 1957 695 2023; x_wconf 89' lang='grc' dir='ltr'>δ’</span> <span class='ocrx_word' id='word_1_111' title='bbox 712 1959 824 2039; x_wconf 80' lang='grc' dir='ltr'>ἕρματα</span> <span class='ocrx_word' id='word_1_112' title='bbox 836 1958 940 2038; x_wconf 56' lang='grc' dir='ltr'>μακρὰ,</span> <span class='ocrx_word' id='word_1_113' title='bbox 948 1955 1112 2024; x_wconf 86' lang='grc' dir='ltr'>τάνυσσαν·</span> 
     </span>
     <span class='ocr_line' id='line_1_17' title="bbox 258 2057 991 2129; baseline 0.004 -9"><span class='ocrx_word' id='word_1_114' title='bbox 258 2058 342 2126; x_wconf 80' lang='grc' dir='ltr'>αὐτοὶ</span> <span class='ocrx_word' id='word_1_115' title='bbox 357 2059 382 2125; x_wconf 93' lang='grc' dir='ltr'>δ’</span> <span class='ocrx_word' id='word_1_116' title='bbox 399 2062 575 2129; x_wconf 79' lang='grc' dir='ltr'>ἐσκίδναντο</span> <span class='ocrx_word' id='word_1_117' title='bbox 591 2063 666 2126; x_wconf 73' lang='grc' dir='ltr'>κατὰ</span> <span class='ocrx_word' id='word_1_118' title='bbox 681 2060 803 2126; x_wconf 90' lang='grc' dir='ltr'>κλισίας</span> <span class='ocrx_word' id='word_1_119' title='bbox 816 2083 851 2123; x_wconf 93' lang='grc' dir='ltr'>τε</span> <span class='ocrx_word' id='word_1_120' title='bbox 864 2057 934 2126; x_wconf 91' lang='grc' dir='ltr'>νέας</span> <span class='ocrx_word' id='word_1_121' title='bbox 948 2084 991 2123; x_wconf 92' lang='grc' dir='ltr'>τε.</span> 
     </span>
     <span class='ocr_line' id='line_1_18' title="bbox 283 2161 1017 2247; baseline -0.004 -19"><span class='ocrx_word' id='word_1_122' title='bbox 283 2163 400 2247; x_wconf 82' lang='grc' dir='ltr'>,Αύτδρ</span> <span class='ocrx_word' id='word_1_123' title='bbox 415 2167 432 2229; x_wconf 90' lang='grc' dir='ltr'>δ</span> <span class='ocrx_word' id='word_1_124' title='bbox 445 2164 534 2245; x_wconf 90' lang='grc' dir='ltr'>μήνιε</span> <span class='ocrx_word' id='word_1_125' title='bbox 548 2166 637 2244; x_wconf 85' lang='grc' dir='ltr'>νηυσὶ</span> <span class='ocrx_word' id='word_1_126' title='bbox 651 2161 820 2244; x_wconf 87' lang='grc' dir='ltr'>παρήμενος</span> <span class='ocrx_word' id='word_1_127' title='bbox 834 2161 1017 2243; x_wconf 78' lang='grc' dir='ltr'>ὠκυπόροισι</span> 
     </span>
     <span class='ocr_line' id='line_1_19' title="bbox 245 2265 1007 2348; baseline 0.004 -20"><span class='ocrx_word' id='word_1_128' title='bbox 245 2266 393 2348; x_wconf 75' lang='grc' dir='ltr'>Ι’διογενής</span> <span class='ocrx_word' id='word_1_129' title='bbox 408 2266 532 2345; x_wconf 88' lang='grc' dir='ltr'>Πηλέος</span> <span class='ocrx_word' id='word_1_130' title='bbox 544 2269 620 2340; x_wconf 85' lang='grc' dir='ltr'>υίύς,</span> <span class='ocrx_word' id='word_1_131' title='bbox 635 2268 729 2331; x_wconf 90' lang='grc' dir='ltr'>πόδας</span> <span class='ocrx_word' id='word_1_132' title='bbox 744 2265 820 2330; x_wconf 81' lang='grc' dir='ltr'>ὠκὺς</span> <span class='ocrx_word' id='word_1_133' title='bbox 832 2265 1007 2346; x_wconf 88' lang='grc' dir='ltr'>Ἀχιλλεύς·</span> 
     </span>
     <span class='ocr_line' id='line_1_20' title="bbox 256 2366 1201 2452; baseline 0.001 -21"><span class='ocrx_word' id='word_1_134' title='bbox 256 2369 324 2435; x_wconf 84' lang='grc' dir='ltr'>οὔτε</span> <span class='ocrx_word' id='word_1_135' title='bbox 338 2369 404 2434; x_wconf 86' lang='grc' dir='ltr'>ποτ’</span> <span class='ocrx_word' id='word_1_136' title='bbox 421 2372 464 2436; x_wconf 87' lang='grc' dir='ltr'>είς</span> <span class='ocrx_word' id='word_1_137' title='bbox 479 2368 593 2452; x_wconf 78' lang='grc' dir='ltr'>ἀγορὴν</span> <span class='ocrx_word' id='word_1_138' title='bbox 606 2368 783 2433; x_wconf 83' lang='grc' dir='ltr'>πωλέσκετο</span> <span class='ocrx_word' id='word_1_139' title='bbox 798 2366 984 2449; x_wconf 87' lang='grc' dir='ltr'>κυδιάνειραν</span> <span class='ocrx_word' id='word_1_140' title='bbox 1151 2397 1201 2448; x_wconf 82' lang='lat'>490</span> 
     </span>
     <span class='ocr_line' id='line_1_21' title="bbox 256 2471 1086 2555; baseline 0.002 -21"><span class='ocrx_word' id='word_1_141' title='bbox 256 2472 324 2537; x_wconf 87' lang='grc' dir='ltr'>ούτε</span> <span class='ocrx_word' id='word_1_142' title='bbox 338 2472 404 2537; x_wconf 88' lang='grc' dir='ltr'>ποτ’</span> <span class='ocrx_word' id='word_1_143' title='bbox 421 2474 452 2539; x_wconf 79' lang='grc' dir='ltr'>ἐς</span> <span class='ocrx_word' id='word_1_144' title='bbox 466 2473 610 2551; x_wconf 88' lang='grc' dir='ltr'>πόλεμον,</span> <span class='ocrx_word' id='word_1_145' title='bbox 627 2473 709 2536; x_wconf 83' lang='grc' dir='ltr'>δλλδ</span> <span class='ocrx_word' id='word_1_146' title='bbox 724 2471 907 2553; x_wconf 81' lang='grc' dir='ltr'>φθινύθεσκε</span> <span class='ocrx_word' id='word_1_147' title='bbox 922 2471 1017 2553; x_wconf 93' lang='grc' dir='ltr'>φίλον</span> <span class='ocrx_word' id='word_1_148' title='bbox 1031 2477 1086 2555; x_wconf 84' lang='grc' dir='ltr'>κῆρ</span> 
     </span>
     <span class='ocr_line' id='line_1_22' title="bbox 254 2572 1028 2655; baseline 0.003 -18"><span class='ocrx_word' id='word_1_149' title='bbox 254 2575 323 2639; x_wconf 75' lang='grc' dir='ltr'>αὖθι</span> <span class='ocrx_word' id='word_1_150' title='bbox 336 2574 444 2655; x_wconf 83' lang='grc' dir='ltr'>μένων,</span> <span class='ocrx_word' id='word_1_151' title='bbox 460 2573 608 2639; x_wconf 88' lang='grc' dir='ltr'>ποθέεσκε</span> <span class='ocrx_word' id='word_1_152' title='bbox 623 2573 647 2638; x_wconf 90' lang='grc' dir='ltr'>δ’</span> <span class='ocrx_word' id='word_1_153' title='bbox 664 2572 756 2653; x_wconf 83' lang='grc' dir='ltr'>άΰτήν</span> <span class='ocrx_word' id='word_1_154' title='bbox 770 2598 804 2638; x_wconf 93' lang='grc' dir='ltr'>τε</span> <span class='ocrx_word' id='word_1_155' title='bbox 818 2575 971 2654; x_wconf 86' lang='grc' dir='ltr'>πτόλεμόν</span> <span class='ocrx_word' id='word_1_156' title='bbox 984 2600 1028 2640; x_wconf 91' lang='grc' dir='ltr'>τε.</span> 
     </span>
     <span class='ocr_line' id='line_1_23' title="bbox 297 2674 1055 2760; baseline 0.008 -20"><span class='ocrx_word' id='word_1_157' title='bbox 297 2677 385 2741; x_wconf 91' lang='grc' dir='ltr'>Ἀλλ’</span> <span class='ocrx_word' id='word_1_158' title='bbox 402 2679 453 2743; x_wconf 84' lang='grc' dir='ltr'>ὅτε</span> <span class='ocrx_word' id='word_1_159' title='bbox 467 2674 504 2757; x_wconf 92' lang='grc' dir='ltr'>δή</span> <span class='ocrx_word' id='word_1_160' title='bbox 517 2675 549 2760; x_wconf 80' lang='grc' dir='ltr'>ῥ’</span> <span class='ocrx_word' id='word_1_161' title='bbox 565 2677 598 2740; x_wconf 80' lang='grc' dir='ltr'>ἐκ</span> <span class='ocrx_word' id='word_1_162' title='bbox 612 2681 678 2740; x_wconf 86' lang='grc' dir='ltr'>τοῖο</span> <span class='ocrx_word' id='word_1_163' title='bbox 693 2675 859 2756; x_wconf 83' lang='grc' dir='ltr'>δυωδεκάτη</span> <span class='ocrx_word' id='word_1_164' title='bbox 874 2676 969 2760; x_wconf 89' lang='grc' dir='ltr'>γένετ’</span> <span class='ocrx_word' id='word_1_165' title='bbox 985 2677 1055 2758; x_wconf 80' lang='grc' dir='ltr'>ἠύς,</span> 
     </span>
     <span class='ocr_line' id='line_1_24' title="bbox 256 2777 1061 2861; baseline 0.007 -17"><span class='ocrx_word' id='word_1_166' title='bbox 256 2782 306 2845; x_wconf 84' lang='grc' dir='ltr'>καὶ</span> <span class='ocrx_word' id='word_1_167' title='bbox 320 2782 389 2845; x_wconf 87' lang='grc' dir='ltr'>τότε</span> <span class='ocrx_word' id='word_1_168' title='bbox 403 2779 439 2859; x_wconf 69' lang='grc' dir='ltr'>δή</span> <span class='ocrx_word' id='word_1_169' title='bbox 454 2779 529 2861; x_wconf 88' lang='grc' dir='ltr'>πρδς</span> <span class='ocrx_word' id='word_1_170' title='bbox 539 2777 701 2858; x_wconf 86' lang='grc' dir='ltr'>Ὀλυμπον</span> <span class='ocrx_word' id='word_1_171' title='bbox 713 2783 787 2846; x_wconf 85' lang='grc' dir='ltr'>ίσον</span> <span class='ocrx_word' id='word_1_172' title='bbox 802 2781 866 2845; x_wconf 82' lang='grc' dir='ltr'>θεοὶ</span> <span class='ocrx_word' id='word_1_173' title='bbox 881 2783 946 2847; x_wconf 75' lang='grc' dir='ltr'>αίέν</span> <span class='ocrx_word' id='word_1_174' title='bbox 960 2783 1061 2850; x_wconf 75' lang='grc' dir='ltr'>ἐόντες</span> 
     </span>
     <span class='ocr_line' id='line_1_25' title="bbox 256 2880 1198 2966; baseline -0.005 -19"><span class='ocrx_word' id='word_1_175' title='bbox 256 2882 365 2950; x_wconf 90' lang='grc' dir='ltr'>πάντες</span> <span class='ocrx_word' id='word_1_176' title='bbox 387 2882 457 2961; x_wconf 79' lang='grc' dir='ltr'>ἅμα,</span> <span class='ocrx_word' id='word_1_177' title='bbox 484 2880 559 2949; x_wconf 85' lang='grc' dir='ltr'>Ζεδς</span> <span class='ocrx_word' id='word_1_178' title='bbox 585 2881 610 2946; x_wconf 92' lang='grc' dir='ltr'>δ’</span> <span class='ocrx_word' id='word_1_179' title='bbox 634 2881 719 2966; x_wconf 78' lang='grc' dir='ltr'>ἦρχε·</span> <span class='ocrx_word' id='word_1_180' title='bbox 754 2883 846 2950; x_wconf 87' lang='grc' dir='ltr'>Θέτις</span> <span class='ocrx_word' id='word_1_181' title='bbox 869 2883 894 2947; x_wconf 91' lang='grc' dir='ltr'>δ’</span> <span class='ocrx_word' id='word_1_182' title='bbox 921 2884 956 2947; x_wconf 84' lang='grc' dir='ltr'>οὐ</span> <span class='ocrx_word' id='word_1_183' title='bbox 981 2885 1082 2964; x_wconf 91' lang='grc' dir='ltr'>λήθετ’</span> <span class='ocrx_word' id='word_1_184' title='bbox 1110 2889 1198 2965; x_wconf 84' lang='grc' dir='ltr'>ε’φετ.</span> 
     </span>
     <span class='ocr_line' id='line_1_26' title="bbox 340 2985 1198 3066; baseline 0.02 -19"><span class='ocrx_word' id='word_1_185' title='bbox 340 2985 421 3064; x_wconf 80' lang='grc' dir='ltr'>μέων</span> <span class='ocrx_word' id='word_1_186' title='bbox 1149 3017 1198 3066; x_wconf 80' lang='lat'>⁴⁹5</span> 
     </span>
     <span class='ocr_line' id='line_1_27' title="bbox 255 3084 1052 3171; baseline 0.006 -19"><span class='ocrx_word' id='word_1_187' title='bbox 255 3087 360 3154; x_wconf 81' lang='grc' dir='ltr'>παιδὸς</span> <span class='ocrx_word' id='word_1_188' title='bbox 374 3090 435 3159; x_wconf 82' lang='grc' dir='ltr'>έοῢ,</span> <span class='ocrx_word' id='word_1_189' title='bbox 451 3084 521 3150; x_wconf 78' lang='grc' dir='ltr'>ἄλλ’</span> <span class='ocrx_word' id='word_1_190' title='bbox 535 3087 557 3168; x_wconf 84' lang='grc' dir='ltr'>ἥ</span> <span class='ocrx_word' id='word_1_191' title='bbox 570 3086 599 3171; x_wconf 93' lang='grc' dir='ltr'>γ’</span> <span class='ocrx_word' id='word_1_192' title='bbox 615 3087 777 3155; x_wconf 85' lang='grc' dir='ltr'>άυεδύσετο</span> <span class='ocrx_word' id='word_1_193' title='bbox 792 3094 868 3170; x_wconf 82' lang='grc' dir='ltr'>κῦμα</span> <span class='ocrx_word' id='word_1_194' title='bbox 883 3089 1052 3169; x_wconf 85' lang='grc' dir='ltr'>θαλάσσης,</span> 
     </span>
     <span class='ocr_line' id='line_1_28' title="bbox 255 3187 980 3274; baseline 0.004 -21"><span class='ocrx_word' id='word_1_195' title='bbox 255 3191 337 3271; x_wconf 86' lang='grc' dir='ltr'>ήερίη</span> <span class='ocrx_word' id='word_1_196' title='bbox 354 3189 379 3253; x_wconf 90' lang='grc' dir='ltr'>δ’</span> <span class='ocrx_word' id='word_1_197' title='bbox 396 3187 492 3270; x_wconf 81' lang='grc' dir='ltr'>ἀνέβη</span> <span class='ocrx_word' id='word_1_198' title='bbox 506 3189 603 3273; x_wconf 90' lang='grc' dir='ltr'>μέγαν</span> <span class='ocrx_word' id='word_1_199' title='bbox 618 3191 743 3274; x_wconf 84' lang='grc' dir='ltr'>ούρανδν</span> <span class='ocrx_word' id='word_1_200' title='bbox 757 3192 923 3272; x_wconf 86' lang='grc' dir='ltr'>Ούλυμπύν</span> <span class='ocrx_word' id='word_1_201' title='bbox 937 3218 980 3257; x_wconf 90' lang='grc' dir='ltr'>τε.</span> 
     </span>
     <span class='ocr_line' id='line_1_29' title="bbox 255 3291 1017 3376; baseline 0.003 -18"><span class='ocrx_word' id='word_1_202' title='bbox 255 3294 339 3374; x_wconf 79' lang='grc' dir='ltr'>εὗρεν</span> <span class='ocrx_word' id='word_1_203' title='bbox 354 3291 378 3356; x_wconf 90' lang='grc' dir='ltr'>δ’</span> <span class='ocrx_word' id='word_1_204' title='bbox 396 3292 525 3374; x_wconf 87' lang='grc' dir='ltr'>εύρύοπα</span> <span class='ocrx_word' id='word_1_205' title='bbox 540 3295 687 3376; x_wconf 89' lang='grc' dir='ltr'>Κρονίδην</span> <span class='ocrx_word' id='word_1_206' title='bbox 702 3294 773 3376; x_wconf 84' lang='grc' dir='ltr'>άπερ</span> <span class='ocrx_word' id='word_1_207' title='bbox 786 3291 898 3375; x_wconf 84' lang='grc' dir='ltr'>ἥμενον</span> <span class='ocrx_word' id='word_1_208' title='bbox 912 3295 1017 3360; x_wconf 78' lang='grc' dir='ltr'>ἄλλων</span> 
     </span>
     <span class='ocr_line' id='line_1_30' title="bbox 256 3393 963 3482; baseline 0 -22"><span class='ocrx_word' id='word_1_209' title='bbox 256 3393 402 3482; x_wconf 81' lang='grc' dir='ltr'>ἀκροτάτη</span> <span class='ocrx_word' id='word_1_210' title='bbox 419 3397 533 3482; x_wconf 90' lang='grc' dir='ltr'>κορυφῇ</span> <span class='ocrx_word' id='word_1_211' title='bbox 548 3396 762 3479; x_wconf 89' lang='grc' dir='ltr'>πολυδειράδος</span> <span class='ocrx_word' id='word_1_212' title='bbox 776 3397 963 3478; x_wconf 83' lang='grc' dir='ltr'>Ούλύμποιο·</span> 
     </span>
     <span class='ocr_line' id='line_1_31' title="bbox 255 3497 1200 3582; baseline 0.004 -20"><span class='ocrx_word' id='word_1_213' title='bbox 255 3499 305 3563; x_wconf 90' lang='grc' dir='ltr'>καί</span> <span class='ocrx_word' id='word_1_214' title='bbox 317 3500 356 3581; x_wconf 83' lang='grc' dir='ltr'>ῥα</span> <span class='ocrx_word' id='word_1_215' title='bbox 370 3497 486 3581; x_wconf 78' lang='grc' dir='ltr'>πάροιθ’</span> <span class='ocrx_word' id='word_1_216' title='bbox 503 3498 605 3562; x_wconf 80' lang='grc' dir='ltr'>αὐτοῖο</span> <span class='ocrx_word' id='word_1_217' title='bbox 620 3498 768 3578; x_wconf 78' lang='grc' dir='ltr'>καθέζετο,</span> <span class='ocrx_word' id='word_1_218' title='bbox 786 3501 834 3564; x_wconf 82' lang='grc' dir='ltr'>καὶ</span> <span class='ocrx_word' id='word_1_219' title='bbox 848 3498 931 3580; x_wconf 85' lang='grc' dir='ltr'>λάβε</span> <span class='ocrx_word' id='word_1_220' title='bbox 944 3501 1059 3582; x_wconf 84' lang='grc' dir='ltr'>γούνων</span> <span class='ocrx_word' id='word_1_221' title='bbox 1149 3528 1200 3578; x_wconf 76' lang='lat'>500</span> 
     </span>
    </p>
   </div>
   <div class='ocr_carea' id='block_1_3' title="bbox 255 3600 1004 3794">
    <p class='ocr_par' dir='ltr' id='par_1_3' title="bbox 255 3600 1004 3794">
     <span class='ocr_line' id='line_1_32' title="bbox 255 3600 996 3691; baseline 0.001 -25"><span class='ocrx_word' id='word_1_222' title='bbox 255 3604 355 3691; x_wconf 87' lang='grc' dir='ltr'>σκαιῇ,</span> <span class='ocrx_word' id='word_1_223' title='bbox 371 3602 504 3689; x_wconf 78' lang='grc' dir='ltr'>δεξιτερῇ</span> <span class='ocrx_word' id='word_1_224' title='bbox 520 3600 544 3665; x_wconf 90' lang='grc' dir='ltr'>δ’</span> <span class='ocrx_word' id='word_1_225' title='bbox 561 3600 606 3682; x_wconf 79' lang='grc' dir='ltr'>ἄρ’</span> <span class='ocrx_word' id='word_1_226' title='bbox 621 3601 669 3665; x_wconf 81' lang='grc' dir='ltr'>ὑπ’</span> <span class='ocrx_word' id='word_1_227' title='bbox 686 3604 867 3684; x_wconf 82' lang='grc' dir='ltr'>άνθερειδνος</span> <span class='ocrx_word' id='word_1_228' title='bbox 882 3606 996 3667; x_wconf 81' lang='grc' dir='ltr'>ἑλοῦσα</span> 
     </span>
     <span class='ocr_line' id='line_1_33' title="bbox 256 3703 1004 3794; baseline -0.001 -25"><span class='ocrx_word' id='word_1_229' title='bbox 256 3705 423 3786; x_wconf 89' lang='grc' dir='ltr'>λισσομένη</span> <span class='ocrx_word' id='word_1_230' title='bbox 439 3703 603 3784; x_wconf 89' lang='grc' dir='ltr'>προσέειπε</span> <span class='ocrx_word' id='word_1_231' title='bbox 616 3704 677 3768; x_wconf 92' lang='grc' dir='ltr'>Δία</span> <span class='ocrx_word' id='word_1_232' title='bbox 692 3705 847 3770; x_wconf 82' lang='grc' dir='ltr'>Κρονίωνα</span> <span class='ocrx_word' id='word_1_233' title='bbox 861 3705 984 3770; x_wconf 82' lang='grc' dir='ltr'>ἄνακτα·</span> <span class='ocrx_word' id='word_1_234' title='bbox 1000 3785 1004 3794; x_wconf 32' lang='grc'><strong>,</strong></span> 
     </span>
    </p>
   </div>
   <div class='ocr_carea' id='block_1_4' title="bbox 0 0 1378 4228">
    <p class='ocr_par' dir='ltr' id='par_1_4' title="bbox 0 0 1378 4228">
     <span class='ocr_line' id='line_1_34' title="bbox 0 0 1378 4228; baseline 0 2"><span class='ocrx_word' id='word_1_235' title='bbox 0 0 1378 4228; x_wconf 95' lang='lat' dir='ltr'> </span> 
     </span>
    </p>
   </div>
  </div>
 </body>
</html>
