2760 4232
683 657 792 732 XIV.

547 878 608 956 Εἰς
634 879 785 978 Μητέρα
813 877 921 952 Θεῶν.

305 1083 431 1164 Μητέρα
443 1110 494 1163 μοι
513 1082 632 1148 πάντων
647 1110 680 1147 τε
695 1089 772 1148 θεῶν
788 1085 908 1149 πάντων
923 1083 947 1148 τ’
965 1086 1129 1166 άνθριύπων

260 1190 352 1268 ὕμνει,
371 1193 482 1252 Μοῦσα
497 1175 607 1269 λίγεια,
623 1188 697 1254 Διὸς
713 1189 845 1271 θυγάτηρ
862 1189 1018 1270 μεγάλοιο,

260 1291 279 1378 ή
296 1293 450 1371 κροτάλων
464 1291 601 1356 τυπάνων
616 1289 643 1356 τ’
658 1294 728 1376 ἰαχή
745 1293 801 1356 σύν
816 1318 849 1356 τε
863 1294 978 1373 βρόμος
994 1293 1095 1356 αύλῶν
1200 1357 1202 1373 ¹

262 1396 375 1473 εὔαδεν,
391 1396 443 1474 ἠδὲ
458 1396 558 1460 λύκων
573 1396 691 1479 κλαγγὴ
707 1401 849 1478 χαροπῶν
865 1421 897 1460 τε
912 1397 1053 1471 λεόντων,

260 1497 349 1579 ούρεά
364 1498 389 1560 τ’
405 1498 536 1580 ἠχήεντα
554 1501 602 1563 καὶ
617 1498 759 1577 ὑλήεντες
775 1500 905 1563 ἔναυλοι.
1193 1527 1207 1577 5

305 1599 361 1664 Καὶ
378 1602 416 1666 σὺ
430 1605 486 1679 μὲν
501 1604 577 1664 οὕτω
592 1608 679 1684 χαῖρε
693 1604 761 1666 θεαί
778 1600 804 1664 θ’
819 1603 881 1682 άμα
894 1606 992 1667 πᾶσαι
1008 1604 1103 1691 άοιδῇ.

687 2033 777 2126 κνς

449 2274 510 2352 Εἰς
536 2269 721 2374 Ἠρακλέα
746 2273 1007 2370 Λεοντόθυμον.

301 2464 465 2547 Ἡρακλέα,
483 2465 558 2532 Διὸς
572 2465 646 2542 υἱόν,
663 2465 813 2542 ἀείσομαι,
829 2461 863 2525 ὃν
877 2458 944 2544 μέγ’
960 2461 1084 2542 άριστου

258 2569 369 2650 γείνατ’
387 2571 568 2653 ἐπιχθονίων
584 2569 694 2654 Θήβῃς
709 2569 753 2633 ἔνι
771 2566 1002 2650 καλλιχόροισιν

186 2739 187 2746 ,
256 2670 408 2752 Ἀλκμήνη
424 2679 569 2757 μιχθεῖσα
586 2671 761 2753 κελαινεφέϊ
777 2671 933 2755 Κρονίωνυ

257 2777 290 2843 ὃς
304 2776 374 2860 πρὶν
388 2780 443 2857 μὲν
460 2778 533 2842 κατὰ
549 2779 637 2860 γαῖαν
653 2776 830 2857 ἀθέσφατον
844 2774 897 2854 ἠδὲ
913 2770 1075 2836 θάλασσαν

216 2901 236 2959 )
255 2880 441 2958 πλαζόμενος
456 2883 613 2968 πομπῇσιν
629 2879 677 2944 ὕπ’
695 2880 867 2959 Εὐρυσθῆος
881 2877 1009 2941 άυακτος
1188 2904 1202 2952 5

222 3013 229 3026 ·
254 2982 443 3060 πλαζόμενος
457 2982 619 3063 πημαίνεό,
635 2982 787 3048 ἀεθλεύων
802 2984 835 3046 δὲ
852 2987 1006 3063 κραταιῶς·
1162 2988 1204 3056 5⁸

256 3088 359 3149 πολλὰ
373 3090 427 3168 μὲν
443 3089 530 3154 αὐτὸς
545 3087 647 3170 ἔρεξεν
663 3085 830 3165 ἀτάσθαλα,
840 3083 940 3176 Ὶέξοχα
955 3084 1039 3166 ἔργα·

256 3192 309 3252 νῦν
324 3188 350 3254 δ’
365 3190 421 3270 ἤδη
440 3191 514 3256 κατὰ
529 3197 622 3254 καλὸν
637 3191 702 3256 ἕδος
717 3190 876 3273 νιφόεντος
889 3185 1047 3269 Ὀλύμπου

256 3292 331 3356 ναίει
347 3296 528 3374 τερπόμενος
544 3296 593 3357 καὶ
608 3293 672 3376 ἔχει
690 3295 901 3375 καλλίσφυρον
911 3289 1027 3373 Ἥβην.

298 3401 402 3479 Χαῖρε,
417 3398 500 3478 ἄναξ,
518 3404 591 3466 Διὸς
606 3397 662 3462 υἱέ·
685 3398 766 3460 διθου
781 3398 806 3462 δ’
823 3395 931 3479 άρεπήν
945 3422 978 3460 τε
994 3396 1044 3461 καὶ
1060 3396 1167 3477 ὄλβον.

288 3589 360 3639 XIV.
378 3602 393 3651 3
402 3587 490 3651 βρόμος
500 3590 562 3654 Mp;
579 3586 667 3651 τρόμος
677 3605 702 3641 x.
778 3590 836 3640 XV.
856 3606 869 3655 5
883 3606 932 3640 om.
945 3591 981 3640 M.
1053 3594 1079 3653 5¹
1091 3605 1141 3638 om.
1153 3605 1201 3653 φῖ

254 3667 370 3729 κραταιῶς
388 3668 435 3716 M:
457 3665 482 3716 δὲ
500 3668 557 3717 add.
577 3667 657 3732 Ilgen.
768 3667 784 3719 6
801 3665 883 3718 πολλὰ
901 3667 921 3716 δ’
944 3666 1036 3732 άνίτλη
1055 3683 1101 3733 pro
1123 3665 1201 3729 ἔξοχα

255 3743 315 3808 ἔργα
338 3763 381 3812 xp,
399 3744 508 3796 conferas
519 3746 551 3794 ad
562 3745 595 3794 X.
607 3747 643 3809 4⁸.
