<?xml version="1.0" encoding="UTF-8"?>
<!DOCTYPE html PUBLIC "-//W3C//DTD XHTML 1.0 Transitional//EN"
    "http://www.w3.org/TR/xhtml1/DTD/xhtml1-transitional.dtd">
<html xmlns="http://www.w3.org/1999/xhtml" xml:lang="en" lang="en">
 <head>
  <title>
</title>
<meta http-equiv="Content-Type" content="text/html;charset=utf-8" />
  <meta name='ocr-system' content='tesseract 3.04.00' />
  <meta name='ocr-capabilities' content='ocr_page ocr_carea ocr_par ocr_line ocrx_word'/>
</head>
<body>
  <div class='ocr_page' id='page_1' title='image "./homerioperaetre00homegoog_0909.png"; bbox 0 0 2758 4228; ppageno 0'>
   <div class='ocr_carea' id='block_1_1' title="bbox 244 305 917 392">
    <p class='ocr_par' dir='ltr' id='par_1_1' title="bbox 244 305 917 392">
     <span class='ocr_line' id='line_1_1' title="bbox 244 305 917 392; baseline 0 -22"><span class='ocrx_word' id='word_1_1' title='bbox 244 325 309 392; x_wconf 74' lang='lat'>904</span> <span class='ocrx_word' id='word_1_2' title='bbox 534 319 584 381; x_wconf 85' lang='lat'>24.</span> <span class='ocrx_word' id='word_1_3' title='bbox 614 305 848 370; x_wconf 71' lang='grc' dir='ltr'>ΟΔὙΣΣΕΙΑΣ</span> <span class='ocrx_word' id='word_1_4' title='bbox 878 307 917 370; x_wconf 67' lang='lat' dir='ltr'>st</span> 
     </span>
    </p>
   </div>
   <div class='ocr_carea' id='block_1_2' title="bbox 247 474 1210 3762">
    <p class='ocr_par' dir='ltr' id='par_1_2' title="bbox 247 474 1200 974">
     <span class='ocr_line' id='line_1_2' title="bbox 247 474 947 559; baseline -0.009 -15"><span class='ocrx_word' id='word_1_5' title='bbox 247 477 339 559; x_wconf 85' lang='grc' dir='ltr'>αθτάρ</span> <span class='ocrx_word' id='word_1_6' title='bbox 354 475 497 554; x_wconf 81' lang='grc' dir='ltr'>Ἀθηναίη</span> <span class='ocrx_word' id='word_1_7' title='bbox 514 479 598 555; x_wconf 79' lang='grc' dir='ltr'>Ζῆνα</span> <span class='ocrx_word' id='word_1_8' title='bbox 613 475 769 554; x_wconf 79' lang='grc' dir='ltr'>Κρονίωνα</span> <span class='ocrx_word' id='word_1_9' title='bbox 783 474 947 555; x_wconf 78' lang='grc' dir='ltr'>προσηύδα·</span> 
     </span>
     <span class='ocr_line' id='line_1_3' title="bbox 247 579 1003 664; baseline -0.005 -18"><span class='ocrx_word' id='word_1_10' title='bbox 247 581 298 646; x_wconf 81' lang='grc' dir='ltr'>“ιδ</span> <span class='ocrx_word' id='word_1_11' title='bbox 315 581 408 664; x_wconf 84' lang='grc' dir='ltr'>πάτερ</span> <span class='ocrx_word' id='word_1_12' title='bbox 423 579 555 661; x_wconf 77' lang='grc' dir='ltr'>ἡμέτερε,</span> <span class='ocrx_word' id='word_1_13' title='bbox 572 580 711 660; x_wconf 79' lang='grc' dir='ltr'>Κρονίδη,</span> <span class='ocrx_word' id='word_1_14' title='bbox 725 581 820 644; x_wconf 80' lang='grc' dir='ltr'>ὕπατε</span> <span class='ocrx_word' id='word_1_15' title='bbox 836 580 1003 661; x_wconf 80' lang='grc' dir='ltr'>κρειόντων,</span> 
     </span>
     <span class='ocr_line' id='line_1_4' title="bbox 248 682 1034 770; baseline -0.008 -18"><span class='ocrx_word' id='word_1_16' title='bbox 248 687 314 752; x_wconf 86' lang='grc' dir='ltr'>είπέ</span> <span class='ocrx_word' id='word_1_17' title='bbox 327 711 379 765; x_wconf 90' lang='grc' dir='ltr'>μοι</span> <span class='ocrx_word' id='word_1_18' title='bbox 396 683 542 770; x_wconf 77' lang='grc' dir='ltr'>εἰρομένη,</span> <span class='ocrx_word' id='word_1_19' title='bbox 559 684 590 746; x_wconf 88' lang='grc' dir='ltr'>τί</span> <span class='ocrx_word' id='word_1_20' title='bbox 604 683 638 746; x_wconf 86' lang='grc' dir='ltr'>νύ</span> <span class='ocrx_word' id='word_1_21' title='bbox 653 708 700 746; x_wconf 92' lang='grc' dir='ltr'>τοι</span> <span class='ocrx_word' id='word_1_22' title='bbox 716 684 785 749; x_wconf 92' lang='grc' dir='ltr'>νόος</span> <span class='ocrx_word' id='word_1_23' title='bbox 800 682 902 748; x_wconf 82' lang='grc' dir='ltr'>ἔνδοθι</span> <span class='ocrx_word' id='word_1_24' title='bbox 917 683 1034 756; x_wconf 66' lang='grc' dir='ltr'>κεύθεις</span> 
     </span>
     <span class='ocr_line' id='line_1_5' title="bbox 248 783 1200 873; baseline -0.003 -19"><span class='ocrx_word' id='word_1_25' title='bbox 248 789 266 869; x_wconf 83' lang='grc' dir='ltr'>ἢ</span> <span class='ocrx_word' id='word_1_26' title='bbox 282 787 415 873; x_wconf 87' lang='grc' dir='ltr'>προτέρω</span> <span class='ocrx_word' id='word_1_27' title='bbox 431 787 566 865; x_wconf 92' lang='grc' dir='ltr'>πόλεμόν</span> <span class='ocrx_word' id='word_1_28' title='bbox 582 812 615 850; x_wconf 91' lang='grc' dir='ltr'>τε</span> <span class='ocrx_word' id='word_1_29' title='bbox 630 785 723 850; x_wconf 90' lang='grc' dir='ltr'>κοκδν</span> <span class='ocrx_word' id='word_1_30' title='bbox 738 783 786 850; x_wconf 83' lang='grc' dir='ltr'>καὶ</span> <span class='ocrx_word' id='word_1_31' title='bbox 801 787 938 866; x_wconf 80' lang='grc' dir='ltr'>φύλοπιν</span> <span class='ocrx_word' id='word_1_32' title='bbox 952 787 1039 864; x_wconf 81' lang='grc' dir='ltr'>αίνὴν</span> <span class='ocrx_word' id='word_1_33' title='bbox 1148 808 1200 862; x_wconf 83' lang='lat'>475</span> 
     </span>
     <span class='ocr_line' id='line_1_6' title="bbox 248 887 1062 974; baseline -0.006 -16"><span class='ocrx_word' id='word_1_34' title='bbox 248 894 372 973; x_wconf 79' lang='grc' dir='ltr'>τεύξεις,</span> <span class='ocrx_word' id='word_1_35' title='bbox 388 892 407 972; x_wconf 86' lang='grc' dir='ltr'>ή</span> <span class='ocrx_word' id='word_1_36' title='bbox 422 892 573 974; x_wconf 85' lang='grc' dir='ltr'>φιλότητα</span> <span class='ocrx_word' id='word_1_37' title='bbox 588 887 651 967; x_wconf 88' lang='grc' dir='ltr'>μετ’</span> <span class='ocrx_word' id='word_1_38' title='bbox 668 889 868 972; x_wconf 82' lang='grc' dir='ltr'>ἀμφοτέροισι</span> <span class='ocrx_word' id='word_1_39' title='bbox 883 890 1013 968; x_wconf 86' lang='grc' dir='ltr'>τίθησθα</span> <span class='ocrx_word' id='word_1_40' title='bbox 1023 915 1034 963; x_wconf 87' lang='grc'>,·</span> <span class='ocrx_word' id='word_1_41' title='bbox 1045 888 1062 916; x_wconf 87' lang='grc'>”</span> 
     </span>
    </p>

    <p class='ocr_par' dir='ltr' id='par_1_3' title="bbox 250 987 1202 2007">
     <span class='ocr_line' id='line_1_7' title="bbox 292 987 1155 1073; baseline -0.001 -17"><span class='ocrx_word' id='word_1_42' title='bbox 292 993 357 1072; x_wconf 82' lang='grc' dir='ltr'>Τὴν</span> <span class='ocrx_word' id='word_1_43' title='bbox 372 992 397 1056; x_wconf 89' lang='grc' dir='ltr'>δ’</span> <span class='ocrx_word' id='word_1_44' title='bbox 413 990 658 1071; x_wconf 80' lang='grc' dir='ltr'>ἀπαμειβόμενος</span> <span class='ocrx_word' id='word_1_45' title='bbox 673 989 813 1071; x_wconf 84' lang='grc' dir='ltr'>προσέφη</span> <span class='ocrx_word' id='word_1_46' title='bbox 828 989 1055 1073; x_wconf 83' lang='grc' dir='ltr'>νεφεληγερέτα</span> <span class='ocrx_word' id='word_1_47' title='bbox 1070 987 1155 1055; x_wconf 88' lang='grc' dir='ltr'>Ζεύς·</span> 
     </span>
     <span class='ocr_line' id='line_1_8' title="bbox 250 1093 1079 1177; baseline 0 -17"><span class='ocrx_word' id='word_1_48' title='bbox 250 1106 267 1134; x_wconf 87' lang='grc'>“</span> <span class='ocrx_word' id='word_1_49' title='bbox 281 1097 382 1162; x_wconf 90' lang='grc' dir='ltr'>τέκνον</span> <span class='ocrx_word' id='word_1_50' title='bbox 399 1096 481 1176; x_wconf 88' lang='grc' dir='ltr'>ἐμόν,</span> <span class='ocrx_word' id='word_1_51' title='bbox 498 1095 529 1158; x_wconf 91' lang='grc' dir='ltr'>τί</span> <span class='ocrx_word' id='word_1_52' title='bbox 541 1120 578 1172; x_wconf 87' lang='grc' dir='ltr'>με</span> <span class='ocrx_word' id='word_1_53' title='bbox 593 1098 686 1156; x_wconf 84' lang='grc' dir='ltr'>τοῦτο</span> <span class='ocrx_word' id='word_1_54' title='bbox 701 1093 823 1175; x_wconf 86' lang='grc' dir='ltr'>διείρεαι</span> <span class='ocrx_word' id='word_1_55' title='bbox 839 1093 891 1171; x_wconf 75' lang='grc' dir='ltr'>ἠδὲ</span> <span class='ocrx_word' id='word_1_56' title='bbox 905 1097 1059 1177; x_wconf 75' lang='grc' dir='ltr'>μεταλλᾷς</span> <span class='ocrx_word' id='word_1_57' title='bbox 1068 1118 1079 1168; x_wconf 89' lang='grc'>,·</span> 
     </span>
     <span class='ocr_line' id='line_1_9' title="bbox 251 1196 990 1283; baseline -0.007 -17"><span class='ocrx_word' id='word_1_58' title='bbox 251 1203 285 1266; x_wconf 81' lang='grc' dir='ltr'>οὗ</span> <span class='ocrx_word' id='word_1_59' title='bbox 299 1203 357 1283; x_wconf 86' lang='grc' dir='ltr'>γδρ</span> <span class='ocrx_word' id='word_1_60' title='bbox 372 1199 408 1278; x_wconf 76' lang='grc' dir='ltr'>δὴ</span> <span class='ocrx_word' id='word_1_61' title='bbox 423 1204 530 1262; x_wconf 83' lang='grc' dir='ltr'>τοῦτον</span> <span class='ocrx_word' id='word_1_62' title='bbox 543 1199 601 1276; x_wconf 73' lang='grc' dir='ltr'>μὲν</span> <span class='ocrx_word' id='word_1_63' title='bbox 616 1196 805 1276; x_wconf 77' lang='grc' dir='ltr'>ἐβούλευσας</span> <span class='ocrx_word' id='word_1_64' title='bbox 821 1199 892 1262; x_wconf 90' lang='grc' dir='ltr'>νόον</span> <span class='ocrx_word' id='word_1_65' title='bbox 907 1196 990 1277; x_wconf 86' lang='grc' dir='ltr'>αύτή,</span> 
     </span>
     <span class='ocr_line' id='line_1_10' title="bbox 251 1299 1201 1384; baseline -0.005 -15"><span class='ocrx_word' id='word_1_66' title='bbox 251 1305 289 1371; x_wconf 82' lang='grc' dir='ltr'>ὣς</span> <span class='ocrx_word' id='word_1_67' title='bbox 305 1304 324 1384; x_wconf 86' lang='grc' dir='ltr'>ή</span> <span class='ocrx_word' id='word_1_68' title='bbox 339 1329 385 1366; x_wconf 92' lang='grc' dir='ltr'>τοι</span> <span class='ocrx_word' id='word_1_69' title='bbox 404 1304 520 1368; x_wconf 84' lang='grc' dir='ltr'>κείνους</span> <span class='ocrx_word' id='word_1_70' title='bbox 537 1299 683 1366; x_wconf 81' lang='grc' dir='ltr'>Ὀδυσεὺς</span> <span class='ocrx_word' id='word_1_71' title='bbox 698 1300 871 1365; x_wconf 78' lang='grc' dir='ltr'>ἀποτίσεται</span> <span class='ocrx_word' id='word_1_72' title='bbox 887 1302 1007 1376; x_wconf 83' lang='grc' dir='ltr'>ἐλθόν,·</span> <span class='ocrx_word' id='word_1_73' title='bbox 1149 1315 1201 1378; x_wconf 82' lang='lat'>480</span> 
     </span>
     <span class='ocr_line' id='line_1_11' title="bbox 251 1403 1002 1490; baseline 0 -17"><span class='ocrx_word' id='word_1_74' title='bbox 251 1407 339 1490; x_wconf 84' lang='grc' dir='ltr'>ἔρξον</span> <span class='ocrx_word' id='word_1_75' title='bbox 355 1408 435 1472; x_wconf 82' lang='grc' dir='ltr'>ὅπως</span> <span class='ocrx_word' id='word_1_76' title='bbox 451 1405 576 1469; x_wconf 90' lang='grc' dir='ltr'>ἐθέλεις·</span> <span class='ocrx_word' id='word_1_77' title='bbox 600 1403 672 1487; x_wconf 88' lang='grc' dir='ltr'>ἐρέω</span> <span class='ocrx_word' id='word_1_78' title='bbox 689 1404 723 1468; x_wconf 86' lang='grc' dir='ltr'>δέ</span> <span class='ocrx_word' id='word_1_79' title='bbox 737 1429 785 1468; x_wconf 93' lang='grc' dir='ltr'>τοι</span> <span class='ocrx_word' id='word_1_80' title='bbox 801 1404 841 1470; x_wconf 78' lang='grc' dir='ltr'>ὥς</span> <span class='ocrx_word' id='word_1_81' title='bbox 856 1404 1002 1473; x_wconf 87' lang='grc' dir='ltr'>ἐπέοικεν.</span> 
     </span>
     <span class='ocr_line' id='line_1_12' title="bbox 250 1507 971 1590; baseline -0.003 -14"><span class='ocrx_word' id='word_1_82' title='bbox 250 1513 317 1576; x_wconf 85' lang='grc' dir='ltr'>ἐπεὶ</span> <span class='ocrx_word' id='word_1_83' title='bbox 333 1511 368 1590; x_wconf 77' lang='grc' dir='ltr'>δή</span> <span class='ocrx_word' id='word_1_84' title='bbox 383 1512 558 1590; x_wconf 80' lang='grc' dir='ltr'>μνηστῆρας</span> <span class='ocrx_word' id='word_1_85' title='bbox 575 1509 697 1571; x_wconf 85' lang='grc' dir='ltr'>ἐτίσατο</span> <span class='ocrx_word' id='word_1_86' title='bbox 713 1512 777 1573; x_wconf 91' lang='grc' dir='ltr'>δῖος</span> <span class='ocrx_word' id='word_1_87' title='bbox 791 1507 971 1587; x_wconf 87' lang='grc' dir='ltr'>Ὀδυσσεύς,</span> 
     </span>
     <span class='ocr_line' id='line_1_13' title="bbox 251 1603 1094 1697; baseline 0 -21"><span class='ocrx_word' id='word_1_88' title='bbox 251 1618 336 1697; x_wconf 86' lang='grc' dir='ltr'>ὅρκια</span> <span class='ocrx_word' id='word_1_89' title='bbox 350 1616 446 1678; x_wconf 85' lang='grc' dir='ltr'>πιστά</span> <span class='ocrx_word' id='word_1_90' title='bbox 461 1613 605 1692; x_wconf 87' lang='grc' dir='ltr'>ταμόντες</span> <span class='ocrx_word' id='word_1_91' title='bbox 620 1612 637 1674; x_wconf 87' lang='grc' dir='ltr'>ό</span> <span class='ocrx_word' id='word_1_92' title='bbox 651 1612 707 1690; x_wconf 79' lang='grc' dir='ltr'>μὲν</span> <span class='ocrx_word' id='word_1_93' title='bbox 721 1612 914 1691; x_wconf 86' lang='grc' dir='ltr'>βασιλευέτω</span> <span class='ocrx_word' id='word_1_94' title='bbox 930 1614 1000 1692; x_wconf 87' lang='grc' dir='ltr'>αίεί,</span> <span class='ocrx_word' id='word_1_95' title='bbox 1093 1603 1094 1608; x_wconf 23' lang='lat'>¹</span> 
     </span>
     <span class='ocr_line' id='line_1_14' title="bbox 251 1713 984 1798; baseline -0.001 -16"><span class='ocrx_word' id='word_1_96' title='bbox 251 1719 336 1798; x_wconf 81' lang='grc' dir='ltr'>ἡμεῖς</span> <span class='ocrx_word' id='word_1_97' title='bbox 352 1715 378 1782; x_wconf 90' lang='grc' dir='ltr'>δ’</span> <span class='ocrx_word' id='word_1_98' title='bbox 393 1716 430 1780; x_wconf 83' lang='grc' dir='ltr'>αδ</span> <span class='ocrx_word' id='word_1_99' title='bbox 445 1716 560 1780; x_wconf 89' lang='grc' dir='ltr'>παίδων</span> <span class='ocrx_word' id='word_1_100' title='bbox 574 1741 607 1778; x_wconf 87' lang='grc' dir='ltr'>τε</span> <span class='ocrx_word' id='word_1_101' title='bbox 623 1713 812 1796; x_wconf 78' lang='grc' dir='ltr'>κασιγνήτων</span> <span class='ocrx_word' id='word_1_102' title='bbox 827 1741 860 1779; x_wconf 91' lang='grc' dir='ltr'>τε</span> <span class='ocrx_word' id='word_1_103' title='bbox 876 1719 984 1796; x_wconf 90' lang='grc' dir='ltr'>φόνοιο</span> 
     </span>
     <span class='ocr_line' id='line_1_15' title="bbox 252 1817 1202 1902; baseline -0.005 -15"><span class='ocrx_word' id='word_1_104' title='bbox 252 1825 379 1902; x_wconf 91' lang='grc' dir='ltr'>ἔκλησιν</span> <span class='ocrx_word' id='word_1_105' title='bbox 395 1820 519 1900; x_wconf 87' lang='grc' dir='ltr'>θέωμεν·</span> <span class='ocrx_word' id='word_1_106' title='bbox 539 1817 585 1883; x_wconf 86' lang='grc' dir='ltr'>τοὶ</span> <span class='ocrx_word' id='word_1_107' title='bbox 600 1818 626 1882; x_wconf 90' lang='grc' dir='ltr'>δ’</span> <span class='ocrx_word' id='word_1_108' title='bbox 641 1817 797 1897; x_wconf 78' lang='grc' dir='ltr'>ἀλλήλους</span> <span class='ocrx_word' id='word_1_109' title='bbox 812 1820 984 1899; x_wconf 88' lang='grc' dir='ltr'>φιλεόντων</span> <span class='ocrx_word' id='word_1_110' title='bbox 1152 1835 1202 1897; x_wconf 81' lang='lat'>4⁸5</span> 
     </span>
     <span class='ocr_line' id='line_1_16' title="bbox 253 1920 1051 2007; baseline -0.005 -17"><span class='ocrx_word' id='word_1_111' title='bbox 253 1927 291 1994; x_wconf 79' lang='grc' dir='ltr'>ὡς</span> <span class='ocrx_word' id='word_1_112' title='bbox 308 1932 341 1989; x_wconf 86' lang='grc' dir='ltr'>τὸ</span> <span class='ocrx_word' id='word_1_113' title='bbox 357 1925 461 2007; x_wconf 86' lang='grc' dir='ltr'>πόρος,</span> <span class='ocrx_word' id='word_1_114' title='bbox 477 1928 609 1990; x_wconf 82' lang='grc' dir='ltr'>πλοῦτος</span> <span class='ocrx_word' id='word_1_115' title='bbox 626 1923 658 1986; x_wconf 84' lang='grc' dir='ltr'>δὲ</span> <span class='ocrx_word' id='word_1_116' title='bbox 675 1920 724 1986; x_wconf 77' lang='grc' dir='ltr'>καί</span> <span class='ocrx_word' id='word_1_117' title='bbox 740 1922 842 2004; x_wconf 83' lang='grc' dir='ltr'>εῖρήνη</span> <span class='ocrx_word' id='word_1_118' title='bbox 859 1922 927 1990; x_wconf 85' lang='grc' dir='ltr'>ἀλις</span> <span class='ocrx_word' id='word_1_119' title='bbox 944 1923 1051 1988; x_wconf 88' lang='grc' dir='ltr'>ἔστω.”</span> 
     </span>
    </p>

    <p class='ocr_par' dir='ltr' id='par_1_4' title="bbox 253 2025 1016 2214">
     <span class='ocr_line' id='line_1_17' title="bbox 289 2025 1016 2108; baseline 0 -16"><span class='ocrx_word' id='word_1_120' title='bbox 289 2029 353 2096; x_wconf 69' lang='grc' dir='ltr'>ΔΩς</span> <span class='ocrx_word' id='word_1_121' title='bbox 370 2030 463 2093; x_wconf 79' lang='grc' dir='ltr'>εἰπὸν</span> <span class='ocrx_word' id='word_1_122' title='bbox 479 2027 589 2108; x_wconf 80' lang='grc' dir='ltr'>ὤτρυνε</span> <span class='ocrx_word' id='word_1_123' title='bbox 603 2025 698 2108; x_wconf 82' lang='grc' dir='ltr'>πόρος</span> <span class='ocrx_word' id='word_1_124' title='bbox 712 2031 860 2106; x_wconf 82' lang='grc' dir='ltr'>μεμαυῖαν</span> <span class='ocrx_word' id='word_1_125' title='bbox 874 2025 1016 2108; x_wconf 88' lang='grc' dir='ltr'>Ἀθήνην,</span> 
     </span>
     <span class='ocr_line' id='line_1_18' title="bbox 253 2128 906 2214; baseline -0.003 -16"><span class='ocrx_word' id='word_1_126' title='bbox 253 2138 296 2214; x_wconf 82' lang='grc' dir='ltr'>βῆ</span> <span class='ocrx_word' id='word_1_127' title='bbox 312 2135 345 2198; x_wconf 83' lang='grc' dir='ltr'>δέ</span> <span class='ocrx_word' id='word_1_128' title='bbox 361 2132 424 2197; x_wconf 89' lang='grc' dir='ltr'>κατ’</span> <span class='ocrx_word' id='word_1_129' title='bbox 440 2131 618 2210; x_wconf 80' lang='grc' dir='ltr'>Οὐλύμποιο</span> <span class='ocrx_word' id='word_1_130' title='bbox 634 2129 769 2210; x_wconf 89' lang='grc' dir='ltr'>καρήνων</span> <span class='ocrx_word' id='word_1_131' title='bbox 784 2128 906 2210; x_wconf 76' lang='grc' dir='ltr'>ἀίξασα</span> 
     </span>
    </p>

    <p class='ocr_par' dir='ltr' id='par_1_5' title="bbox 254 2233 1210 3557">
     <span class='ocr_line' id='line_1_19' title="bbox 297 2233 1066 2315; baseline -0.007 -13"><span class='ocrx_word' id='word_1_132' title='bbox 297 2240 337 2302; x_wconf 84' lang='grc' dir='ltr'>Οῖ</span> <span class='ocrx_word' id='word_1_133' title='bbox 353 2237 379 2301; x_wconf 89' lang='grc' dir='ltr'>δ’</span> <span class='ocrx_word' id='word_1_134' title='bbox 395 2233 461 2300; x_wconf 87' lang='grc' dir='ltr'>ἐπεὶ</span> <span class='ocrx_word' id='word_1_135' title='bbox 476 2234 529 2298; x_wconf 78' lang='grc' dir='ltr'>οὖν</span> <span class='ocrx_word' id='word_1_136' title='bbox 545 2236 642 2298; x_wconf 90' lang='grc' dir='ltr'>σίτοιο</span> <span class='ocrx_word' id='word_1_137' title='bbox 656 2234 841 2315; x_wconf 87' lang='grc' dir='ltr'>μελίφρονος</span> <span class='ocrx_word' id='word_1_138' title='bbox 857 2233 893 2313; x_wconf 84' lang='grc' dir='ltr'>ἐξ</span> <span class='ocrx_word' id='word_1_139' title='bbox 906 2234 974 2315; x_wconf 94' lang='grc' dir='ltr'>ἔρον</span> <span class='ocrx_word' id='word_1_140' title='bbox 988 2234 1066 2312; x_wconf 88' lang='grc' dir='ltr'>ἔντο,</span> 
     </span>
     <span class='ocr_line' id='line_1_20' title="bbox 254 2337 1205 2423; baseline -0.001 -20"><span class='ocrx_word' id='word_1_141' title='bbox 254 2347 317 2408; x_wconf 93' lang='grc' dir='ltr'>τοῖς</span> <span class='ocrx_word' id='word_1_142' title='bbox 332 2341 389 2423; x_wconf 80' lang='grc' dir='ltr'>ἄρα</span> <span class='ocrx_word' id='word_1_143' title='bbox 403 2341 503 2420; x_wconf 89' lang='grc' dir='ltr'>μύθων</span> <span class='ocrx_word' id='word_1_144' title='bbox 520 2337 595 2420; x_wconf 86' lang='grc' dir='ltr'>ήρχε</span> <span class='ocrx_word' id='word_1_145' title='bbox 610 2337 764 2404; x_wconf 85' lang='grc' dir='ltr'>πολύτλας</span> <span class='ocrx_word' id='word_1_146' title='bbox 779 2343 842 2404; x_wconf 85' lang='grc' dir='ltr'>δῖος</span> <span class='ocrx_word' id='word_1_147' title='bbox 857 2337 1034 2405; x_wconf 88' lang='grc' dir='ltr'>Ὀδυσσεύς·</span> <span class='ocrx_word' id='word_1_148' title='bbox 1153 2367 1205 2416; x_wconf 86' lang='lat'>490</span> 
     </span>
     <span class='ocr_line' id='line_1_21' title="bbox 256 2438 1032 2524; baseline 0 -16"><span class='ocrx_word' id='word_1_149' title='bbox 256 2450 276 2480; x_wconf 92' lang='lat'><strong>“</strong></span> <span class='ocrx_word' id='word_1_150' title='bbox 291 2443 425 2522; x_wconf 79' lang='grc' dir='ltr'>ἐξελθών</span> <span class='ocrx_word' id='word_1_151' title='bbox 440 2467 486 2507; x_wconf 91' lang='grc' dir='ltr'>τις</span> <span class='ocrx_word' id='word_1_152' title='bbox 501 2445 560 2505; x_wconf 85' lang='grc' dir='ltr'>ίδοι</span> <span class='ocrx_word' id='word_1_153' title='bbox 576 2440 616 2522; x_wconf 79' lang='grc' dir='ltr'>μή</span> <span class='ocrx_word' id='word_1_154' title='bbox 633 2440 669 2519; x_wconf 79' lang='grc' dir='ltr'>δή</span> <span class='ocrx_word' id='word_1_155' title='bbox 686 2440 800 2524; x_wconf 88' lang='grc' dir='ltr'>σχεδδν</span> <span class='ocrx_word' id='word_1_156' title='bbox 813 2438 872 2505; x_wconf 83' lang='grc' dir='ltr'>ὦσι</span> <span class='ocrx_word' id='word_1_157' title='bbox 887 2440 1032 2508; x_wconf 80' lang='grc' dir='ltr'>κιόντες.”</span> 
     </span>
     <span class='ocr_line' id='line_1_22' title="bbox 257 2539 1007 2624; baseline -0.004 -17"><span class='ocrx_word' id='word_1_158' title='bbox 257 2545 296 2610; x_wconf 80' lang='grc' dir='ltr'>ὣς</span> <span class='ocrx_word' id='word_1_159' title='bbox 312 2541 409 2624; x_wconf 76' lang='grc' dir='ltr'>ἔφατ’·</span> <span class='ocrx_word' id='word_1_160' title='bbox 434 2544 466 2604; x_wconf 86' lang='grc' dir='ltr'>ἔκ</span> <span class='ocrx_word' id='word_1_161' title='bbox 482 2539 507 2604; x_wconf 90' lang='grc' dir='ltr'>δ’</span> <span class='ocrx_word' id='word_1_162' title='bbox 523 2540 587 2607; x_wconf 86' lang='grc' dir='ltr'>υίδς</span> <span class='ocrx_word' id='word_1_163' title='bbox 604 2542 719 2604; x_wconf 91' lang='grc' dir='ltr'>Δολίου</span> <span class='ocrx_word' id='word_1_164' title='bbox 735 2540 806 2616; x_wconf 88' lang='grc' dir='ltr'>κίεν,</span> <span class='ocrx_word' id='word_1_165' title='bbox 823 2540 862 2606; x_wconf 81' lang='grc' dir='ltr'>ὦς</span> <span class='ocrx_word' id='word_1_166' title='bbox 878 2541 1007 2617; x_wconf 83' lang='grc' dir='ltr'>ἐκέλευε,</span> 
     </span>
     <span class='ocr_line' id='line_1_23' title="bbox 257 2643 1167 2728; baseline -0.002 -19"><span class='ocrx_word' id='word_1_167' title='bbox 257 2649 312 2724; x_wconf 81' lang='grc' dir='ltr'>στῆ</span> <span class='ocrx_word' id='word_1_168' title='bbox 328 2646 353 2710; x_wconf 89' lang='grc' dir='ltr'>δ’</span> <span class='ocrx_word' id='word_1_169' title='bbox 368 2643 414 2727; x_wconf 83' lang='grc' dir='ltr'>ἀρ’</span> <span class='ocrx_word' id='word_1_170' title='bbox 430 2643 477 2709; x_wconf 92' lang='grc' dir='ltr'>ἐπ’</span> <span class='ocrx_word' id='word_1_171' title='bbox 494 2645 582 2708; x_wconf 83' lang='grc' dir='ltr'>οὐδὸν</span> <span class='ocrx_word' id='word_1_172' title='bbox 599 2645 659 2719; x_wconf 77' lang='grc' dir='ltr'>ἰόν,</span> <span class='ocrx_word' id='word_1_173' title='bbox 676 2643 743 2712; x_wconf 80' lang='grc' dir='ltr'>τοὺς</span> <span class='ocrx_word' id='word_1_174' title='bbox 757 2646 791 2708; x_wconf 77' lang='grc' dir='ltr'>δὲ</span> <span class='ocrx_word' id='word_1_175' title='bbox 806 2650 921 2728; x_wconf 86' lang='grc' dir='ltr'>σχεδὸν</span> <span class='ocrx_word' id='word_1_176' title='bbox 937 2645 1030 2710; x_wconf 73' lang='grc' dir='ltr'>εἴσιδε</span> <span class='ocrx_word' id='word_1_177' title='bbox 1045 2645 1167 2713; x_wconf 83' lang='grc' dir='ltr'>πάντας.</span> 
     </span>
     <span class='ocr_line' id='line_1_24' title="bbox 257 2747 1002 2832; baseline -0.001 -18"><span class='ocrx_word' id='word_1_178' title='bbox 257 2752 336 2832; x_wconf 67' lang='grc' dir='ltr'>αῖήιο</span> <span class='ocrx_word' id='word_1_179' title='bbox 351 2747 376 2814; x_wconf 90' lang='grc' dir='ltr'>δ’</span> <span class='ocrx_word' id='word_1_180' title='bbox 393 2748 553 2826; x_wconf 76' lang='grc' dir='ltr'>Ὀδυσσῆα</span> <span class='ocrx_word' id='word_1_181' title='bbox 569 2749 643 2812; x_wconf 90' lang='grc' dir='ltr'>ἔπεα</span> <span class='ocrx_word' id='word_1_182' title='bbox 659 2747 823 2829; x_wconf 87' lang='grc' dir='ltr'>πτερόεντα</span> <span class='ocrx_word' id='word_1_183' title='bbox 837 2749 1002 2829; x_wconf 83' lang='grc' dir='ltr'>προσηύδα·</span> 
     </span>
     <span class='ocr_line' id='line_1_25' title="bbox 258 2848 1207 2936; baseline 0.001 -19"><span class='ocrx_word' id='word_1_184' title='bbox 258 2860 278 2890; x_wconf 83' lang='grc'><strong>“</strong></span> <span class='ocrx_word' id='word_1_185' title='bbox 290 2855 352 2918; x_wconf 79' lang='grc' dir='ltr'>οἵδε</span> <span class='ocrx_word' id='word_1_186' title='bbox 370 2853 405 2932; x_wconf 78' lang='grc' dir='ltr'>δὴ</span> <span class='ocrx_word' id='word_1_187' title='bbox 422 2852 511 2936; x_wconf 76' lang='grc' dir='ltr'>ἐγγύς</span> <span class='ocrx_word' id='word_1_188' title='bbox 528 2848 611 2914; x_wconf 84' lang='grc' dir='ltr'>ἔασ’·</span> <span class='ocrx_word' id='word_1_189' title='bbox 637 2851 706 2914; x_wconf 89' lang='grc' dir='ltr'>ἀλλ’</span> <span class='ocrx_word' id='word_1_190' title='bbox 724 2852 918 2932; x_wconf 75' lang='grc' dir='ltr'>ὁπλιζώμεθα</span> <span class='ocrx_word' id='word_1_191' title='bbox 934 2850 1080 2918; x_wconf 82' lang='grc' dir='ltr'>θάσσον.”</span> <span class='ocrx_word' id='word_1_192' title='bbox 1156 2880 1207 2933; x_wconf 82' lang='lat'>495</span> 
     </span>
     <span class='ocr_line' id='line_1_26' title="bbox 259 2952 1051 3039; baseline -0.001 -19"><span class='ocrx_word' id='word_1_193' title='bbox 259 2958 297 3023; x_wconf 78' lang='grc' dir='ltr'>ὣς</span> <span class='ocrx_word' id='word_1_194' title='bbox 312 2957 411 3039; x_wconf 89' lang='grc' dir='ltr'>ἔφαθ’,</span> <span class='ocrx_word' id='word_1_195' title='bbox 428 2959 457 3020; x_wconf 86' lang='grc' dir='ltr'>οῖ</span> <span class='ocrx_word' id='word_1_196' title='bbox 474 2955 500 3020; x_wconf 85' lang='grc' dir='ltr'>δ’</span> <span class='ocrx_word' id='word_1_197' title='bbox 516 2955 646 3034; x_wconf 82' lang='grc' dir='ltr'>ὤρνυντο</span> <span class='ocrx_word' id='word_1_198' title='bbox 661 2952 711 3020; x_wconf 75' lang='grc' dir='ltr'>καὶ</span> <span class='ocrx_word' id='word_1_199' title='bbox 727 2957 760 3021; x_wconf 83' lang='grc' dir='ltr'>ἐν</span> <span class='ocrx_word' id='word_1_200' title='bbox 774 2956 920 3038; x_wconf 89' lang='grc' dir='ltr'>τεύχεσσι</span> <span class='ocrx_word' id='word_1_201' title='bbox 936 2956 1051 3032; x_wconf 91' lang='grc' dir='ltr'>δύοντο,</span> 
     </span>
     <span class='ocr_line' id='line_1_27' title="bbox 258 3057 1026 3142; baseline 0.003 -19"><span class='ocrx_word' id='word_1_202' title='bbox 258 3060 404 3142; x_wconf 88' lang='grc' dir='ltr'>τέσσαρες</span> <span class='ocrx_word' id='word_1_203' title='bbox 420 3057 495 3141; x_wconf 88' lang='grc' dir='ltr'>ἀμφ’</span> <span class='ocrx_word' id='word_1_204' title='bbox 510 3059 646 3138; x_wconf 81' lang='grc' dir='ltr'>Ὀδυσῆ’,</span> <span class='ocrx_word' id='word_1_205' title='bbox 663 3057 700 3138; x_wconf 76' lang='grc' dir='ltr'>ἐξ</span> <span class='ocrx_word' id='word_1_206' title='bbox 712 3058 738 3122; x_wconf 90' lang='grc' dir='ltr'>δ’</span> <span class='ocrx_word' id='word_1_207' title='bbox 753 3061 828 3125; x_wconf 80' lang='grc' dir='ltr'>υἱεῖς</span> <span class='ocrx_word' id='word_1_208' title='bbox 843 3061 872 3124; x_wconf 82' lang='grc' dir='ltr'>οῖ</span> <span class='ocrx_word' id='word_1_209' title='bbox 889 3062 1026 3125; x_wconf 88' lang='grc' dir='ltr'>Δολίοιο·</span> 
     </span>
     <span class='ocr_line' id='line_1_28' title="bbox 259 3161 1014 3247; baseline 0 -18"><span class='ocrx_word' id='word_1_210' title='bbox 259 3167 292 3230; x_wconf 83' lang='grc' dir='ltr'>ἐν</span> <span class='ocrx_word' id='word_1_211' title='bbox 307 3166 333 3230; x_wconf 90' lang='grc' dir='ltr'>δ’</span> <span class='ocrx_word' id='word_1_212' title='bbox 349 3167 405 3247; x_wconf 87' lang='grc' dir='ltr'>ἀρα</span> <span class='ocrx_word' id='word_1_213' title='bbox 421 3164 555 3246; x_wconf 84' lang='grc' dir='ltr'>Λαέρτης</span> <span class='ocrx_word' id='word_1_214' title='bbox 573 3163 685 3230; x_wconf 86' lang='grc' dir='ltr'>Δολίος</span> <span class='ocrx_word' id='word_1_215' title='bbox 700 3162 726 3225; x_wconf 90' lang='grc' dir='ltr'>τ’</span> <span class='ocrx_word' id='word_1_216' title='bbox 743 3166 774 3228; x_wconf 88' lang='grc' dir='ltr'>ἔς</span> <span class='ocrx_word' id='word_1_217' title='bbox 789 3161 886 3246; x_wconf 89' lang='grc' dir='ltr'>τεύχε’</span> <span class='ocrx_word' id='word_1_218' title='bbox 901 3165 1014 3242; x_wconf 90' lang='grc' dir='ltr'>ἔδυνον,</span> 
     </span>
     <span class='ocr_line' id='line_1_29' title="bbox 260 3268 1004 3350; baseline -0.001 -17"><span class='ocrx_word' id='word_1_219' title='bbox 260 3271 309 3333; x_wconf 86' lang='grc' dir='ltr'>καὶ</span> <span class='ocrx_word' id='word_1_220' title='bbox 324 3270 429 3333; x_wconf 87' lang='grc' dir='ltr'>πολιοί</span> <span class='ocrx_word' id='word_1_221' title='bbox 442 3294 499 3350; x_wconf 90' lang='grc' dir='ltr'>περ</span> <span class='ocrx_word' id='word_1_222' title='bbox 514 3268 624 3345; x_wconf 86' lang='grc' dir='ltr'>ἐόντες,</span> <span class='ocrx_word' id='word_1_223' title='bbox 640 3268 797 3349; x_wconf 87' lang='grc' dir='ltr'>ἀναγκαῖοι</span> <span class='ocrx_word' id='word_1_224' title='bbox 812 3270 1004 3349; x_wconf 89' lang='grc' dir='ltr'>πολεμισταί.</span> 
     </span>
     <span class='ocr_line' id='line_1_30' title="bbox 260 3370 1210 3455; baseline 0.004 -22"><span class='ocrx_word' id='word_1_225' title='bbox 260 3370 350 3451; x_wconf 83' lang='grc' dir='ltr'>αὐτὰρ</span> <span class='ocrx_word' id='word_1_226' title='bbox 367 3372 433 3434; x_wconf 89' lang='grc' dir='ltr'>ἐπεί</span> <span class='ocrx_word' id='word_1_227' title='bbox 446 3372 476 3453; x_wconf 85' lang='grc' dir='ltr'>ῥ’</span> <span class='ocrx_word' id='word_1_228' title='bbox 494 3372 626 3435; x_wconf 88' lang='grc' dir='ltr'>έσσαντο</span> <span class='ocrx_word' id='word_1_229' title='bbox 641 3372 709 3452; x_wconf 83' lang='grc' dir='ltr'>περὶ</span> <span class='ocrx_word' id='word_1_230' title='bbox 724 3371 794 3454; x_wconf 70' lang='grc' dir='ltr'>χροὶ</span> <span class='ocrx_word' id='word_1_231' title='bbox 808 3373 930 3452; x_wconf 81' lang='grc' dir='ltr'>νώροπα</span> <span class='ocrx_word' id='word_1_232' title='bbox 944 3373 1070 3455; x_wconf 90' lang='grc' dir='ltr'>χαλκόν,</span> <span class='ocrx_word' id='word_1_233' title='bbox 1159 3401 1210 3449; x_wconf 83' lang='lat'>500</span> 
     </span>
     <span class='ocr_line' id='line_1_31' title="bbox 261 3469 1032 3557; baseline 0.006 -22"><span class='ocrx_word' id='word_1_234' title='bbox 261 3469 352 3548; x_wconf 81' lang='grc' dir='ltr'>ὤϊξάν</span> <span class='ocrx_word' id='word_1_235' title='bbox 368 3473 406 3553; x_wconf 82' lang='grc' dir='ltr'>ῥα</span> <span class='ocrx_word' id='word_1_236' title='bbox 421 3474 522 3556; x_wconf 88' lang='grc' dir='ltr'>θύρας,</span> <span class='ocrx_word' id='word_1_237' title='bbox 540 3478 572 3538; x_wconf 89' lang='grc' dir='ltr'>ἐκ</span> <span class='ocrx_word' id='word_1_238' title='bbox 588 3473 613 3538; x_wconf 90' lang='grc' dir='ltr'>δ’</span> <span class='ocrx_word' id='word_1_239' title='bbox 629 3473 707 3554; x_wconf 83' lang='grc' dir='ltr'>ήϊον,</span> <span class='ocrx_word' id='word_1_240' title='bbox 724 3472 839 3557; x_wconf 77' lang='grc' dir='ltr'>ἤρχεθ’</span> <span class='ocrx_word' id='word_1_241' title='bbox 855 3475 1032 3542; x_wconf 89' lang='grc' dir='ltr'>Ὀδυσσεύς.</span> 
     </span>
    </p>

    <p class='ocr_par' dir='ltr' id='par_1_6' title="bbox 262 3573 1162 3762">
     <span class='ocr_line' id='line_1_32' title="bbox 303 3573 1162 3661; baseline 0.009 -24"><span class='ocrx_word' id='word_1_242' title='bbox 303 3577 394 3637; x_wconf 89' lang='grc' dir='ltr'>Τοῖσι</span> <span class='ocrx_word' id='word_1_243' title='bbox 409 3573 434 3636; x_wconf 93' lang='grc' dir='ltr'>δ’</span> <span class='ocrx_word' id='word_1_244' title='bbox 450 3576 496 3638; x_wconf 87' lang='grc' dir='ltr'>ἐπ’</span> <span class='ocrx_word' id='word_1_245' title='bbox 514 3579 683 3661; x_wconf 88' lang='grc' dir='ltr'>ἀγχίμολον</span> <span class='ocrx_word' id='word_1_246' title='bbox 698 3578 828 3661; x_wconf 88' lang='grc' dir='ltr'>θυγάτηρ</span> <span class='ocrx_word' id='word_1_247' title='bbox 845 3584 918 3645; x_wconf 85' lang='grc' dir='ltr'>Διὸς</span> <span class='ocrx_word' id='word_1_248' title='bbox 933 3579 1026 3657; x_wconf 81' lang='grc' dir='ltr'>ήλθεν</span> <span class='ocrx_word' id='word_1_249' title='bbox 1040 3578 1162 3659; x_wconf 87' lang='grc' dir='ltr'>Ἀθήνη,</span> 
     </span>
     <span class='ocr_line' id='line_1_33' title="bbox 262 3677 988 3762; baseline 0.014 -23"><span class='ocrx_word' id='word_1_250' title='bbox 262 3677 394 3759; x_wconf 85' lang='grc' dir='ltr'>Μέντορι</span> <span class='ocrx_word' id='word_1_251' title='bbox 410 3677 544 3755; x_wconf 82' lang='grc' dir='ltr'>εἰδομένη</span> <span class='ocrx_word' id='word_1_252' title='bbox 560 3679 634 3756; x_wconf 79' lang='grc' dir='ltr'>ήρὲν</span> <span class='ocrx_word' id='word_1_253' title='bbox 649 3680 740 3760; x_wconf 87' lang='grc' dir='ltr'>δέμας</span> <span class='ocrx_word' id='word_1_254' title='bbox 755 3681 808 3760; x_wconf 81' lang='grc' dir='ltr'>ήδέ</span> <span class='ocrx_word' id='word_1_255' title='bbox 824 3680 872 3747; x_wconf 82' lang='grc' dir='ltr'>καὶ</span> <span class='ocrx_word' id='word_1_256' title='bbox 887 3681 988 3762; x_wconf 78' lang='grc' dir='ltr'>αὐδήν.</span> 
     </span>
    </p>
   </div>
   <div class='ocr_carea' id='block_1_3' title="bbox 0 0 1403 4228">
    <p class='ocr_par' dir='ltr' id='par_1_7' title="bbox 0 0 1403 4228">
     <span class='ocr_line' id='line_1_34' title="bbox 0 0 1403 4228; baseline 0 0"><span class='ocrx_word' id='word_1_257' title='bbox 0 0 1403 4228; x_wconf 95' lang='lat' dir='ltr'> </span> 
     </span>
    </p>
   </div>
  </div>
 </body>
</html>
