2788 4230
500 327 550 392 17.
573 316 808 376 ΟΔΎΣΣΕΙΑΣ
834 318 863 376 Ρ.
1083 331 1145 398 ’79]

202 469 249 536 καί
265 472 360 554 κρέας,
377 475 417 540 ὥς
432 477 461 538 οἰ
476 480 577 558 χεῖρες
593 473 759 559 ἐχάνδανον
775 475 994 556 ἀμφιβαλόντι·
1013 513 1016 520 ‚

201 581 219 610 “
230 581 281 643 δὸς
297 579 337 661 τῷ
354 576 441 663 ξείνῳ
457 585 549 642 ταῦτα
565 579 665 660 φέρων
680 579 770 642 αὐτόν
786 604 818 643 τε
834 579 935 642 κέλευε
1097 608 1146 658 345

200 681 324 757 αἰτίζειν
339 681 423 761 μάλα
437 680 551 749 πάντας
566 685 764 766 ἐποιχόμενον
780 687 962 763 μνηστῆρας·

203 785 293 851 αἰδὼς
309 785 335 849 δ’
352 785 404 848 οὐκ
420 787 518 868 ἀγαθή
535 785 707 870 κεχρημένῳ
723 785 807 868 ἀνδρὶ
824 785 990 866 παρεῖναι.”

237 887 299 954 Ὣς
316 888 406 970 φάτο,
420 893 464 970 βῆ
482 893 514 954 δὲ
530 892 697 971 συφορβός,
715 891 780 954 ἐπεὶ
796 895 849 952 τὸν
863 895 958 969 μῦθον
974 891 1111 968 ἄκουσεν,

201 993 297 1076 ἀγχοῦ
313 992 338 1056 δ’
355 992 515 1072 ἱστάμενος
530 995 604 1058 ἔπεα
619 993 770 1075 πτερόεντ’
787 995 920 1075 ἀγόρευε·

201 1099 221 1128 “
230 1095 408 1178 Τηλέμαχός
423 1121 477 1174 τοι,
494 1095 582 1175 ξεῖνε,
599 1102 675 1160 διδοῖ
689 1095 767 1173 τάδε,
785 1099 836 1159 καί
850 1120 886 1159 σε
903 1096 1019 1160 κελεύει
1098 1126 1147 1174 350

201 1199 322 1275 αἰτίζειν
337 1198 419 1279 μάλα
435 1199 548 1266 πάντας
564 1199 764 1282 ἐποιχόμενον
780 1201 963 1280 μνηστῆρας·

200 1305 273 1367 αἰδῶ
290 1304 315 1367 δ’
331 1305 382 1367 οὐκ
398 1303 514 1387 ἀγαθήν
530 1304 605 1386 φησ’
622 1305 745 1384 ἔμμεναι
763 1305 847 1385 ἀνδρὶ
863 1303 1018 1392 προίκτη.”

243 1412 306 1470 Τὸν
321 1407 346 1472 δ’
363 1409 607 1489 ἀπαμειβόμενος
621 1405 762 1489 προσέφη
779 1407 942 1485 πολύμητις
959 1409 1136 1476 Ὀδυσσεύς·

199 1515 214 1542 “
224 1515 283 1574 Ζεῦ
298 1511 365 1589 ἀνα,
385 1513 567 1592 Τηλέμαχόν
581 1537 631 1591 μοι
647 1513 679 1575 έν
695 1509 838 1590 ἀνδράσιν
855 1513 965 1590 ὄλβιον
981 1513 1066 1591 εἶναι,

201 1616 251 1677 καί
268 1616 297 1677 οἰ
313 1614 412 1678 πάντα
426 1614 544 1697 γένοιτο
562 1616 621 1678 ὅσα
637 1615 748 1696 φρεσὶν
763 1611 817 1700 ᾗσι
832 1615 982 1698 μενοινῆ.”
1098 1645 1145 1694 355

239 1716 284 1780 Ἦ
298 1721 335 1802 ῥα
352 1716 399 1783 καί
418 1719 624 1806 ἀμφοτέρῃσιν
641 1718 763 1798 ἐδέξατο
780 1717 828 1781 καί
845 1720 1007 1799 κατέθηκεν

200 1822 267 1885 οάθι
283 1828 384 1887 ποδῶν
399 1821 609 1905 προπάροιθεν,
627 1823 778 1900 ἀεικελίης
794 1823 843 1884 ἐπὶ
858 1821 962 1903 πήρης,

198 1925 287 2004 ἤσθιε
303 1926 328 1989 δ’
344 1927 397 2004 ῆος
413 1928 512 1992 ἀοιδὸς
529 1926 572 1990 ένί
587 1925 763 2006 μεγάροισιν
779 1924 888 1989 ἀειδεν·

200 2028 260 2092 εὖθ’
277 2031 293 2091 ὁ
309 2028 521 2108 δεδειπνήκειν,
537 2031 553 2091 ό
569 2029 594 2092 δ’
610 2028 735 2092 ἐπαύετο
751 2032 831 2094 θεῖος
848 2029 957 2107 ἀοιδός,

197 2136 367 2214 μνηστῆρες
385 2132 409 2196 δ’
427 2132 583 2213 ὁμάδησαν
599 2134 656 2196 ἀνὰ
670 2131 790 2214 μέγαρ’·
814 2133 905 2213 αὐτὰρ
924 2133 1036 2214 Ἀθήνη
1097 2151 1146 2213 360

198 2235 272 2319 άγχι
288 2235 490 2318 παρισταμένη
506 2235 692 2318 Λαερτιάδην
705 2233 841 2315 Ὀδυσῆα

200 2339 312 2422 ὤτρυν’,
330 2340 368 2406 ὡς
384 2339 422 2404 ἀν
437 2341 532 2421 πόρνα
551 2339 625 2404 κατὰ
639 2342 812 2422 μνηστῆρας
829 2340 954 2421 ἀγείροι,

199 2444 282 2524 γνοίη
299 2443 326 2507 θ’
341 2445 373 2507 οἵ
385 2443 464 2510 τινές
481 2447 560 2507 εἰσιν
575 2445 725 2523 ἐναίσιμοι
741 2446 771 2507 οἵ
784 2443 810 2506 τ’
825 2443 993 2522 ἀθέμιστοι·

201 2547 270 2608 ἀλλ’
289 2547 349 2610 οὐδ’
365 2549 404 2613 ὥς
419 2547 474 2612 τιν’
491 2547 593 2627 ἔμελλ’
609 2545 815 2626 ἀπαλεξήσειν
832 2548 999 2625 κακότητος.

199 2651 241 2728 βῆ
257 2648 282 2713 δ’
298 2652 365 2727 ἰμεν
380 2648 514 2728 αἰτήσων
530 2648 649 2728 ἐνδέξια
663 2656 751 2731 φῶτα
766 2649 912 2727 ἕκαστον,
1096 2666 1127 2728 3⁶
1132 2681 1145 2729 5

200 2753 332 2818 πάντοσε
347 2753 423 2836 χείρ’
439 2753 563 2836 ὀρέγων,
581 2753 620 2819 ὡς
636 2755 662 2818 εἰ
678 2753 798 2837 πτωχὸς
814 2745 913 2816 πάλαί·
926 2756 982 2830 ε’ίη.

200 2859 227 2919 οἱ
243 2854 268 2920 δ’
284 2857 470 2938 ἐλεαίροντες
486 2859 619 2934 δίδοσαν,
636 2859 686 2921 καὶ
702 2856 854 2936 ἐθάμβεον
870 2856 969 2934 αὐτόν,

200 2959 355 3040 ἀλλήλους
370 2959 395 3023 τ’
415 2961 527 3041 είροντο
542 2962 588 3026 τίς
605 2963 650 3040 εἴη
667 2961 715 3024 καὶ
730 2961 825 3024 πόθεν
841 2960 934 3022 ἔλθοι.

200 3069 280 3127 τοῖσι
297 3065 329 3128 δὲ
346 3061 393 3128 καί
408 3063 545 3142 μετέειπε
562 3062 748 3141 Μελάνθιος,
766 3064 894 3129 αἰπόλος
909 3065 1013 3144 αἰγῶν·

200 3171 217 3200 “
229 3166 354 3231 κέκλυτέ
369 3193 436 3246 μευ,
449 3171 618 3249 μνηστῆρες
633 3168 813 3249 ἀγακλειτῆς
827 3167 1000 3246 βασιλείης,
1094 3195 1144 3246 370

199 3275 285 3334 τοῦδε
302 3269 371 3353 περὶ
387 3270 493 3350 ξείνου·
517 3271 535 3349 ῆ
550 3268 607 3353 γάρ
621 3296 674 3350 μιν
689 3271 823 3353 πρόσθεν
839 3272 955 3334 όπωπα.

200 3373 218 3452 ἦ
233 3399 280 3437 τοι
295 3373 351 3454 μέν
367 3377 395 3438 οἰ
410 3379 496 3458 δεῦρο
512 3375 652 3452 συβώτης
666 3373 857 3456 ἡγεμόνευεν,
920 3360 927 3368 ’

200 3477 289 3540 αὐτὸν
305 3478 330 3540 δ’
346 3479 379 3542 οὗ
395 3477 481 3560 σάφα
497 3479 573 3558 οἶδα,
589 3479 682 3542 πόθεν
700 3477 787 3560 γένος
803 3477 922 3559 εὔχεται
938 3475 1042 3543 εἰναι.”

239 3579 300 3646 Ὣς
317 3580 415 3662 ἔφατ’,
429 3581 585 3648 Ἀντίνοος
600 3581 625 3646 δ’
643 3581 749 3646 ἔπἐσιν
765 3583 904 3646 νείκεσσε
920 3583 1071 3661 συβώτην·

200 3681 251 3747 “ὦ
270 3684 415 3767 ἀρίγνωτε
431 3693 568 3768 συβῶτα,
582 3687 628 3765 τίη
643 3688 677 3750 δὲ
693 3683 731 3748 σὺ
746 3686 832 3750 τόνδε
847 3686 973 3751 πόλινδε
1094 3709 1142 3762 375
