2760 4232
263 317 347 379 1014
561 302 716 360 οτιικος
739 301 911 364 κνκλος.

721 539 748 585 1.

257 681 320 745 Ἦν
335 683 385 745 ὅτε
399 680 490 762 μυρία
508 684 592 760 φῦλα
608 679 683 744 κατὰ
697 681 794 762 χθόνα
809 677 971 760 πλαζόμεν’
989 679 1132 769 ἇ[νδρῶν]

261 784 281 827 *
413 783 435 823 δ
564 785 771 866 βαθυστέρνου
789 784 904 850 πλάτος
919 784 995 864 αίης.

261 888 335 955 Ζεὺς
353 891 385 953 δὲ
401 890 472 953 ἰδὼν
488 886 597 966 έλέησε
614 888 661 951 καὶ
677 889 710 950 έν
725 893 863 954 πυκιναῖς
877 889 1062 969 πραπίδεσσι

259 992 384 1059 σύνθετο
401 993 567 1073 κουφίσσαι
584 987 725 1080 [βάρεος]
741 992 929 1071 παμβάτορα
943 998 1033 1074 γαῖαν

258 1097 406 1178 ῥιπίσσας
422 1095 557 1169 πολέμου
574 1095 710 1176 μεγάλην
727 1094 790 1175 έριν
805 1094 959 1171 Ἰλιακοῖο,

260 1202 340 1282 ὄφρα
358 1201 519 1264 κενάσειεν
534 1198 650 1282 θανάτῳ
666 1197 772 1279 βάρος·
795 1202 823 1262 οἱ
839 1199 864 1262 δ’
883 1201 928 1264 ἑνὶ
943 1201 1035 1288 Τροίη

259 1304 353 1384 ἥρωες
369 1303 526 1380 κτείνοντο,
542 1308 617 1368 Διὸς
632 1300 657 1366 δ’
672 1304 819 1368 ἐτελείετο
834 1304 944 1383 βουλή.

681 1422 766 1472 Schol.
778 1422 842 1472 Ven.
855 1424 879 1473 A
891 1424 924 1474 ad
936 1423 1015 1473 Hom.
1028 1423 1059 1472 Il.
1071 1429 1099 1472 A.
1112 1439 1135 1488 5,
1148 1424 1172 1475 6.

712 1703 742 1750 2.

259 1825 376 1901 Είματα
391 1825 447 1902 μὲν
462 1822 532 1906 χροὶ
545 1822 627 1900 ἕστο,
646 1823 684 1886 τά
699 1826 728 1887 οἱ
744 1824 871 1905 Χάριτές
888 1849 919 1891 τε
937 1826 985 1888 καὶ
996 1763 1088 1905 Ὧρδι

258 1928 388 2005 ποίησαν
405 1929 453 1992 καὶ
469 1927 595 2005 ἔβαψαν
611 1928 643 1992 έν
658 1927 783 1993 ἄνθεσιν
799 1931 984 2011 εἰαρινοῖσιν,

258 2033 307 2096 οἶα
322 2027 448 2114 φέρουσ’
463 2032 544 2111 ὧραι,
560 2030 593 2093 ἕν
609 2055 641 2093 τε
658 2032 752 2116 κρόκῳ
768 2032 802 2096 έν
817 2030 843 2095 θ’
858 2034 986 2117 ὑακίνθῳ
1005 2053 1007 2058 ·

258 2136 292 2198 έν
305 2161 338 2199 τε
354 2135 389 2218 tq>
408 2133 567 2198 θαλέθοντι
580 2135 670 2216 ῥόδου
687 2132 714 2197 τ’
730 2133 774 2200 ένδ
790 2137 875 2200 ἄνθεϊ
890 2137 972 2222 καλῷ

256 2238 323 2317 ἡδέϊ
337 2237 492 2322 νεκταρέῳ,
510 2238 543 2300 έν
559 2234 584 2298 τ’
600 2239 781 2317 ἀμβροσίαις
798 2240 965 2305 καλύκεσσι

257 2344 421 2425 ναρκίσσου
438 2336 595 2428 [θαλεροΰ]
617 2341 664 2403 καὶ
678 2343 802 2422 λειρίου,
820 2337 883 2430 [οἶά
899 2369 931 2407 τε
946 2348 1018 2422 γαΐα

257 2449 345 2529 ὥραις
360 2448 503 2526 είαριναῖς
518 2445 588 2524 φύει
604 2440 720 2532 ἄνθεα]
737 2443 800 2508 τοῖ’
814 2446 977 2528 Ἀφροδίτη

256 2551 363 2615 άνθεσι
379 2549 532 2620 παντοίοις
548 2548 715 2628 τεθυωμένα
731 2551 836 2625 εἵματα
852 2551 933 2614 ἔστα.

801 2670 896 2720 Athen.
905 2671 962 2722 XV.
975 2688 1001 2736 p.
1012 2669 1070 2734 682,
1080 2674 1170 2723 D-F.

711 2890 740 2955 3.

249 3020 298 3084 Ἢ
314 3023 346 3085 δὲ
362 3021 418 3109 σὺν
433 3022 637 3102 ἀμφιπόλοισι
653 3022 853 3103 φιλομμειδὴς
868 3020 1030 3104 Ἀφροδίτη

256 3123 426 3207 πλεξαμένη
444 3125 612 3206 στεφάνους
628 3125 754 3192 εὐώδεας
771 3125 863 3191 ἄνθεα
877 3128 965 3209 γαίης
986 3174 993 3189 .
1011 3176 1018 3191 .
1037 3175 1044 3190 .

329 3297 331 3302 .
385 3261 407 3301 τί·
580 3263 602 3304 θί-
760 3221 796 3307 Ιδί
970 3263 990 3308 *

255 3349 293 3413 ἂν
308 3355 493 3429 κεφαλαῖσιν
508 3351 611 3414 ἔθεντο
627 3347 693 3413 θεαὶ
708 3349 988 3433 λιπαροκρήδεμνοι,

257 3453 383 3533 Νύμφαι
400 3451 447 3516 καὶ
462 3452 600 3536 Χάριτες,
618 3453 678 3533 ἅμα
696 3458 728 3519 δὲ
743 3453 857 3540 χρυσέη
874 3456 1048 3538 Ἀφροδίτη,

257 3563 352 3622 καλὸν
367 3556 521 3620 ἀείδουσαι
537 3555 599 3621 κατ’
617 3558 685 3638 ὄρος
701 3558 907 3623 πολυπιδάκου
918 3558 1009 3638 Ἴδης.

708 3663 712 3671 ’
867 3691 958 3742 Athen.
971 3693 1028 3742 xv.
1040 3707 1065 3757 p.
1077 3689 1125 3742 ιιι
1138 3693 1168 3742 ν.
