2834 4234
503 333 570 397 110.
593 337 828 398 οατνννιιν
851 339 887 398 κ.
1105 333 1165 414 671

222 502 293 566 ἀλλ’
308 503 388 584 ήμην
404 502 628 586 ἀλλοφρονέων,
646 503 721 568 κακά
737 501 764 568 δ’
781 507 894 568 ὄσσετο
909 505 1009 582 θυμός.
1099 518 1100 524 ’
1118 507 1120 512 ’

266 607 359 688 Κίρκη
375 607 456 675 δ’νῶς
475 609 602 688 ἐνόησεν
617 608 662 688 ἔμ’
677 608 788 688 ἥμενον
803 607 863 671 οὐδ’
881 607 930 670 ἐπὶ
946 609 1020 692 σίτῳ
1119 629 1167 684 375

220 717 323 793 χεῖρας
340 710 495 789 ἰάλλοντα,
512 718 651 793 κρατερὸν
667 711 701 776 δέ
714 737 752 790 με
770 710 880 776 πένθος
897 711 1016 794 έχοντα,
1050 771 1053 774 .

221 814 292 898 ἀγχι
309 817 514 896 παρισταμένη
531 815 604 880 ἔπεα
619 816 782 896 πτερόεντα
801 815 965 896 προσηύδα·

265 923 281 952 “
294 919 386 999 Τίφθ’
404 920 508 995 οὕτως,
523 917 660 998 Ὀδυσεῦ,
678 919 740 982 κατ’
756 918 802 1001 ἀρ’
819 919 897 996 ἕζεαι
912 918 981 984 ἶσος
997 920 1122 1004 ἀναύδῳ,

221 1021 313 1102 θυμὸν
329 1023 414 1101 ἔδων,
430 1015 553 1105 βρόμης
569 1020 594 1086 δ’
609 1023 664 1104 οὐχ
680 1022 788 1087 άπτεαι
803 1022 871 1086 οὐδὲ
885 1024 1036 1099 ποτῆτος,·

220 1123 238 1204 ἦ
254 1124 321 1190 τινά
336 1151 395 1190 που
410 1127 501 1190 δόλον
520 1127 617 1191 ἄλλον
634 1125 721 1190 ὀίεαι·
745 1125 814 1190 οὐδέ
829 1129 862 1190 τί
874 1152 911 1190 σε
925 1125 983 1208 χρὴ
1021 1155 1023 1158 ’
1117 1141 1166 1202 380

218 1229 359 1308 δειδίμεν·
382 1229 438 1311 ἤδη
454 1229 511 1313 γάρ
526 1231 573 1294 τοι
588 1231 734 1310 ἀπώμοσα
752 1230 892 1311 καρτερὸν
907 1229 1025 1312 όρκον.”
1042 1229 1046 1236 ’

254 1331 319 1399 Ὣς
335 1330 431 1414 ἔφατ’,
447 1335 539 1417 αάτάρ
558 1335 616 1416 ἐγώ
635 1361 686 1414 μιν
701 1334 903 1414 ἀμειβόμενος
919 1332 1111 1415 προσέειπον·

216 1433 271 1498 ·“ῦ
288 1437 389 1518 Κίρκη,
405 1439 451 1505 τίς
466 1436 525 1520 γάρ
541 1464 592 1502 κεν
608 1436 692 1519 ἀνήρ,
709 1436 741 1503 ὃς
758 1441 913 1516 ἐναίσιμος
928 1437 982 1516 είη,
1053 1441 1055 1450 ‘

219 1541 289 1620 πρὶν
303 1542 392 1618 τλαίη
409 1541 591 1606 πάσσασθαι
607 1542 726 1619 ἐδητύος
742 1541 793 1620 ήδέ
809 1545 948 1620 ποτῆτος,

218 1645 290 1724 πρὶν
303 1645 434 1708 λύσασθ’
451 1644 572 1728 ἑτάρους
589 1641 637 1710 καὶ
653 1652 687 1709 ἐν
701 1645 909 1726 ὀφθαλμοῖσιν
926 1643 1042 1710 ἰδέσθαι
1058 1671 1068 1720 ,·
1115 1663 1163 1723 385

220 1746 289 1810 ἀλλ’
307 1749 334 1811 εἰ
349 1748 384 1827 δή
400 1751 588 1831 πρόφρασσα
604 1755 684 1813 πιεῖν
700 1749 837 1829 φαγέμεν
852 1774 885 1813 τε
901 1750 1041 1828 κελεύεις,
1066 1749 1069 1759 ’

218 1854 324 1926 λῦσον,
339 1848 378 1914 ἵν’
393 1853 601 1933 ὀφθαλμοῖσιν
615 1855 670 1916 ίδω
687 1854 802 1934 ἐρίηρας
818 1850 981 1935 ἐταίρους.”

254 1951 318 2019 Ὣς
333 1955 462 2034 ἐφάμην,
479 1957 572 2038 Κίρκη
589 1958 621 2018 δέ
637 1955 699 2018 διέκ
714 1955 858 2038 μεγάροιο
873 1954 1003 2036 βεβήκει

215 2055 331 2138 ῥάβδον
347 2057 450 2140 ἐχουσ’
466 2058 497 2121 ἐν
513 2058 604 2140 χειρί,
620 2059 710 2140 θύρας
728 2055 753 2122 δ’
769 2059 881 2142 ἀνέῳξε
897 2065 1033 2139 συφειοῦ,

216 2157 249 2218 ἐκ
265 2153 291 2219 δ’
307 2156 420 2220 ἔλασεν
436 2156 595 2222 σιάλοισιν
610 2159 746 2224 ἐοικότας
762 2159 962 2239 ἐννεώροισιν.
1071 2201 1073 2206 ·
1101 2187 1162 2240 ¹390

216 2262 245 2322 οἱ
260 2261 315 2338 μέν
332 2260 424 2324 ἔπειτ’
441 2261 576 2340 ἔστησαν
589 2263 728 2340 ἐναντίοι,
743 2261 762 2341 ἡ
779 2265 812 2326 δέ
827 2261 864 2326 δι’
880 2263 977 2327 αὐτῶν

215 2362 358 2446 ἐρχομένη
375 2365 584 2447 προσάλειφεν
599 2365 721 2450 ἑκάστῳ
738 2365 897 2448 φάρμακον
912 2367 1000 2429 ἄλλο.

217 2472 276 2530 τῶν
292 2467 315 2528 δ’
333 2469 365 2530 ἐκ
380 2470 436 2548 μέν
450 2468 569 2547 μελέων
584 2471 685 2552 τρίχες
702 2469 813 2552 ἔρρεον,
830 2469 866 2536 δς
881 2471 954 2550 πρὶν
965 2469 1061 2551 ἐφυσε

215 2570 374 2652 φάρμακον
389 2572 564 2652 οὐλόμενον,
580 2573 616 2636 τό
631 2580 710 2655 σφιν
725 2575 799 2653 πόρε
815 2576 924 2638 πότνια
941 2575 1044 2654 Κίρκη·

214 2675 319 2756 ἄνδρες
335 2674 361 2739 δ’
371 2673 426 2757 δήν
442 2674 578 2758 ἐγένοντο
593 2677 733 2758 νεώτεροι
748 2674 767 2756 ἢ
783 2676 877 2758 πάρος
893 2676 972 2756 ἦσαν
1111 2706 1160 2760 595

215 2775 262 2842 καὶ
278 2778 357 2842 πολὺ
374 2780 531 2845 καλλίονες
548 2785 594 2844 καὶ
610 2780 744 2859 μείζονες
760 2781 968 2863 εἰσοράασθαι.

215 2881 352 2963 ἔγνωσαν
365 2881 393 2946 ’δ’
411 2884 463 2964 ἐμὲ
479 2889 581 2960 κεῖνοι,
599 2885 675 2964 ἔφυν
691 2883 717 2948 τ’
734 2887 767 2952 ἐν
782 2881 889 2968 χερσὶν
904 2885 1039 2952 ἕκαστος.

213 2989 307 3050 πᾶσιν
323 2985 349 3050 δ’
369 2986 496 3068 ἱμερόεις
511 2987 604 3051 ῦπέδυ
619 2990 700 3070 γόος,
717 2986 795 3069 ἀμφὶ
814 2991 847 3052 δέ
863 2994 946 3069 δῦμα

214 3089 402 3172 σμερδαλέον
418 3090 569 3172 κονάβιζε·
594 3091 649 3156 θεά
663 3089 689 3156 δ’
705 3091 824 3174 ἐλέαιρε
840 3094 889 3157 καὶ
905 3091 987 3171 αὐτή.
1069 3149 1072 3154 .
1106 3111 1110 3124 ⁴

212 3191 230 3269 ἡ
247 3192 281 3256 δέ
296 3218 352 3272 μεν
368 3194 441 3277 ἄγχι
458 3199 559 3258 στᾶσα
573 3196 732 3278 προσηύδα
743 3201 793 3260 δῖα
809 3194 915 3260 θεάων·
1108 3207 1160 3277 ηοο

256 3299 274 3328 “
286 3300 427 3379 Διογενὲς
443 3297 622 3380 λαερτιάδη,
638 3298 829 3384 πολυμήχαν’
844 3298 1007 3376 Ὀδυσσεῦ,

212 3399 301 3482 ἐρχεο
317 3404 369 3464 νῦν
385 3398 435 3464 ἐπὶ
450 3404 508 3479 νῆα
525 3402 600 3481 θοήν
616 3399 663 3467 καὶ
680 3406 747 3467 θῖνα
765 3401 935 3480 θαλάσσης.

212 3505 267 3579 νῆα
283 3505 338 3582 μὲν
354 3502 390 3585 ἀρ
405 3504 589 3587 πάμπρωτον
604 3505 752 3584 ἐρύσσατε
766 3506 934 3589 ἤπειρόνδε,

212 3606 345 3687 κτήματα
360 3607 386 3672 δ’
403 3610 436 3672 ἐν
451 3609 586 3687 σπήεσσι
602 3609 781 3677 πελάσσατε
797 3613 879 3675 όπλα
894 3636 927 3674 τε
942 3611 1049 3676 πάντα·

211 3711 299 3778 αὐτὸς
316 3708 341 3775 δ’
355 3710 403 3793 ἂψ
419 3713 496 3778 ἰέναι
513 3711 561 3778 καὶ
578 3715 664 3797 ἄγειν
680 3716 797 3799 ἐρίηρας
813 3715 974 3798 ἐταίρους.”
1107 3743 1157 3794 405
