2792 4232
259 351 320 431 338
572 353 621 419 ια.
647 359 818 420 ιΛιΑΔοΣ
841 347 883 420 Π.

255 531 294 595 ὣς
309 530 377 610 περὶ
393 529 563 609 Κεβριόναο
579 528 637 592 δόω
651 526 807 608 μήστωρες
822 529 920 608 ἀϋτῆς,

254 631 432 712 Πάτροκλός
446 658 480 696 τε
495 631 697 710 Μενοιτιάδης
715 633 764 695 καὶ
781 633 923 713 φαίδιμος
935 630 1063 712 Ἕκτωρ,
1153 645 1201 706 760

254 736 325 801 ἵεντ’
342 734 486 814 ἀλλήλων
502 735 623 814 ταμέειν
638 736 717 818 χρόα
731 735 818 814 νηλέϊ
831 738 947 821 χαλκῷ.

249 839 368 920 Ἕκτωρ
385 840 441 918 μὲν
457 843 632 919 κεφαλῆφιν
648 839 714 902 ἐπεὶ
729 836 836 917 λάβεν,
852 839 920 922 οὐχὶ
935 840 1040 920 μεθίει·

254 941 431 1023 Πάτροκλος
446 942 471 1006 δ’
488 941 632 1022 ἑτέρωθεν
648 942 719 1024 ἔχεν
734 944 834 1007 ποδός·
859 945 888 1005 οῖ
907 945 939 1005 δὲ
954 942 990 1021 δή
1007 943 1098 1005 ἄλλοι

253 1051 354 1128 Τρῶες
371 1048 419 1110 καὶ
437 1044 552 1110 Δαναοὶ
569 1045 702 1127 σύναγον
718 1045 863 1126 κρατερήν
877 1045 1013 1124 ὑσμίνην.

298 1150 355 1216 Ὡς
370 1148 397 1214 δ’
414 1149 558 1231 Εῖιρόςτε
574 1150 674 1214 Νότος
689 1148 713 1211 τ’
732 1149 914 1229 ἐριδαίνετον
930 1147 1093 1226 ἀλλήλοιιν·
1154 1165 1200 1228 7⁶⁵

255 1254 356 1334 οὔρεος
372 1255 404 1315 ἐν
418 1249 543 1337 βήσσῃς
558 1250 676 1330 βαθέην
695 1251 893 1329 πελεμιζέμεν
911 1253 997 1330 ὕλην,

255 1357 356 1438 φηγόν
369 1382 403 1419 τε
417 1356 526 1434 μελίην
541 1378 574 1418 τε
590 1355 777 1436 τανύφλοιόν
793 1380 826 1419 τε
845 1354 992 1437 κράνειαν,

254 1462 287 1523 αῖ
302 1484 334 1524 τε
349 1458 422 1540 πρὸς
438 1457 576 1537 ἀλλήλας
593 1458 709 1539 ἔβαλον
726 1457 888 1537 τανυήκεας
903 1459 988 1536 ὄζους

254 1564 313 1649 ήχῆ
330 1563 491 1648 θεσπεσίη,
509 1561 644 1644 πάταγος
659 1561 692 1626 δέ
704 1588 736 1626 τε
753 1562 954 1644 ἀγνυμενάων,

255 1670 295 1733 ὣς
309 1672 410 1748 Τρῶες
427 1664 474 1729 καὶ
490 1665 611 1748 Ἀχαιοὶ
628 1665 679 1729 ἐπ’Ι
691 1668 858 1745 ἀλλήλοισι
874 1667 1013 1747 θορόντες
1155 1688 1204 1742 770

255 1769 354 1858 δῄουν,
371 1770 431 1834 οὐδ’
449 1771 546 1851 ἕτεροι
560 1769 686 1848 μνώοντ’
703 1772 807 1834 ὀλοοῖο
826 1773 951 1851 φόβοιο.

255 1879 358 1939 πολλδ
373 1878 405 1939 δὲ
423 1875 593 1956 Κεβριόνην
609 1874 691 1954 ἀμφ’.
701 1871 774 1952 ὀξέα
789 1875 867 1957 δοῦρ’
886 1873 1033 1958 ἐπεπήγει

256 1981 298 2044 ῖοί
312 2005 345 2044 τε
362 1979 537 2059 πτερόεντες
553 1977 612 2041 ἀπὸ
628 1981 755 2059 νευρῆφι
774 1980 922 2060 θορόντες,

255 2087 359 2148 πολλὰ
374 2085 406 2146 δὲ
420 2081 567 2164 χερμάδια
581 2080 689 2164 μεγάλ’
709 2083 839 2150 ἀσπίδας
855 2080 1059 2164 ἐστυφέλιξαν

255 2186 450 2270 μαρναμένων
466 2182 542 2266 ἀμφ’
561 2185 660 2248 αὐτόν·
685 2187 701 2248 ὁ
717 2183 743 2248 δ’
760 2187 793 2251 ἐν
809 2186 1013 2269 στροφάλιγγι
1030 2186 1130 2263 κονίης
1155 2207 1203 2262 775

150 2319 154 2326 ·
257 2298 336 2357 κεῖτο
352 2290 446 2374 μέγας
461 2291 647 2372 μεγαλωστί,
663 2288 854 2374 λελασμένος
870 2286 1073 2353 ἱπποσυνάων.

296 2396 401 2476 Ὀφρα
414 2396 470 2472 μὲν
483 2393 609 2458 Ἠέλιος
622 2392 719 2471 μέσον
735 2392 861 2473 οὐρανὸν
876 2390 1093 2472 ἀμφιβεβήκει,

256 2501 353 2579 τόφρα
367 2496 438 2577 μάλ’
455 2494 632 2577 ἀμφοτέρων
646 2493 733 2576 βέλε’
748 2495 869 2573 ἥπτετο,
885 2500 975 2558 πῖπτε
991 2496 1023 2558 δὲ
1038 2496 1120 2559 λαός·

257 2600 331 2680 ῆμος
346 2600 370 2664 δ’
388 2597 513 2664 Ἠέλιος
526 2599 698 2677 μετενίσετο
713 2603 907 2678 βουλυτόνδε,

258 2705 306 2767 καὶ
319 2704 388 2767 τότε
403 2702 438 2781 δή
454 2701 480 2784 ῤ’
494 2704 569 2782 ὑπὲρ
586 2702 676 2766 αἶσαν
692 2698 813 2784 Ἀχαιοὶ
828 2699 967 2782 φέρτεροι
983 2699 1070 2779 ῆσαν.
1158 2717 1205 2777 780

258 2812 291 2873 ἐκ
305 2811 360 2888 μὲν
375 2807 546 2887 Κεβριόνην
560 2803 683 2886 βελέων
698 2805 780 2886 ήρωα
796 2804 929 2885 ἔρυσσαν

256 2913 369 2986 Τρόων
384 2910 420 2989 ἐξ
433 2905 553 2988 ἐνοπῆς,
570 2910 618 2972 καὶ
634 2909 683 2973 ἀπ’
702 2909 790 2988 ὤμων
805 2907 901 2990 τεύχε’
919 2908 1037 2984 ἕλοντο,

258 3015 435 3096 Πάτροκλος
450 3017 482 3079 δὲ
497 3014 600 3096 Τρωσὶ
617 3016 692 3076 κακὰ
709 3011 846 3094 φρονέων
863 3014 1014 3094 ἐνόρουσε.

257 3119 319 3196 τρὶς
333 3120 389 3197 μὲν
405 3118 497 3183 ἔπειτ’
514 3119 661 3199 ἐπόρουσε
677 3117 737 3202 θοῷ
753 3115 920 3180 ἀτάλαντος
931 3115 1031 3196 Ἀρηϊ,

258 3220 430 3303 σμερδαλέα
445 3220 549 3305 ῖόχων,
567 3223 631 3302 τρὶς
645 3221 670 3286 δ’
688 3219 776 3286 ἐννέα
791 3225 894 3300 φῶτας
910 3219 1050 3299 έπεφνεν.
1159 3235 1205 3298 785

258 3322 328 3388 ἀλλ’
345 3326 395 3388 ὅτε
413 3325 448 3404 δὴ
465 3327 499 3389 τδ
515 3324 655 3406 τέταρτον
671 3323 823 3388 ἐπέσσυτο
838 3325 956 3402 δαίμονι
971 3323 1047 3400 ἶσος,

259 3429 319 3492 ἔνθ’
336 3428 393 3509 ἀρα
407 3454 463 3505 τοι,
482 3426 651 3509 Πάτροκλε,
669 3426 750 3509 φάνη
766 3429 888 3508 βιότοιο
901 3425 1034 3505 τελευτή·

258 3531 364 3610 ἤντετο
386 3531 444 3615 γάρ
459 3558 505 3597 τοι
520 3537 638 3612 Φοῖβος
654 3530 699 3597 ἐνὶ
715 3533 840 3614 κρατερή
857 3533 967 3618 ὑσμίνῃ

259 3633 365 3701 δεινός·
390 3636 476 3714 ὁμὲν
491 3641 544 3698 τδν
559 3636 644 3700 ῖόντα
660 3637 734 3699 κατδ
753 3637 863 3699 κλόνον
878 3635 930 3698 οὐκ
946 3637 1082 3714 ἐνόησεν·

260 3738 325 3821 ήέρι
340 3740 398 3821 γάρ
414 3739 516 3822 πολλῆ
533 3737 754 3818 κεκαλυμμένος
769 3736 970 3819 ἀντεβόλησε·
1158 3765 1206 3817 790
