2758 4228
461 355 511 402 τι.
534 340 772 401 omnm
802 343 840 402 x.
1062 339 1124 424 869

176 495 228 562 “33
245 499 340 581 φίλοι,
354 496 411 576 ήδη
427 495 540 580 σχήσει
555 495 629 577 ἀνὴρ
645 497 697 560 όδε
710 502 813 579 χεῖρας
828 495 967 564 ἀάπτους·

176 603 226 666 καὶ
244 601 279 681 δή
298 605 327 666 οἱ
342 601 471 682 Μέντωρ
485 604 542 680 μὲν
557 601 615 682 ἔβη
631 599 702 664 κενὰ
717 600 847 682 εὔγματα
863 602 965 679 εἰπών,

176 707 206 769 οἱ
222 705 247 770 δ’
264 706 323 769 οἶσι
338 706 496 769 λείπονται
511 702 561 770 ἐπὶ
575 705 714 790 πρώτῃσι
728 704 843 790 θύρῃσι.
1075 734 1124 784 250

176 811 216 893 τῷ
232 815 285 874 νῦν
299 810 340 887 μὴ
356 809 417 889 ἅμα
432 808 541 874 πάντες
556 809 660 890 ἐφίετε
675 809 804 890 δούρατα
817 808 925 890 μακρά,

176 911 245 976 ἀλλ’
262 913 345 996 ἄγεθ’
363 915 393 977 οἱ
407 910 444 992 ἐξ
456 918 574 992 πρῶτον
589 910 766 988 ἀκοντίσατ’,
781 913 814 975 αί
829 911 860 975 κέ
873 917 947 976 ποθι
962 912 1037 980 Ζεὺς

177 1018 239 1102 δώῃ
254 1017 413 1096 Ὀδυσσῆα
429 1020 568 1097 βλῆσθαι
585 1013 633 1078 καὶ
650 1021 736 1082 κΰδος
752 1015 884 1097 ἀρέσθαι.

177 1127 236 1184 τῶν
252 1120 277 1184 δ’
293 1121 399 1185 ἀλλων
414 1119 449 1183 σύ
465 1124 563 1199 κῆδος,
581 1121 649 1184 ἐπεί
661 1120 690 1202 χ’
708 1120 795 1186 οὗτός
811 1146 848 1203 γε
862 1117 1026 1206 πέσησιν.”

213 1223 276 1291 Ὣς
291 1222 387 1306 ἔφαθ’,
403 1227 431 1288 οἱ
446 1221 472 1288 δ’
486 1223 545 1304 ἀρα
559 1223 670 1290 πάντες
685 1224 849 1288 ἀκόντισαν
864 1223 904 1290 ὣς
919 1222 1064 1302 ἐκέλευεν,

178 1329 300 1409 ἱέμενοι·
324 1329 361 1392 τὰ
376 1332 410 1392 δὲ
428 1327 525 1392 πάντα
542 1328 653 1392 ἐτώσια
668 1330 759 1406 θῆκεν
774 1327 896 1407 Ἀθήνη.
1078 1341 1125 1406 256

177 1439 235 1496 τῶν
251 1432 347 1499 ἀλλος
361 1434 418 1513 μὲν
433 1431 570 1511 σταθμδν
584 1432 748 1496 ἐϋσταθέος
762 1430 906 1513 μεγάροιο

175 1535 337 1615 βεβλήκει,
354 1536 450 1602 ἀλλος
465 1538 497 1599 δέ
513 1537 605 1616 θύρην
620 1543 747 1602 πυκινῶς
763 1538 915 1617 ἀραρυῖαν·

176 1641 274 1704 ἀλλον
289 1641 314 1704 δ’
331 1645 364 1705 ἐν
378 1642 471 1725 τοίχῳ
486 1640 577 1721 μελίη
594 1639 672 1704 πέσε
685 1639 906 1723 χαλκοβάρεια.

176 1744 268 1825 αὐτὰρ
286 1746 352 1809 ἐπεὶ
367 1745 403 1824 δὴ
419 1744 535 1824 δούρατ’
551 1743 697 1808 ἀλεύαντο
712 1743 902 1823 μνηστήρων,
1075 1758 1123 1808 260

176 1854 238 1913 τοῖς
254 1848 311 1929 ἀρα
325 1849 427 1927 μύθων
442 1847 517 1931 ήρχε
532 1847 686 1913 πολύτλας
701 1851 764 1912 δῖος
779 1847 955 1914 Ὀδυσσεύς·

176 1949 230 2015 (ίῶ
250 1953 348 2032 φίλοι,
364 1950 418 2029 ήδη
434 1949 490 2030 μέν
507 1976 558 2015 κεν
573 1950 651 2031 ἐγδν
666 1952 778 2028 εἴποιμι
795 1947 844 2013 καὶ
859 1950 934 2030 ἄμμι

174 2053 355 2136 μνηστήρων
370 2057 401 2120 ἐς
417 2054 524 2132 ὅμιλον
541 2054 707 2130 ἀκοντίσαι,
723 2053 752 2116 οἳ
767 2051 920 2133 μεμάασιν

175 2157 268 2238 ἡμέας
284 2155 452 2239 ἐξεναρίξαι
468 2158 519 2221 ἐπὶ
534 2156 707 2240 προτέροισι
723 2156 890 2221 κακοῖσιν.”

212 2260 276 2327 Ὣς
292 2260 394 2344 ἔφαθ’,
408 2262 438 2324 οἱ
453 2260 479 2324 δ’
494 2259 552 2343 ἀρα
566 2259 677 2326 πάντες
692 2261 856 2325 ἀκόντισαν
871 2258 944 2340 ἀξέα
958 2266 1050 2342 δοῦρα
1075 2275 1123 2338 265

176 2363 251 2428 ἀντα
266 2365 483 2444 τιτυσκόμενοι·
508 2365 748 2445 Δημοπτόλεμον
763 2365 819 2444 μέν
833 2362 1013 2441 Ὀδυσσεύς,

176 2465 372 2550 Εὐρυάδηνδ
386 2467 443 2549 ἀρα
456 2466 646 2551 Τηλέμαχος,
660 2465 793 2531 Ἔλατον
809 2470 841 2531 δὲ
856 2469 1006 2549 συβώτης,

176 2575 367 2653 Πείσανδρον
382 2571 407 2636 δ’
424 2572 469 2652 ἀρ’
485 2573 600 2653 ἔπεφνε
615 2577 700 2650 βοῶν
715 2571 917 2650 ἐπιβουκόλος
933 2570 1020 2653 ἀνήρ.

175 2677 204 2739 οἱ
219 2679 275 2754 μὲν
291 2675 385 2739 ἔπειθ’
401 2675 462 2755 ἅμα
476 2675 586 2742 πάντες
601 2674 678 2754 όδδξ
691 2675 764 2738 ἕλον
778 2674 913 2738 ἀσπετον
927 2675 1027 2753 οὖδας,

175 2781 343 2860 μνηστῆρες
357 2778 384 2842 δ’
399 2779 596 2862 ἀνεχώρησαν
610 2778 754 2861 μεγάροιο
768 2778 909 2861 μυχόνδε·
1074 2802 1122 2854 270

175 2880 221 2946 τοὶ
239 2883 265 2947 δ’
280 2881 325 2963 ἀρ’
346 2880 480 2962 ἐπήϊξαν,
497 2883 608 2946 νεκύων
623 2880 648 2946 δ’
664 2881 699 2960 ἐξ
713 2881 795 2964 ἔγχε’
812 2881 926 2945 ἔλυντο.

219 2986 309 3052 Αὗτις
325 2989 358 3050 δέ
370 2989 540 3065 μνηστῆρες
555 2987 717 3050 ἀκόντισαν
734 2983 806 3063 όξέα
820 2989 911 3065 δοῦρα
978 3033 980 3040 .
1002 3013 1004 3020 ’

177 3088 295 3168 ἱέμενοι·
318 3093 356 3153 τδ
370 3092 403 3152 δὲ
418 3093 521 3154 πολλὰ
538 3090 649 3153 ἐτώσια
666 3093 755 3167 θῆκεν
771 3086 891 3166 Ἀθήνη.

175 3199 234 3257 τῶν
249 3194 346 3259 ἀλλος
363 3196 418 3273 μὲν
434 3198 570 3272 σταθμὸν
584 3193 744 3257 ἐϋσταθέος
760 3191 905 3274 μεγάροιο

174 3297 335 3376 βεβλήκει,
352 3297 447 3362 ἀλλος
463 3300 495 3362 δὲ
512 3297 604 3377 θύρην
619 3301 748 3362 πυκινῶς
763 3297 915 3378 ἀραρυῖαν·
1074 3321 1121 3374 ²75

174 3399 271 3463 ἀλλον
286 3397 312 3463 δ’
327 3402 360 3464 ἔν
374 3402 464 3486 τοίχῳ
479 3402 569 3481 μελίη
586 3399 662 3464 πέσε
675 3399 894 3484 χαλκοβάρεια.

174 3503 369 3582 Ἀμφιμέδων
384 3500 409 3568 δ’
423 3503 480 3585 ἀρα
494 3502 677 3585 Τηλέμαχον
690 3501 772 3584 βάλε
787 3502 863 3586 χεῖρ’
879 3503 929 3568 ἐπὶ
944 3506 1046 3590 καρπῷ

175 3607 296 3689 λίγδην,
311 3608 403 3688 ἀκρον
417 3612 447 3672 δὲ
463 3610 546 3694 ῥινὸν
560 3606 715 3687 δηλήσατο
729 3608 853 3690 χαλκός.

175 3710 355 3791 Κτήσιππος
369 3711 394 3774 δ’
413 3713 545 3794 Εὔμαιον
559 3714 633 3796 ὑπέρ
649 3711 742 3780 σόκος
758 3712 844 3798 ἔγχεϊ
856 3714 960 3798 μακρῷ
