2758 4228
542 318 610 378 οις
634 319 791 380 οουιιυ.
1078 329 1141 402 953

195 487 283 560 κεῖτο,
299 485 395 569 χέλυν
410 486 519 568 ἐρατὴν
533 487 580 550 ἐπ’
596 488 738 567 ἀριστερὰ
753 487 853 571 χειρδς
868 488 988 569 ἐέργων.

192 587 305 666 μητέρα
320 589 346 653 δ’
361 591 413 654 οὐκ
428 591 473 671 ἄρ’
489 593 580 669 ἔληθε
598 591 671 655 θεὰν
686 592 764 664 θεός,
781 590 847 656 εἶπέ
861 616 893 654 τε
907 597 1011 670 μῦθον·

236 693 321 756 τίπτε
337 693 386 772 σύ,
401 698 611 773 ποικιλομῆτα,
625 695 720 759 πόθεν
734 694 801 759 τόδε
816 693 921 760 νυκτδς
936 696 968 760 ἓν
984 696 1045 782 ὥρῃ
1091 722 1137 772 155

194 794 276 881 ἔρχῃ,
292 797 443 874 ἀναιδείην
458 797 607 877 ἐπιειμένε
616 823 627 871 ,·
651 803 703 862 νῦν
719 825 756 862 σε
771 797 842 877 μάλ’
858 799 910 862 οίω

193 896 212 976 ή
226 897 294 980 τάχ’
310 900 450 983 ἀμήχανα
465 904 562 980 δεσμδ
578 903 646 982 περὶ
660 903 827 986 πλευρῇσιν
842 902 953 985 ἔχοντα

191 1001 339 1079 Λητοίδου
356 1004 414 1067 ὑπὸ
429 1003 518 1086 χερσὶ
533 1010 596 1068 διὲκ
612 1007 773 1087 προθύροιο
788 1005 941 1088 περήσειν,

190 1101 209 1182 ἢ
225 1108 262 1168 σὲ
275 1107 409 1171 λαθόντα
424 1107 536 1188 μεταξὺ
551 1108 614 1173 κατ’
630 1109 724 1187 ἄγκεα
739 1110 951 1188 φηλητεύσειν.

190 1209 256 1290 ἔρρε
272 1209 375 1274 πάλιν·
396 1211 533 1292 μεγάλην
548 1238 585 1275 σε
601 1211 699 1293 πατὴρ
714 1213 860 1292 ἐφύτευσε
875 1211 1021 1295 μέριμναν

191 1316 309 1391 θνηταῖς
324 1316 510 1396 ἀνθρώποισι
526 1317 575 1379 καὶ
590 1313 767 1380 ἀθανάτοισι
784 1321 890 1380 θεοῖσι.

231 1418 296 1497 Τήν
311 1418 337 1480 δ’
351 1417 461 1498 Ἑρμῆς
476 1419 616 1498 μύθοισιν
632 1420 775 1500 ἀμείβετο
791 1420 990 1500 κερδαλέοισι·

188 1525 279 1602 μῆτερ
296 1522 360 1602 ἐμή,
375 1524 406 1586 τί
419 1549 456 1602 με
472 1527 563 1587 ταῦτα
578 1525 731 1589 τιτύσκεαι
746 1522 816 1602 ἠύτε
831 1525 936 1588 τέκνον

188 1621 306 1702 νήπιον,
322 1624 355 1690 δς
369 1623 453 1704 μάλα
467 1630 563 1706 παῦρα
578 1629 652 1705 μετὰ
670 1629 780 1709 φρεσὶν
796 1630 908 1694 αἴσυλα
922 1627 995 1702 οἶδε,

187 1728 368 1808 ταρβαλέον,
385 1730 434 1792 καὶ
447 1730 557 1810 μητρὸς
572 1733 793 1796 ὑπαιδείδοικεν
807 1729 931 1804 ἐνιπάς,·

188 1830 279 1912 αιἰτάρ
295 1833 355 1914 ε’γδ
372 1834 480 1915 τέχνης
495 1832 693 1914 ἐπιβήσομαι,
708 1834 728 1914 ή
744 1858 788 1900 τις
805 1834 921 1914 ἀρίστη,

188 1935 207 2014 ή
216 1936 373 2011 βουλεύων
388 1937 440 2016 ἐμὲ
456 1937 504 1998 καὶ
520 1938 557 1999 σὲ
576 1937 744 2018 διαμπερές·
768 1937 835 2004 οὐδὲ
852 1941 950 2001 θεοῖσι

186 2044 241 2102 νῶϊ
254 2039 316 2116 μετ’
334 2038 531 2104 ἀθανάτοισιν
546 2040 691 2120 ἀδύρητοι
708 2043 756 2106 καὶ
773 2043 893 2112 ἄλιστοι

186 2141 274 2205 αὐτοῦ
289 2143 360 2226 τῇδε
375 2141 515 2220 μένοντες
529 2142 684 2222 ἀνεξόμεθ’
686 2193 693 2219 ,
710 2145 749 2210 ὣς
764 2145 804 2208 σὺ
820 2144 961 2213 κελεύεις.

184 2246 333 2326 βέλτερον
347 2245 444 2326 ἤματα
459 2246 558 2312 πάντα
572 2247 636 2328 μετ’
651 2249 810 2314 ἀθανάτοις
825 2249 954 2329 ὀαρίζειν

184 2349 335 2413 πλούσιον
350 2350 485 2430 ἀφνειόν,
500 2349 680 2429 πολυλήιον,
697 2349 715 2430 ἢ
732 2356 806 2414 κατὰ
821 2357 905 2432 δῶμα

184 2451 281 2536 ἀντριρ
297 2455 330 2518 ἓν
345 2453 480 2534 ἠερόεντι
495 2454 679 2534 θαασσέμεν·
702 2457 780 2536 ἀμφὶ
795 2457 827 2524 δὲ
843 2458 929 2540 τιμῇς

183 2557 265 2637 κάγὼ
281 2560 333 2635 τῆς
348 2558 436 2636 ὁσίης
451 2557 638 2639 ἐπιβήσομαι
653 2559 689 2638 ἧς
703 2585 760 2639 περ
774 2559 946 2628 Ἀπόλλων.

184 2661 210 2722 εἰ
229 2659 262 2723 δέ
277 2685 310 2723 κε
323 2661 364 2740 μή
383 2661 479 2747 διίησι
494 2662 592 2743 πατὴρ
607 2663 684 2739 ε’μός,
700 2661 719 2741 ή
733 2688 780 2726 τοι
796 2664 891 2745 ἔγωγε

182 2761 328 2845 πειρήσω,
344 2764 478 2844 δύναμαι,
494 2763 654 2844 φηλητέων
669 2768 801 2848 ὄρχαμος
821 2767 906 2836 εἶναι.

182 2868 209 2929 εί
224 2866 258 2930 δέ
274 2867 305 2946 μ’
321 2866 474 2947 ἐρευνήσει
489 2873 605 2945 Λητοῦς
619 2869 768 2950 ἐρικυδέος
782 2871 854 2945 υἱός,

182 2969 261 3032 ἀλλο
276 2971 307 3035 τί
321 2973 350 3033 οἱ
366 2969 415 3034 καὶ
431 2973 532 3051 μεῖζον
548 2971 648 3053 ὀίομαι
664 2971 889 3052 ἀντιβολήσειν.

182 3073 241 3150 εἶμι
257 3073 314 3156 γὰρ
331 3076 373 3141 είς
389 3079 521 3138 Πυθῶνα
534 3075 630 3158 μέγαν
646 3077 739 3153 δόμον
755 3073 965 3158 ἀντιτορήσων·

181 3177 267 3241 ἔνθεν
282 3177 350 3245 άλις
365 3180 506 3259 τρίποδας
522 3178 722 3260 περικαλλέας
737 3178 790 3258 ήδὲ
806 3179 940 3259 λέβητας

214 3403 260 3453 155
287 3388 345 3438 τάδε
368 3390 457 3448 οοάἀ.;
491 3407 552 3440 corr.
575 3391 654 3441 Wolf.
774 3405 821 3456 ¹59
848 3389 958 3440 λαθόντα
987 3392 1126 3448 Matthiae;

178 3466 342 3530 φέρανταΜς
359 3469 471 3522 λαβόντα
482 3485 524 3533 xp.
601 3469 647 3531 163
664 3467 783 3518 δεδίσκεαι
794 3471 903 3520 Pierson.
982 3469 1028 3532 164
1045 3467 1127 3517 πολλὰ

94 3538 99 3548 '
178 3545 353 3611 ειάρμεναΜ.
454 3550 500 3616 ¹⁶7
519 3548 625 3612 κηδεύων
637 3551 829 3612 Stadtmueller;
846 3550 985 3606 βουκολέων
997 3551 1126 3602 Ludwich.

182 3627 227 3676 168
243 3625 347 3674 ἄπαστοι
360 3628 419 3686 Μαι
436 3627 534 3679 άλιστα
547 3645 578 3693 γ;
597 3638 727 3694 utrumque
739 3645 764 3694 p.
834 3641 878 3694 175
897 3629 1126 3695 δύναμσιδὲοοάἀ.;

179 3721 242 3754 corr.
256 3706 406 3756 Demetrius.
