<?xml version="1.0" encoding="UTF-8"?>
<!DOCTYPE html PUBLIC "-//W3C//DTD XHTML 1.0 Transitional//EN"
    "http://www.w3.org/TR/xhtml1/DTD/xhtml1-transitional.dtd">
<html xmlns="http://www.w3.org/1999/xhtml" xml:lang="en" lang="en">
 <head>
  <title>
</title>
<meta http-equiv="Content-Type" content="text/html;charset=utf-8" />
  <meta name='ocr-system' content='tesseract 3.04.00' />
  <meta name='ocr-capabilities' content='ocr_page ocr_carea ocr_par ocr_line ocrx_word'/>
</head>
<body>
  <div class='ocr_page' id='page_1' title='image "./homerioperaetre00homegoog_1021.png"; bbox 0 0 2760 4232; ppageno 0'>
   <div class='ocr_carea' id='block_1_1' title="bbox 263 313 912 377">
    <p class='ocr_par' dir='ltr' id='par_1_1' title="bbox 263 313 912 377">
     <span class='ocr_line' id='line_1_1' title="bbox 263 313 912 377; baseline 0.003 -3"><span class='ocrx_word' id='word_1_1' title='bbox 263 313 347 375; x_wconf 87' lang='lat'>1016</span> <span class='ocrx_word' id='word_1_2' title='bbox 559 316 714 377; x_wconf 85' lang='grc' dir='ltr'>ΕΠΙΚΟΣ</span> <span class='ocrx_word' id='word_1_3' title='bbox 739 315 912 376; x_wconf 73' lang='grc' dir='ltr'><strong>ΚΎΚΛΟΣ.</strong></span> 
     </span>
    </p>
   </div>
   <div class='ocr_carea' id='block_1_2' title="bbox 259 649 1173 1040">
    <p class='ocr_par' dir='ltr' id='par_1_2' title="bbox 259 649 1173 1040">
     <span class='ocr_line' id='line_1_2' title="bbox 259 649 997 738; baseline -0.003 -21"><span class='ocrx_word' id='word_1_4' title='bbox 259 653 323 717; x_wconf 79' lang='grc' dir='ltr'>Οὐκ</span> <span class='ocrx_word' id='word_1_5' title='bbox 340 652 458 731; x_wconf 74' lang='grc' dir='ltr'>ἐφάμην</span> <span class='ocrx_word' id='word_1_6' title='bbox 472 649 596 736; x_wconf 80' lang='grc' dir='ltr'>Ἀχιλῆϊ</span> <span class='ocrx_word' id='word_1_7' title='bbox 610 654 763 738; x_wconf 84' lang='grc' dir='ltr'>χολάσειν</span> <span class='ocrx_word' id='word_1_8' title='bbox 782 653 911 732; x_wconf 80' lang='grc' dir='ltr'>ἄλκιμον</span> <span class='ocrx_word' id='word_1_9' title='bbox 926 652 997 734; x_wconf 74' lang='grc' dir='ltr'>ἦτορ</span> 
     </span>
     <span class='ocr_line' id='line_1_3' title="bbox 260 755 1040 839; baseline -0.003 -18"><span class='ocrx_word' id='word_1_10' title='bbox 260 761 317 821; x_wconf 76' lang='grc' dir='ltr'>ὧδε</span> <span class='ocrx_word' id='word_1_11' title='bbox 332 755 404 835; x_wconf 86' lang='grc' dir='ltr'>μάλ’</span> <span class='ocrx_word' id='word_1_12' title='bbox 420 755 589 838; x_wconf 74' lang='grc' dir='ltr'>ἐκπάγλως,</span> <span class='ocrx_word' id='word_1_13' title='bbox 605 757 690 836; x_wconf 72' lang='grc' dir='ltr'>ἐπειὴ</span> <span class='ocrx_word' id='word_1_14' title='bbox 706 757 790 837; x_wconf 93' lang='grc' dir='ltr'>μάλα</span> <span class='ocrx_word' id='word_1_15' title='bbox 803 783 855 837; x_wconf 91' lang='grc' dir='ltr'>μοι</span> <span class='ocrx_word' id='word_1_16' title='bbox 872 759 962 839; x_wconf 83' lang='grc' dir='ltr'>φίλος</span> <span class='ocrx_word' id='word_1_17' title='bbox 979 755 1040 836; x_wconf 75' lang='grc' dir='ltr'>ἦεν.</span> 
     </span>
     <span class='ocr_line' id='line_1_4' title="bbox 443 877 1173 941; baseline 0 -17"><span class='ocrx_word' id='word_1_18' title='bbox 443 877 567 926; x_wconf 91' lang='lat' dir='ltr'><strong>Volumen</strong></span> <span class='ocrx_word' id='word_1_19' title='bbox 579 878 659 926; x_wconf 84' lang='lat' dir='ltr'>musei</span> <span class='ocrx_word' id='word_1_20' title='bbox 671 877 778 925; x_wconf 84' lang='lat' dir='ltr'><strong>Parisini</strong></span> <span class='ocrx_word' id='word_1_21' title='bbox 790 893 830 941; x_wconf 87' lang='lat' dir='ltr'>ap.</span> <span class='ocrx_word' id='word_1_22' title='bbox 843 878 961 927; x_wconf 83' lang='lat' dir='ltr'><strong>Letronn.</strong></span> <span class='ocrx_word' id='word_1_23' title='bbox 973 877 998 924; x_wconf 89' lang='lat' dir='ltr'>in</span> <span class='ocrx_word' id='word_1_24' title='bbox 1008 877 1073 924; x_wconf 83' lang='lat' dir='ltr'>Virr.</span> <span class='ocrx_word' id='word_1_25' title='bbox 1087 877 1173 925; x_wconf 82' lang='lat' dir='ltr'>Doctt.</span> 
     </span>
     <span class='ocr_line' id='line_1_5' title="bbox 728 975 1010 1040; baseline 0.004 -16"><span class='ocrx_word' id='word_1_26' title='bbox 728 975 817 1025; x_wconf 85' lang='lat' dir='ltr'>Diario</span> <span class='ocrx_word' id='word_1_27' title='bbox 832 977 902 1038; x_wconf 80' lang='lat'>1838,</span> <span class='ocrx_word' id='word_1_28' title='bbox 914 993 939 1040; x_wconf 92' lang='lat' dir='ltr'>p.</span> <span class='ocrx_word' id='word_1_29' title='bbox 953 990 1010 1037; x_wconf 80' lang='lat'>322.</span> 
     </span>
    </p>
   </div>
   <div class='ocr_carea' id='block_1_3' title="bbox 261 1165 1176 1552">
    <p class='ocr_par' dir='ltr' id='par_1_3' title="bbox 261 1165 1176 1552">
     <span class='ocr_line' id='line_1_6' title="bbox 715 1165 744 1227; baseline 0 -19"><span class='ocrx_word' id='word_1_30' title='bbox 715 1165 744 1227; x_wconf 77' lang='lat'>9·</span> 
     </span>
     <span class='ocr_line' id='line_1_7' title="bbox 261 1262 1144 1345; baseline -0.002 -17"><span class='ocrx_word' id='word_1_31' title='bbox 261 1270 343 1345; x_wconf 78' lang='grc' dir='ltr'>Ζῆνα</span> <span class='ocrx_word' id='word_1_32' title='bbox 359 1268 391 1329; x_wconf 77' lang='grc' dir='ltr'>δὲ</span> <span class='ocrx_word' id='word_1_33' title='bbox 406 1267 457 1328; x_wconf 91' lang='grc' dir='ltr'>τόν</span> <span class='ocrx_word' id='word_1_34' title='bbox 473 1263 499 1327; x_wconf 86' lang='grc' dir='ltr'>θ’</span> <span class='ocrx_word' id='word_1_35' title='bbox 515 1263 649 1345; x_wconf 80' lang='grc' dir='ltr'>ἔρξαντα,</span> <span class='ocrx_word' id='word_1_36' title='bbox 665 1266 715 1328; x_wconf 89' lang='grc' dir='ltr'>καὶ</span> <span class='ocrx_word' id='word_1_37' title='bbox 730 1263 763 1331; x_wconf 85' lang='grc' dir='ltr'>δς</span> <span class='ocrx_word' id='word_1_38' title='bbox 779 1265 849 1329; x_wconf 87' lang='grc' dir='ltr'>τάδε</span> <span class='ocrx_word' id='word_1_39' title='bbox 865 1262 951 1328; x_wconf 85' lang='grc' dir='ltr'>πάντ’</span> <span class='ocrx_word' id='word_1_40' title='bbox 967 1264 1144 1344; x_wconf 75' lang='grc' dir='ltr'>ἐφύτευσεν,</span> 
     </span>
     <span class='ocr_line' id='line_1_8' title="bbox 261 1367 1074 1450; baseline -0.001 -18"><span class='ocrx_word' id='word_1_41' title='bbox 261 1370 312 1432; x_wconf 80' lang='grc' dir='ltr'>οὐκ</span> <span class='ocrx_word' id='word_1_42' title='bbox 329 1369 444 1434; x_wconf 78' lang='grc' dir='ltr'>έθέλεις</span> <span class='ocrx_word' id='word_1_43' title='bbox 460 1371 566 1434; x_wconf 80' lang='grc' dir='ltr'>εἰπεῖν·</span> <span class='ocrx_word' id='word_1_44' title='bbox 590 1369 640 1432; x_wconf 85' lang='grc' dir='ltr'>ίνα</span> <span class='ocrx_word' id='word_1_45' title='bbox 655 1371 713 1450; x_wconf 77' lang='grc' dir='ltr'>γὰρ</span> <span class='ocrx_word' id='word_1_46' title='bbox 728 1367 806 1447; x_wconf 87' lang='grc' dir='ltr'>δέος,</span> <span class='ocrx_word' id='word_1_47' title='bbox 821 1369 892 1432; x_wconf 83' lang='grc' dir='ltr'>ἔνθα</span> <span class='ocrx_word' id='word_1_48' title='bbox 910 1369 958 1432; x_wconf 88' lang='grc' dir='ltr'>καὶ</span> <span class='ocrx_word' id='word_1_49' title='bbox 974 1368 1074 1434; x_wconf 75' lang='grc' dir='ltr'>αἰδώς.</span> 
     </span>
     <span class='ocr_line' id='line_1_9' title="bbox 832 1485 1176 1552; baseline -0.006 -15"><span class='ocrx_word' id='word_1_50' title='bbox 832 1489 897 1538; x_wconf 83' lang='lat' dir='ltr'><strong>Plat.</strong></span> <span class='ocrx_word' id='word_1_51' title='bbox 909 1485 1048 1552; x_wconf 81' lang='lat' dir='ltr'><strong>Euthyphr.</strong></span> <span class='ocrx_word' id='word_1_52' title='bbox 1061 1503 1086 1551; x_wconf 85' lang='lat' dir='ltr'>p.</span> <span class='ocrx_word' id='word_1_53' title='bbox 1100 1500 1130 1535; x_wconf 77' lang='grc' dir='ltr'>ιο</span> <span class='ocrx_word' id='word_1_54' title='bbox 1144 1489 1176 1536; x_wconf 88' lang='grc' dir='ltr'>Α.</span> 
     </span>
    </p>
   </div>
   <div class='ocr_carea' id='block_1_4' title="bbox 712 1691 760 1736">
    <p class='ocr_par' dir='ltr' id='par_1_4' title="bbox 712 1691 760 1736">
     <span class='ocr_line' id='line_1_10' title="bbox 712 1691 760 1736; baseline 0.042 -2"><span class='ocrx_word' id='word_1_55' title='bbox 712 1691 760 1736; x_wconf 89' lang='grc'>10.</span> 
     </span>
    </p>
   </div>
   <div class='ocr_carea' id='block_1_5' title="bbox 216 1791 1173 2184">
    <p class='ocr_par' dir='ltr' id='par_1_5' title="bbox 216 1791 1173 2184">
     <span class='ocr_line' id='line_1_11' title="bbox 260 1791 1066 1880; baseline -0.002 -23"><span class='ocrx_word' id='word_1_56' title='bbox 260 1795 312 1880; x_wconf 72' lang='grc' dir='ltr'>Τῷ</span> <span class='ocrx_word' id='word_1_57' title='bbox 326 1791 351 1856; x_wconf 88' lang='grc' dir='ltr'>δ’</span> <span class='ocrx_word' id='word_1_58' title='bbox 366 1792 575 1873; x_wconf 67' lang='grc' dir='ltr'>ὑποκυσαμένη</span> <span class='ocrx_word' id='word_1_59' title='bbox 591 1793 658 1858; x_wconf 87' lang='grc' dir='ltr'>τέκε</span> <span class='ocrx_word' id='word_1_60' title='bbox 673 1795 834 1876; x_wconf 87' lang='grc' dir='ltr'>Γοργόνας,</span> <span class='ocrx_word' id='word_1_61' title='bbox 851 1791 921 1858; x_wconf 81' lang='grc' dir='ltr'>αίνδ</span> <span class='ocrx_word' id='word_1_62' title='bbox 936 1794 1066 1872; x_wconf 83' lang='grc' dir='ltr'>πέλωρα,</span> 
     </span>
     <span class='ocr_line' id='line_1_12' title="bbox 216 1897 953 1983; baseline -0.005 -17"><span class='ocrx_word' id='word_1_63' title='bbox 216 1962 220 1966; x_wconf 87' lang='grc'>.</span> <span class='ocrx_word' id='word_1_64' title='bbox 262 1898 292 1962; x_wconf 71' lang='grc' dir='ltr'>αἳ</span> <span class='ocrx_word' id='word_1_65' title='bbox 313 1899 492 1980; x_wconf 81' lang='grc' dir='ltr'>Σαρπηδόνα</span> <span class='ocrx_word' id='word_1_66' title='bbox 508 1902 594 1963; x_wconf 84' lang='grc' dir='ltr'>ναῖον</span> <span class='ocrx_word' id='word_1_67' title='bbox 609 1899 642 1961; x_wconf 78' lang='grc' dir='ltr'>έν</span> <span class='ocrx_word' id='word_1_68' title='bbox 658 1897 778 1983; x_wconf 74' lang='grc' dir='ltr'>ὠκεανῷ</span> <span class='ocrx_word' id='word_1_69' title='bbox 795 1899 953 1983; x_wconf 78' lang='grc' dir='ltr'>βαθυδίνῃ,</span> 
     </span>
     <span class='ocr_line' id='line_1_13' title="bbox 262 1999 570 2084; baseline -0.003 -19"><span class='ocrx_word' id='word_1_70' title='bbox 262 2006 355 2080; x_wconf 78' lang='grc' dir='ltr'>νῆσον</span> <span class='ocrx_word' id='word_1_71' title='bbox 369 1999 570 2084; x_wconf 81' lang='grc' dir='ltr'>πετρήεσσαν.</span> 
     </span>
     <span class='ocr_line' id='line_1_14' title="bbox 506 2117 1173 2184; baseline 0 -15"><span class='ocrx_word' id='word_1_72' title='bbox 506 2121 646 2172; x_wconf 82' lang='lat' dir='ltr'><strong>Herodian.</strong></span> <span class='ocrx_word' id='word_1_73' title='bbox 657 2120 710 2182; x_wconf 70' lang='grc' dir='ltr'>περὶ</span> <span class='ocrx_word' id='word_1_74' title='bbox 721 2137 776 2181; x_wconf 87' lang='grc' dir='ltr'>μον.</span> <span class='ocrx_word' id='word_1_75' title='bbox 787 2119 838 2182; x_wconf 73' lang='grc' dir='ltr'>λέξ.</span> <span class='ocrx_word' id='word_1_76' title='bbox 853 2136 877 2184; x_wconf 83' lang='grc' dir='ltr'>ρ.</span> <span class='ocrx_word' id='word_1_77' title='bbox 887 2135 902 2184; x_wconf 88' lang='grc'><strong>9</strong></span> <span class='ocrx_word' id='word_1_78' title='bbox 917 2119 954 2183; x_wconf 84' lang='lat' dir='ltr'><strong>[ii.</strong></span> <span class='ocrx_word' id='word_1_79' title='bbox 968 2135 993 2184; x_wconf 90' lang='lat' dir='ltr'>p.</span> <span class='ocrx_word' id='word_1_80' title='bbox 1007 2132 1056 2183; x_wconf 80' lang='lat'>914</span> <span class='ocrx_word' id='word_1_81' title='bbox 1067 2117 1173 2182; x_wconf 82' lang='lat' dir='ltr'><strong>Lentz.].</strong></span> 
     </span>
    </p>
   </div>
   <div class='ocr_carea' id='block_1_6' title="bbox 712 2343 760 2387">
    <p class='ocr_par' dir='ltr' id='par_1_6' title="bbox 712 2343 760 2387">
     <span class='ocr_line' id='line_1_15' title="bbox 712 2343 760 2387; baseline 0.021 -1"><span class='ocrx_word' id='word_1_82' title='bbox 712 2343 760 2387; x_wconf 90' lang='lat'>11.</span> 
     </span>
    </p>
   </div>
   <div class='ocr_carea' id='block_1_7' title="bbox 262 2459 1175 2646">
    <p class='ocr_par' dir='ltr' id='par_1_7' title="bbox 262 2459 1175 2646">
     <span class='ocr_line' id='line_1_16' title="bbox 262 2459 1025 2542; baseline 0.001 -20"><span class='ocrx_word' id='word_1_83' title='bbox 262 2459 391 2539; x_wconf 77' lang='grc' dir='ltr'>Νήπιος,</span> <span class='ocrx_word' id='word_1_84' title='bbox 406 2459 438 2526; x_wconf 82' lang='grc' dir='ltr'>δς</span> <span class='ocrx_word' id='word_1_85' title='bbox 455 2460 569 2542; x_wconf 89' lang='grc' dir='ltr'>πατέρα</span> <span class='ocrx_word' id='word_1_86' title='bbox 585 2463 699 2527; x_wconf 85' lang='grc' dir='ltr'>κτείνας</span> <span class='ocrx_word' id='word_1_87' title='bbox 716 2465 824 2528; x_wconf 87' lang='grc' dir='ltr'>παῖδας</span> <span class='ocrx_word' id='word_1_88' title='bbox 841 2462 1025 2525; x_wconf 82' lang='grc' dir='ltr'>καταλείπει.</span> 
     </span>
     <span class='ocr_line' id='line_1_17' title="bbox 404 2580 1175 2646; baseline -0.003 -16"><span class='ocrx_word' id='word_1_89' title='bbox 404 2581 483 2630; x_wconf 86' lang='lat' dir='ltr'>Clem.</span> <span class='ocrx_word' id='word_1_90' title='bbox 496 2581 567 2630; x_wconf 81' lang='lat' dir='ltr'>Alex.</span> <span class='ocrx_word' id='word_1_91' title='bbox 580 2580 669 2630; x_wconf 85' lang='lat' dir='ltr'><strong>Strom.</strong></span> <span class='ocrx_word' id='word_1_92' title='bbox 682 2581 726 2630; x_wconf 90' lang='lat' dir='ltr'>VI.</span> <span class='ocrx_word' id='word_1_93' title='bbox 739 2597 764 2646; x_wconf 90' lang='lat' dir='ltr'>p.</span> <span class='ocrx_word' id='word_1_94' title='bbox 779 2581 824 2643; x_wconf 80' lang='lat'>265</span> <span class='ocrx_word' id='word_1_95' title='bbox 839 2581 897 2643; x_wconf 85' lang='lat'><strong>(625</strong></span> <span class='ocrx_word' id='word_1_96' title='bbox 910 2580 1096 2644; x_wconf 68' lang='lat' dir='ltr'>A)‚Sy1b.745</span> <span class='ocrx_word' id='word_1_97' title='bbox 1109 2580 1175 2629; x_wconf 80' lang='lat' dir='ltr'><strong>Pott.</strong></span> 
     </span>
    </p>
   </div>
   <div class='ocr_carea' id='block_1_8' title="bbox 637 2838 837 2898">
    <p class='ocr_par' dir='ltr' id='par_1_8' title="bbox 637 2838 837 2898">
     <span class='ocr_line' id='line_1_18' title="bbox 637 2838 837 2898; baseline -0.01 0"><span class='ocrx_word' id='word_1_98' title='bbox 637 2838 837 2898; x_wconf 85' lang='grc' dir='ltr'><strong>ΑΙΘΙΟΠΙΣ.</strong></span> 
     </span>
    </p>
   </div>
   <div class='ocr_carea' id='block_1_9' title="bbox 261 2969 1210 3365">
    <p class='ocr_par' dir='ltr' id='par_1_9' title="bbox 261 2969 1210 3365">
     <span class='ocr_line' id='line_1_19' title="bbox 308 2969 1210 3055; baseline 0 -21"><span class='ocrx_word' id='word_1_99' title='bbox 308 2972 448 3052; x_wconf 89' lang='grc' dir='ltr'>Πρόκλου</span> <span class='ocrx_word' id='word_1_100' title='bbox 477 2973 717 3055; x_wconf 87' lang='grc' dir='ltr'>χρηστομαθείας</span> <span class='ocrx_word' id='word_1_101' title='bbox 743 2975 948 3055; x_wconf 77' lang='grc' dir='ltr'>γραμματικῆς</span> <span class='ocrx_word' id='word_1_102' title='bbox 974 2971 1008 3036; x_wconf 88' lang='grc' dir='ltr'>τδ</span> <span class='ocrx_word' id='word_1_103' title='bbox 1034 2969 1078 3051; x_wconf 86' lang='grc' dir='ltr'>β’.</span> <span class='ocrx_word' id='word_1_104' title='bbox 1123 2971 1210 3035; x_wconf 78' lang='grc' dir='ltr'>Ἐπι-</span> 
     </span>
     <span class='ocr_line' id='line_1_20' title="bbox 262 3073 1208 3162; baseline 0.001 -26"><span class='ocrx_word' id='word_1_105' title='bbox 262 3074 376 3155; x_wconf 85' lang='grc' dir='ltr'>βάλλει</span> <span class='ocrx_word' id='word_1_106' title='bbox 400 3076 433 3138; x_wconf 77' lang='grc' dir='ltr'>δὲ</span> <span class='ocrx_word' id='word_1_107' title='bbox 455 3081 517 3142; x_wconf 81' lang='grc' dir='ltr'>τοῖς</span> <span class='ocrx_word' id='word_1_108' title='bbox 540 3073 763 3156; x_wconf 87' lang='grc' dir='ltr'>προειρημένοις</span> <span class='ocrx_word' id='word_1_109' title='bbox 786 3076 818 3139; x_wconf 80' lang='grc' dir='ltr'>έν</span> <span class='ocrx_word' id='word_1_110' title='bbox 840 3077 876 3162; x_wconf 76' lang='grc' dir='ltr'>τῇ</span> <span class='ocrx_word' id='word_1_111' title='bbox 899 3081 956 3156; x_wconf 82' lang='grc' dir='ltr'>πρὸ</span> <span class='ocrx_word' id='word_1_112' title='bbox 974 3075 1081 3153; x_wconf 79' lang='grc' dir='ltr'>ταύτης</span> <span class='ocrx_word' id='word_1_113' title='bbox 1100 3075 1208 3158; x_wconf 81' lang='grc' dir='ltr'>βίβλῳ</span> 
     </span>
     <span class='ocr_line' id='line_1_21' title="bbox 262 3175 1210 3261; baseline 0.002 -23"><span class='ocrx_word' id='word_1_114' title='bbox 262 3176 355 3244; x_wconf 84' lang='grc' dir='ltr'>Ἰλιὰς</span> <span class='ocrx_word' id='word_1_115' title='bbox 384 3177 526 3261; x_wconf 78' lang='grc' dir='ltr'>Ὁμήρου·</span> <span class='ocrx_word' id='word_1_116' title='bbox 570 3178 635 3258; x_wconf 82' lang='grc' dir='ltr'>μεθ’</span> <span class='ocrx_word' id='word_1_117' title='bbox 667 3178 705 3258; x_wconf 86' lang='grc' dir='ltr'>ἥν</span> <span class='ocrx_word' id='word_1_118' title='bbox 731 3180 816 3242; x_wconf 71' lang='grc' dir='ltr'>ἔστιν</span> <span class='ocrx_word' id='word_1_119' title='bbox 840 3180 1017 3246; x_wconf 74' lang='grc' dir='ltr'>Αἰθιοπίδος</span> <span class='ocrx_word' id='word_1_120' title='bbox 1041 3181 1156 3258; x_wconf 85' lang='grc' dir='ltr'>βιβλία</span> <span class='ocrx_word' id='word_1_121' title='bbox 1185 3175 1210 3241; x_wconf 86' lang='grc' dir='ltr'>ε’</span> 
     </span>
     <span class='ocr_line' id='line_1_22' title="bbox 261 3282 1207 3365; baseline 0.002 -20"><span class='ocrx_word' id='word_1_122' title='bbox 261 3282 416 3363; x_wconf 89' lang='grc' dir='ltr'>Ἀρκτίνον</span> <span class='ocrx_word' id='word_1_123' title='bbox 441 3286 605 3361; x_wconf 85' lang='grc' dir='ltr'>Μιλησίου,</span> <span class='ocrx_word' id='word_1_124' title='bbox 631 3282 810 3365; x_wconf 85' lang='grc' dir='ltr'>περιέχοντα</span> <span class='ocrx_word' id='word_1_125' title='bbox 836 3282 916 3346; x_wconf 89' lang='grc' dir='ltr'>τάδε.</span> <span class='ocrx_word' id='word_1_126' title='bbox 961 3283 1100 3363; x_wconf 83' lang='grc' dir='ltr'>Ἀμαζὼν</span> <span class='ocrx_word' id='word_1_127' title='bbox 1126 3287 1207 3347; x_wconf 86' lang='grc' dir='ltr'>Πεν-</span> 
     </span>
    </p>
   </div>
   <div class='ocr_carea' id='block_1_10' title="bbox 262 3383 1210 3778">
    <p class='ocr_par' dir='ltr' id='par_1_10' title="bbox 262 3383 1210 3778">
     <span class='ocr_line' id='line_1_23' title="bbox 265 3383 1209 3470; baseline 0 -20"><span class='ocrx_word' id='word_1_128' title='bbox 265 3386 399 3450; x_wconf 86' lang='grc' dir='ltr'>θεσίλεια</span> <span class='ocrx_word' id='word_1_129' title='bbox 423 3389 617 3470; x_wconf 87' lang='grc' dir='ltr'>παραγίνεται</span> <span class='ocrx_word' id='word_1_130' title='bbox 631 3389 735 3466; x_wconf 84' lang='grc' dir='ltr'>Τρωσὶ</span> <span class='ocrx_word' id='word_1_131' title='bbox 758 3384 1011 3469; x_wconf 77' lang='grc' dir='ltr'>συμμαχήσουσα,</span> <span class='ocrx_word' id='word_1_132' title='bbox 1024 3383 1139 3467; x_wconf 78' lang='grc' dir='ltr'>Ἀρεοις</span> <span class='ocrx_word' id='word_1_133' title='bbox 1152 3388 1209 3466; x_wconf 75' lang='grc' dir='ltr'>μὲν</span> 
     </span>
     <span class='ocr_line' id='line_1_24' title="bbox 265 3487 1208 3574; baseline 0.002 -23"><span class='ocrx_word' id='word_1_134' title='bbox 265 3487 403 3571; x_wconf 77' lang='grc' dir='ltr'>θυγάτηρ,</span> <span class='ocrx_word' id='word_1_135' title='bbox 435 3493 569 3574; x_wconf 76' lang='grc' dir='ltr'>Θρᾷσσα</span> <span class='ocrx_word' id='word_1_136' title='bbox 590 3491 624 3554; x_wconf 65' lang='grc' dir='ltr'>δὲ</span> <span class='ocrx_word' id='word_1_137' title='bbox 645 3489 680 3554; x_wconf 89' lang='grc' dir='ltr'>τὸ</span> <span class='ocrx_word' id='word_1_138' title='bbox 700 3489 797 3572; x_wconf 83' lang='grc' dir='ltr'>γένος·</span> <span class='ocrx_word' id='word_1_139' title='bbox 826 3489 874 3554; x_wconf 84' lang='grc' dir='ltr'>καὶ</span> <span class='ocrx_word' id='word_1_140' title='bbox 901 3491 1008 3554; x_wconf 87' lang='grc' dir='ltr'>κτείνει</span> <span class='ocrx_word' id='word_1_141' title='bbox 1031 3489 1123 3569; x_wconf 74' lang='grc' dir='ltr'>αὐτὴν</span> <span class='ocrx_word' id='word_1_142' title='bbox 1144 3490 1208 3570; x_wconf 82' lang='grc' dir='ltr'>θρι-</span> 
     </span>
     <span class='ocr_line' id='line_1_25' title="bbox 264 3589 1210 3674; baseline 0.005 -21"><span class='ocrx_word' id='word_1_143' title='bbox 264 3593 431 3656; x_wconf 84' lang='grc' dir='ltr'>στεθουσαν</span> <span class='ocrx_word' id='word_1_144' title='bbox 445 3589 617 3673; x_wconf 83' lang='grc' dir='ltr'>Ἀχιλλεύς,</span> <span class='ocrx_word' id='word_1_145' title='bbox 636 3595 666 3656; x_wconf 87' lang='grc' dir='ltr'>οί</span> <span class='ocrx_word' id='word_1_146' title='bbox 682 3595 715 3656; x_wconf 69' lang='grc' dir='ltr'>δὲ</span> <span class='ocrx_word' id='word_1_147' title='bbox 729 3597 831 3674; x_wconf 78' lang='grc' dir='ltr'>Τρῶες</span> <span class='ocrx_word' id='word_1_148' title='bbox 846 3593 938 3673; x_wconf 76' lang='grc' dir='ltr'>αὐτὴν</span> <span class='ocrx_word' id='word_1_149' title='bbox 957 3591 1115 3658; x_wconf 78' lang='grc' dir='ltr'>θάπτουσι.</span> <span class='ocrx_word' id='word_1_150' title='bbox 1160 3595 1210 3658; x_wconf 86' lang='grc' dir='ltr'>καὶ</span> 
     </span>
     <span class='ocr_line' id='line_1_26' title="bbox 262 3691 1208 3778; baseline 0.003 -21"><span class='ocrx_word' id='word_1_151' title='bbox 262 3695 424 3778; x_wconf 79' lang='grc' dir='ltr'>Ἀχιλλεὺς</span> <span class='ocrx_word' id='word_1_152' title='bbox 441 3697 596 3773; x_wconf 87' lang='grc' dir='ltr'>Θερσίτην</span> <span class='ocrx_word' id='word_1_153' title='bbox 611 3697 735 3777; x_wconf 82' lang='grc' dir='ltr'>ἀναιρεῖ,</span> <span class='ocrx_word' id='word_1_154' title='bbox 755 3697 941 3778; x_wconf 80' lang='grc' dir='ltr'>λοιδορηθεὶς</span> <span class='ocrx_word' id='word_1_155' title='bbox 964 3702 1038 3778; x_wconf 87' lang='grc' dir='ltr'>πρὸς</span> <span class='ocrx_word' id='word_1_156' title='bbox 1053 3691 1143 3760; x_wconf 79' lang='grc' dir='ltr'>οὗτοΰ</span> <span class='ocrx_word' id='word_1_157' title='bbox 1159 3699 1208 3760; x_wconf 85' lang='grc' dir='ltr'>καὶ</span> 
     </span>
    </p>
   </div>
   <div class='ocr_carea' id='block_1_11' title="bbox 0 0 1389 4232">
    <p class='ocr_par' dir='ltr' id='par_1_11' title="bbox 0 0 1389 4232">
     <span class='ocr_line' id='line_1_27' title="bbox 0 0 1389 4232; baseline 0 0"><span class='ocrx_word' id='word_1_158' title='bbox 0 0 1389 4232; x_wconf 95' lang='lat' dir='ltr'> </span> 
     </span>
    </p>
   </div>
  </div>
 </body>
</html>
