2792 4232
264 289 325 370 296
579 296 629 364 15·
655 287 824 345 ιλικοος
846 286 884 345 0.

304 450 369 530 Τήν
384 451 417 516 δὲ
431 450 499 535 μέγ’
515 451 652 536 ὀχθήσας
668 452 808 534 προσέφη
828 453 935 518 κλντδς
951 451 1150 532 ἐννοσίγαιος·
1271 467 1282 487 ’”

263 549 314 613 “eb
331 550 432 625 πόποι,
449 547 508 634 ἦρ’
524 550 636 633 ἀγαθός
651 577 707 633 περ
723 553 780 616 ἔδυ
795 551 967 634 ὑπέροπλον
981 552 1090 626 ἔειπεν,
1158 564 1203 624 185

263 659 292 720 εί
304 654 334 735 μ’
351 656 493 735 ὁμότιμον
508 656 596 719 ἐόντα
610 656 666 740 βίῃ
683 654 810 718 ἀέκοντα
825 652 953 732 καθέξει.

262 763 341 838 τρεῖς
356 758 413 842 γάρ
428 756 455 821 τ’
473 763 504 822 ἔκ
521 759 636 839 Κρόνου
652 761 735 837 εἰμὲν
751 759 907 838 ἀδελφεοί,
924 757 975 824 οὓς
991 755 1094 822 τέκετο
1108 756 1190 834 Ῥέα,

264 859 338 925 Ζεὺς
353 861 402 923 καὶ
418 861 485 942 ἔγό,
502 863 637 943 τρίτατος
652 858 679 924 δ’
699 859 808 938 Ἀίδης,
824 859 974 941 ἐνέροισιν
988 859 1141 926 ἀνάσσων.

263 967 370 1046 τριχθὰ
385 966 417 1028 δὲ
432 963 530 1028 πάντα
545 963 697 1040 δέδασται,
715 963 842 1029 ἔκαστος
858 962 884 1028 δ’
900 964 1010 1046 ἔμμορε
1025 965 1117 1042 τιμῆς·

264 1064 282 1144 ή
300 1091 346 1129 τοι
362 1067 439 1148 έγὼν
456 1067 569 1148 ἔλαχον
584 1066 696 1145 πολιὴν
711 1066 773 1130 ἀλα
788 1066 908 1145 ναιέμεν
923 1069 982 1131 αἰεί
1158 1091 1205 1142 ¹90

263 1170 472 1249 παλλομένων,
487 1168 591 1247 Ἀίδης
606 1168 633 1234 δ’
649 1171 744 1253 ἔλαχε
760 1171 854 1250 ζόφον
867 1171 1018 1252 ἠερόεντα,

264 1272 339 1338 Ζεὺς
354 1270 380 1335 δ’
398 1268 485 1355 ἔλαχ’
502 1272 627 1355 οὐρανὸν
642 1273 728 1354 εὐρὺν
743 1276 776 1337 έν
792 1273 888 1354 αἰθέρι
903 1274 952 1338 καί
968 1273 1127 1359 νεφέλῃσι·

263 1379 336 1454 γαῖα
350 1371 376 1437 δ’
392 1376 437 1439 ἔτι
452 1373 523 1455 ξυνὴ
539 1373 661 1439 πάντων
676 1378 725 1439 καὶ
740 1376 851 1456 μακρὸς
863 1376 1029 1456 Ὄλυμπος.

264 1480 304 1561 τῷ
318 1479 357 1559 ῥα
372 1479 421 1541 καὶ
437 1477 515 1540 οὔτι
531 1479 605 1542 Διὸς
620 1477 733 1558 βέομαι
748 1480 868 1559 φρεσίν,
885 1480 968 1542 ἀλλὰ
983 1480 1090 1558 ἕκηλος

264 1575 312 1640 καὶ
328 1581 468 1659 κρατερός
484 1602 539 1657 περ
555 1577 612 1640 ἔδυ
627 1576 740 1657 μενέτω
756 1581 876 1666 τριτάτῃ
893 1583 938 1646 ἐνὶ
951 1582 1050 1668 μοίρῃ.
1159 1607 1206 1660 ¹9⁵

262 1678 352 1762 χερσί
367 1681 399 1745 δὲ
413 1678 454 1759 μή
469 1680 500 1742 τί
512 1703 550 1757 με
565 1678 668 1762 πάγχυ
682 1680 774 1746 κακδν
789 1683 828 1748 ὣς
844 1685 1053 1748 δειδισσέσθω·

265 1781 483 1863 θυγατέρεσσιν
498 1779 556 1862 γάρ
571 1805 604 1844 τε
620 1781 669 1844 καὶ
684 1779 768 1844 νίόσι
782 1780 931 1863 βέλτερον
945 1785 991 1860 εἰη

264 1885 428 1967 ἐκπάγλοις
444 1883 589 1949 ἐπέεσσιν
604 1882 776 1963 ἐνισσέμεν,
792 1883 844 1950 οὓς
858 1883 943 1948 τέκεν
957 1885 1055 1963 αὐτός,

265 1991 297 2052 οί
311 1993 380 2052 ἑθεν
395 1987 571 2069 ὀτρύνοντος
586 1987 767 2051 ἀκούσονται
786 1987 834 2052 καὶ
850 1985 993 2074 ἀνάγκῃ.”

307 2092 370 2156 Τὸν
385 2091 409 2155 δ’
425 2088 561 2171 ἠμείβετ’
578 2090 682 2156 ἔπειτα
696 2089 864 2172 ποδήνεμος
878 2091 958 2156 ἀκέο
968 2091 1051 2175 Ἰρις·
1161 2123 1210 2159 200

265 2202 286 2231 “
297 2196 372 2258 οὕτω
388 2197 446 2276 γδρ
461 2193 496 2272 δή
513 2219 569 2267 τοι,
585 2193 713 2277 γαιήοχε
729 2200 918 2278 κυανοχαῖτα,

264 2300 350 2363 τόνδε
366 2296 448 2378 φέρω
465 2297 517 2360 Διὶ
531 2302 626 2376 μῦθον
641 2296 758 2377 ἀπηνέα
773 2323 806 2362 τε
822 2299 964 2381 κρατερόν
978 2324 1020 2372 τε,

266 2399 327 2478 ἦτι
341 2398 579 2482 μεταστρέφεις;
604 2401 749 2482 στρεπταὶ
763 2400 819 2479 μέν
834 2426 867 2465 τε
882 2400 992 2482 φρένες
1006 2405 1136 2470 ἔσθλῶν.

266 2500 344 2566 οἶσθ’
361 2502 400 2569 ὣς
414 2501 669 2585 πρεσβυτέροισιν
686 2501 818 2585 Ἐρινύες
833 2504 897 2568 αἰέν
912 2503 1066 2570 ἔπουται.”

307 2606 372 2685 Τὴν
387 2605 411 2670 δ’
428 2606 499 2670 αὖτε
513 2605 677 2687 προσέειπε
692 2605 872 2671 Ποσειδάων
887 2608 1063 2692 ἐνοσίχθων·
1163 2638 1211 2688 ²05

266 2721 285 2745 “
291 2707 351 2792 Ἶρι
366 2707 430 2786 θεά,
448 2707 533 2788 μάλα
547 2714 634 2772 τοῦτο
650 2709 723 2774 ἔπος
738 2711 813 2773 κατά
826 2713 934 2791 μοῖραν
950 2711 1057 2777 ἔειπες·

265 2811 380 2876 ἐσθλὸν
396 2812 445 2875 καὶ
460 2811 495 2876 τδ
509 2811 655 2888 τέτυκται,
673 2809 717 2875 ὅτ’
733 2812 864 2894 ἀγγελος
879 2815 987 2894 αἴσιμα
1005 2815 1080 2900 εἰδῇ.

266 2916 348 2978 ἀλλὰ
362 2912 425 2979 τόδ’
441 2915 525 2979 αἰνδυ
541 2915 616 2997 ἀχος
632 2916 755 2997 κραδίην
772 2915 821 2979 καῖ
837 2914 931 2996 θνμδν
948 2915 1052 2990 ἱκάνει,

266 3014 374 3082 ὁππότ’
389 3015 426 3080 δν
442 3018 586 3098 ἰσόμορον
602 3019 650 3082 καί
666 3018 724 3105 όμῇ
740 3017 937 3098 πεπρωμένον
951 3023 1024 3106 αίσῃ

265 3121 405 3185 νεικείειν
420 3119 545 3204 έθέλῃσι
560 3125 747 3203 χολωτοῖσιν
762 3120 917 3186 ἔπέεσσιν.
1164 3152 1213 3191 ιιο

267 3219 338 3285 ἀλλ’
355 3220 374 3300 ἦ
389 3246 435 3284 τοι
450 3227 502 3287 νῦν
516 3221 573 3301 μέν
588 3249 621 3288 κε
637 3224 835 3304 νεμεσσηθεὶς
849 3222 988 3302 ὑποείξω·

266 3326 346 3390 ἀλλο
362 3323 395 3387 δέ
409 3349 456 3388 τοι
473 3325 554 3404 ἐρέω,
572 3326 622 3391 καί
638 3324 795 3405 ἀπειλήσω
810 3328 847 3391 τό
859 3353 896 3410 γε
914 3329 1007 3413 θυμῷ·

266 3432 299 3493 οἰ
312 3453 363 3493 κεν
378 3427 449 3492 ἄνευ
463 3427 569 3508 έμέθευ
584 3430 633 3492 καί
649 3426 810 3509 Ἀθηναίης
826 3431 974 3513 ἀγελείης,

262 3532 361 3614 Ἥρης
376 3530 504 3611 Ἑρμείω
519 3556 553 3596 τε
569 3532 617 3595 καί
631 3530 820 3614 Ἡφαίστοιο
834 3534 969 3612 άνακτος,

267 3636 363 3700 Ἰλίου
377 3635 513 3712 αἰπεινῆς
528 3633 738 3716 πεφιδήσεται,
755 3632 816 3701 οὐδ’
831 3634 973 3714 ἐθελήσει
1163 3667 1211 3718 ²¹5
