2848 4296
493 368 541 432 19·
566 351 737 411 ικικαον
760 353 795 412 τ.
1046 353 1108 434 387

170 523 253 586 δείδω
268 518 309 600 μή
324 545 376 600 μοι
391 521 489 602 τόφρα
505 523 668 610 Μενοιτίου
687 521 815 601 ἄλκιμον
831 523 898 585 υἱὸν

169 630 248 704 μυῖαι
264 629 410 688 καδδῦσαι
427 627 502 688 κατὰ
516 624 728 708 χαλκοτύπους
743 623 870 690 ὠτειλὰς
1083 649 1112 700 25

171 729 256 795 εὐλὰς
275 730 478 812 ἐγγείνωνται,
495 730 677 793 ἀεικίσσωσι
692 731 725 794 δέ
740 729 888 809 νεκρόν-

170 837 200 896 ἐκ
219 833 243 897 δ’
261 834 334 896 αίδν
349 831 604 914 πέφαται-κατὰ
620 835 654 896 δέ
669 833 747 914 χρόα
763 832 861 896 πάντα
877 829 1010 918 σοπήη.”

209 936 270 1000 Τὸν
285 936 309 1000 δ’
326 936 463 1016 ἠμείβετ’
482 937 586 1000 ἔπειτα
601 939 656 1000 θεὰ
672 935 764 1002 Θέτις
781 935 981 1019 ἀργυρόπεζα·

171 1040 311 1115 “τέκνον,
327 1038 369 1120 μή
384 1065 432 1102 τοι
446 1045 540 1102 ταῦτα
553 1042 630 1118 μετὰ
646 1036 740 1121 φρεσί
757 1041 832 1125 σῇσι
847 1037 1011 1120 μελόντων.

132 1167 135 1176 ’
170 1147 207 1229 τῷ
218 1147 274 1224 μὲν
289 1143 348 1227 ἐγὼ
365 1141 500 1224 πειρήσω
516 1143 664 1208 ἀλαλκεῖν
676 1143 767 1226 ἄγρια
783 1149 875 1224 φῦλα,
1082 1170 1115 1218 30

169 1248 262 1328 μυίας,
280 1249 313 1310 αί
325 1246 364 1330 ῥά
379 1273 412 1311 τε
429 1254 532 1328 φῶτας
545 1246 730 1328 ἀρηϊφάτους
745 1245 931 1310 κατέδουσιν·

169 1349 204 1428 ήν
218 1376 273 1431 περ
288 1354 346 1434 γὰρ
362 1352 449 1429 κῆταί
464 1377 500 1433 γε
516 1351 707 1431 τελεσφόρον
723 1352 766 1416 εἰς
782 1351 927 1423 ἐνιαυτόν,

169 1453 225 1518 αἰεὶ
240 1457 279 1539 τῷ
298 1453 327 1537 γ’
344 1455 431 1519 ἔσται
446 1456 526 1537 χρὼς
542 1455 679 1535 ἔμπεδος,
696 1451 714 1533 ἢ
732 1455 780 1518 καὶ
796 1454 915 1535 ἀρείων.

169 1558 248 1622 ἀλλά
264 1558 303 1621 σύ
317 1557 346 1642 γ’
363 1562 405 1625 είς
421 1559 534 1642 ἀγορήν
550 1558 683 1624 καλέσας
698 1558 796 1639 ήρωας
813 1556 966 1640 Ἀχαιούς,

168 1666 254 1742 μῆνιν
272 1665 426 1729 ἀποειπὼν
441 1663 655 1746 Ἀγαμέμνονι,
672 1662 792 1744 ποιμένι
806 1669 900 1740 λαῶν,
1082 1687 1112 1736 35

170 1766 246 1847 αἶψα
259 1765 331 1846 μάλ’
348 1769 379 1832 ἐς
399 1768 536 1846 πόλεμον
552 1765 721 1848 θωρήσσεο,
739 1766 830 1830 δύσεο
846 1765 870 1829 δ’
888 1761 1019 1844 ἀλκήν.”

203 1869 267 1936 Ὣς
282 1871 339 1952 ἀρα
355 1869 528 1952 φωνήσασα
543 1870 633 1950 μένος
649 1871 841 1950 πολυθαρσὲς
859 1871 954 1946 ἐνῆκε,

170 1975 335 2060 Πατρόκλῳ
351 1972 378 2038 δ’
394 1972 457 2037 αὔτ’
474 1973 648 2055 ἀμβροσίην
665 1970 712 2036 καὶ
729 1972 835 2053 νέκταρ
850 1973 975 2053 ἐρυθρὸν

169 2071 260 2152 στάξε
277 2076 352 2138 κατὰ
366 2075 465 2156 ῥινῶν,
483 2076 533 2138 ίνα
549 2077 577 2137 οῖ
593 2074 674 2156 χρὼς
692 2073 821 2154 ἔμπεδος
839 2074 895 2150 εἴη.

210 2177 310 2260 Αύτδρ
326 2180 343 2240 ὁ
357 2182 400 2257 βῆ
416 2182 497 2259 παρὰ
514 2182 583 2241 θῖνα
599 2175 760 2256 θαλάσσης
777 2179 840 2242 δῖος
856 2172 1021 2258 Ἀχιλλεὺς
1081 2203 1113 2252 40

169 2281 339 2363 σμερδαλέα
355 2280 458 2365 ἰάχων,
476 2280 573 2363 ὦρσεν
589 2281 614 2345 δ’
630 2282 729 2361 ἥρωας
743 2280 899 2362 Ἀχαιούς.

169 2386 218 2448 καί
230 2385 261 2467 ῥ’
279 2387 310 2449 οί
323 2410 379 2466 περ
395 2385 432 2449 τό
446 2383 538 2467 πάρος
554 2412 589 2467 γε
607 2391 682 2450 νεῶν
699 2388 732 2448 ἐν
747 2386 841 2467 ἀγῶνι
856 2382 1013 2463 μένεσκον,

168 2490 200 2551 οἵ
211 2514 245 2552 τε
260 2492 441 2570 κυβερνήται
456 2488 504 2552 καὶ
520 2490 595 2572 έχον
611 2488 692 2567 οἰήϊα
708 2495 787 2569 νηῶν

168 2590 216 2656 καὶ
230 2593 333 2672 ταμίαι
348 2592 429 2674 παρὰ
445 2594 551 2672 νηυσὶν
568 2594 652 2666 έσαν,
671 2595 769 2658 σίτοιο
786 2597 918 2675 δοτῆρες,

169 2685 289 2776 καὶμὴν
305 2699 333 2759 οἱ
349 2698 418 2760 τότε
432 2697 460 2778 γ’
478 2699 521 2762 είς
537 2697 650 2780 ἀγορήν
666 2699 746 2772 ἵσαν,
764 2697 859 2761 οὕνεκ’
874 2695 1042 2780 Ἀχιλλεὺς
1079 2722 1111 2771 45

168 2796 308 2880 ἐξεφάνη,
325 2799 415 2879 δηρὸν
430 2801 463 2863 δέ
477 2798 578 2882 μάχης
596 2797 737 2864 ἐπέπαυτ’
757 2802 925 2882 ἀλεγεινῆς.

167 2903 207 2964 τὸ
223 2904 254 2966 δέ
269 2902 329 2966 δύω
345 2900 489 2980 σκάζοντε
506 2900 606 2982 βάτην
620 2903 728 2984 Ἀρεος
743 2902 916 2985 θεράποντε,

165 3004 309 3085 Τυδείδης
324 3031 357 3069 τε
371 3007 595 3087 μενεπτόλεμος
612 3008 660 3069 καὶ
675 3011 738 3072 δῖος
752 3005 932 3081 Ὀδυσσεύς,

166 3106 251 3190 έγχει
266 3108 454 3191 ἐρειδομένω·
486 3111 531 3174 ἐτι
549 3114 607 3193 γὰρ
624 3111 697 3194 έχον
715 3110 806 3174 ἕλκεα
816 3107 923 3191 λυγρά·

166 3212 220 3276 κὰδ
236 3214 269 3277 δὲ
283 3213 360 3294 Ιμετάι
375 3215 477 3301 πρύτη
495 3215 589 3302 ἀγορῇ
606 3215 704 3292 ἵζοντο
721 3214 843 3279 κιόντες.
1081 3237 1114 3285 50

165 3316 257 3399 αὐτὰρ
273 3319 290 3380 ὁ
305 3318 446 3383 δεύτατος
459 3317 555 3398 ἦλθεν
571 3315 649 3395 ἄναξ
663 3318 777 3398 ἀνδρῶν
793 3313 1008 3398 Ἀγαμέμνων,

164 3419 253 3487 ἕλκος
265 3421 355 3506 ἔχων·
390 3424 439 3486 καὶ
455 3424 514 3504 γὰρ
527 3426 580 3485 τὸν
596 3417 641 3484 ἐνί
657 3422 782 3506 κρατερῇ
798 3420 909 3505 ὑσμίνη

164 3523 235 3587 ούτα
251 3527 340 3591 Κόων
358 3523 571 3606 Ἀντηνορίδης
586 3521 735 3607 χαλκήρεϊ
750 3523 842 3604 δουρί.

164 3629 257 3713 αὐτὰρ
274 3631 341 3694 ἐπεὶ
357 3629 393 3708 δή
410 3628 521 3694 πάντες
536 3628 750 3706 ἀολλίσθησαν
764 3626 895 3710 Ἀχαιοί,

163 3735 286 3799 τοῖσιδ’
304 3731 504 3812 ἀνιστάμενος
518 3731 634 3813 μετέφη
651 3732 745 3797 πόδας
761 3729 836 3797 ὠκὺς
851 3727 1023 3813 Ἀχιλλεύς·
1079 3752 1110 3800 55
1220 3729 1222 3740 ⁴

615 3829 674 3878 02
