2834 4234
484 362 534 408 12.
557 349 794 409 ολκνναικν
821 349 862 407 M.
1085 358 1147 428 709

199 514 274 596 ήμος
290 517 323 579 δέ
337 515 427 598 τρίχα
443 515 547 582 νυκτὸς
563 515 626 595 ἔην,
641 519 717 595 μετδ
732 516 757 581 δ’
773 516 870 597 ἄστρα
885 515 1026 597 βεβήκει,

198 616 297 700 ὦρσεν
312 619 363 682 ἔπι
381 620 452 698 ζαῆν
467 620 576 698 ἄνεμον
592 619 814 702 νεφεληγερέτα
831 619 904 685 Ζεὺς

198 724 326 787 λαίλαπι
342 724 501 808 θεσπεσίῃ,
519 723 575 787 σὺν
590 726 623 787 δέ
639 724 786 805 νεφέεσσι
801 722 923 804 κάλυψε

197 831 286 906 γαῖαν
301 827 375 906 δμοΰ
391 823 438 889 καὶ
453 828 574 891 πόντον·
604 827 709 908 ἀρόρει
725 826 750 891 δ’
768 826 929 906 οὐρανόθεν
945 823 1008 904 νύξ.

144 947 149 954 ·
198 926 272 1007 ἦμος
289 929 315 992 δ’
329 929 480 1011 ἠριγένεια
494 929 576 1012 φάνη
591 929 810 1012 ῥοδοδάκτυλος
825 928 915 1005 Ἠώς,

198 1033 255 1108 νῆα
269 1035 325 1111 μέν
341 1033 521 1114 ὡρμίσαμεν,
539 1039 644 1098 κοῖλον
660 1033 753 1100 σπέος
770 1034 990 1113 εἰσερύσαντες·

197 1135 269 1199 ἔνθα
283 1133 309 1200 δ’
324 1137 400 1201 ἔσαν
415 1136 571 1218 Νυμφέων
586 1133 674 1199 καλοὶ
689 1138 776 1220 χοροὶ
791 1136 843 1216 ήδέ
861 1137 979 1202 θόωκοι.

197 1236 245 1303 καὶ
260 1238 321 1304 τότ’
336 1241 413 1323 ἐγὼν
428 1241 541 1324 ἀγορήν
556 1239 679 1319 θέμενος
694 1245 770 1319 μετὰ
784 1244 878 1318 μΰθον
894 1245 1005 1304 ἔειπον·

241 1341 314 1405 “'ss
329 1345 428 1425 φίλοι,
445 1346 478 1407 ἐν
492 1343 549 1426 γὰρ
565 1344 615 1422 νηί
632 1347 686 1430 θοῇ
703 1345 818 1424 βρῶσίς
836 1369 869 1406 τε
883 1345 973 1409 πόσις
988 1368 1021 1408 τε

197 1448 292 1525 ἔστιν,
309 1452 370 1511 τῶν
384 1449 418 1511 δέ
435 1453 521 1527 βοῶν
536 1448 728 1531 ἀπεχοίμεθα,
743 1447 784 1528 μή
801 1472 829 1511 τι
845 1449 997 1527 πάθωμεν·

196 1555 296 1614 δεινοῦ
311 1551 368 1633 γὰρ
385 1555 453 1614 θεοῦ
469 1553 534 1615 αἵδε
548 1552 624 1631 βόες
640 1549 688 1614 καὶ
704 1554 775 1632 ίφια
789 1555 882 1630 μῆλα,

197 1651 330 1728 Ἠελίου,
348 1653 381 1720 δς
396 1651 482 1718 πάντ’
498 1656 595 1738 ἐφορᾷ
610 1657 659 1718 καὶ
674 1653 761 1718 πάντ’
777 1653 950 1719 ἐπακούει.”

233 1755 297 1823 Ὣς
312 1757 442 1838 ἐφάμην,
459 1763 558 1822 τοῖσιν
574 1755 599 1822 δ’
614 1759 789 1822 ἐπεπείθετο
806 1758 897 1839 θνμδς
913 1755 1041 1840 ἀγήνωρ.

195 1865 274 1940 μῆνα
289 1865 321 1926 δέ
337 1860 423 1924 πάντ’
438 1861 590 1939 άλληκτος
604 1861 642 1938 άη
658 1862 766 1936 Νότος,
784 1859 851 1924 οὐδέ
864 1886 909 1927 τις
924 1861 1020 1927 ἀλλος

196 1963 309 2046 γίγνετ’
324 1961 417 2028 ἔπειτ’
432 1965 560 2044 ἀνέμων,
578 1966 604 2028 εί
620 1964 661 2043 μή
679 1964 773 2044 Εὖρός
789 1989 823 2027 τε
839 1964 939 2030 Νότος
954 1990 995 2028 τε.

197 2070 226 2131 οῖ
241 2065 266 2133 δ’
281 2067 335 2147 ἧος
350 2069 406 2148 μὲν
422 2073 507 2130 σῖτον
522 2068 595 2148 έχον
612 2064 660 2130 καὶ
676 2067 760 2132 οἶνον
775 2068 908 2147 ἐρυθρόν,

196 2172 293 2251 τόφρα
305 2177 390 2251 βοῶν
406 2169 554 2253 ἀπέχοντο
569 2172 760 2250 λιλαιόμενοι
774 2171 904 2249 βιότοιο.

196 2273 266 2338 ἀλλ’
281 2277 332 2340 ὅτε
350 2275 387 2354 δή
404 2280 474 2353 νηὸς
488 2272 630 2354 ἐξέφθιτο
646 2271 698 2352 ἤϊα
713 2273 822 2352 πάντα,

197 2381 245 2442 καὶ
261 2379 297 2458 δη
312 2378 407 2460 άγρην
423 2377 593 2459 ἐφέπεσκον
608 2375 804 2455 ἀλητεύοντες
819 2377 942 2464 ἀνάγκῃ,

197 2485 282 2564 ἰχθῦς
299 2483 418 2564 ὄρνιθάς
434 2507 477 2559 τε,
494 2481 589 2563 φίλος
604 2480 622 2543 ό
637 2505 665 2544 τι
681 2485 786 2564 χεῖρας
801 2482 906 2558 ίκοιτο,

195 2590 360 2667 γναμπτοῖς
377 2586 594 2668 ἀγκίστροισιν·
623 2586 718 2664 έτειρε
733 2588 766 2649 δέ
781 2583 915 2666 γαστέρα
930 2584 1028 2663 λιμός·

196 2690 232 2768 δή
248 2687 308 2752 τότ’
324 2691 400 2770 ἐγὼν
415 2690 473 2752 ἀνδ
488 2693 581 2764 νῆσον
600 2687 779 2771 ἀπέστιχον,
796 2690 877 2769 ὄφρα
892 2693 1009 2753 θεοῖσιν

197 2792 349 2873 εὐξαίμην,
367 2795 396 2856 εί
408 2793 454 2858 τίς
469 2818 517 2872 μοι
534 2794 604 2856 ὁδὸν
620 2791 728 2872 φήνειε
744 2792 876 2857 νέεσθαι.

196 2894 265 2960 ἀλλ’
282 2899 332 2961 ότε
348 2896 383 2975 δή
399 2896 449 2960 διὰ
464 2895 559 2975 νήσου
575 2897 629 2960 ίὼν
642 2893 740 2974 ήλυξα
756 2897 898 2975 ἑταίρους,

196 3006 299 3085 χεῖρας
314 3001 490 3082 νιψάμενος,
505 2997 551 3063 ὅθ’
566 3002 617 3064 ἐπὶ
632 2999 747 3065 σκέπας
764 2999 801 3080 ήν
817 2998 946 3078 ἀνέμοιο,

195 3103 315 3184 ήράμην
331 3103 481 3168 πάντεσσι
497 3107 578 3170 θεοῖς
594 3103 623 3166 οῖ
636 3102 798 3182 Ὄλυμπον
814 3105 951 3185 ἔχουσιν·

196 3210 226 3271 οἱ
241 3206 267 3272 δ’
282 3208 339 3290 ἄρα
353 3233 404 3289 μοι
419 3207 533 3291 γλνκδν
547 3209 642 3273 ὕπνον
658 3206 708 3272 ἐπὶ
723 3207 932 3288 βλεφάροισιν
947 3208 1065 3291 ἔχευαν.

197 3313 371 3395 Εὐρύλοχος
386 3310 412 3374 δ’
426 3311 562 3392 ἑτάροισι
579 3315 671 3390 κακῆς
686 3309 830 3395 ἐξήρχετο
845 3315 972 3392 βουλῆς·

239 3420 255 3449 “
267 3414 400 3479 Κέκλυτέ
413 3439 468 3495 μευ
482 3414 592 3494 μόθων,
605 3414 680 3477 κακά
695 3441 750 3496 περ
766 3415 939 3499 πάσχοντες
955 3419 1076 3497 ἑταῖροι·
1096 3443 1147 3494 340

197 3516 307 3581 πάντες
321 3518 377 3595 μέν
392 3511 533 3596 στυγεροὶ
542 3512 672 3578 ’θάνατοι
688 3520 819 3579 δειλοῖσι
835 3521 986 3596 βροτοῖσι,

196 3617 275 3701 λιμῷ
291 3617 316 3682 δ’
331 3619 482 3682 οἴκτιστον
497 3616 616 3682 θανέειν
632 3615 680 3681 καὶ
696 3619 812 3696 πότμον
827 3620 979 3684 ἐπισπεῖν.

197 3721 266 3787 ἀλλ’
282 3719 375 3806 ἄγετ’,
390 3718 529 3787 Ἠελίοιο
545 3729 631 3802 βοῶν
645 3722 812 3788 ἐλάσαντες
828 3723 952 3803 ἀρίστας
