2758 4228
253 309 316 392 894
535 329 584 388 24.
607 313 844 376 ΟΔΎΣΣΕΙΑΣ
868 315 906 378 Ω.

251 485 283 548 ἐκ
300 482 405 546 Πύλου
420 482 603 561 ἠμαθόεντος
618 483 672 546 ἰὼν
688 481 746 546 σὺν
762 482 812 562 νηί
825 483 963 567 μελαίνῃ·

251 586 292 647 τὼ
309 589 340 649 δέ
355 589 543 666 μνηστῆρσιν
559 584 689 650 θάνατον
705 593 794 650 κακδν
810 587 971 667 ἀρτύναντε

251 689 352 750 ἵκοντο
370 688 457 768 προτὶ
472 688 549 750 ἄστυ
566 691 756 768 περικλυτόν,
772 687 791 767 ἡ
806 713 852 750 τοι
869 685 1036 752 Ὀδυσσεὺς

250 791 383 871 ὕστερος,
399 791 491 872 αὐτὰρ
506 791 686 874 Τηλέμαχος
702 792 810 874 πρόσθ’
825 781 999 873 ἡγεμόνευε.
1156 817 1204 867 155

251 899 301 958 τδν
318 897 350 958 δὲ
367 896 507 974 συβώτης
522 894 578 978 ἡγε
594 894 667 962 κακὰ
682 895 752 978 χροὶ
767 895 861 975 εἵματ’
877 897 996 978 ἔχοντα,

250 999 361 1082 πτωχῷ
374 999 531 1082 λευγαλέῳ
547 999 718 1078 ἐναλίγκιον
734 999 786 1078 ἠδέ
801 998 918 1081 γέροντι

252 1103 468 1181 σκηπτόμενον·
492 1101 528 1164 τὰ
544 1103 576 1165 δέ
591 1102 688 1185 λυγρὰ
704 1104 770 1181 περὶ
786 1102 855 1184 χροῒ
870 1105 977 1182 εἵματα
994 1102 1075 1166 ἐστο·

251 1205 318 1268 οὐδέ
333 1230 378 1272 τις
393 1205 505 1285 ἡμείων
520 1206 626 1270 δύνατο
642 1213 754 1288 γνῶναι
769 1207 821 1270 τὸν
837 1207 925 1270 ἐόντα

250 1308 392 1387 ἐξαπίνης
408 1309 602 1390 προφανέντ’,
617 1311 677 1374 οὐδ’
693 1310 721 1373 οἵ
737 1308 967 1392 προγενέστεροι
983 1308 1074 1388 ἦσαν,
1150 1323 1200 1372 160

250 1413 320 1475 ἀλλ’
337 1413 442 1476 ἐπεσίν
457 1438 490 1476 τε
507 1419 644 1478 κακοῖσιν
659 1415 821 1493 ἐνίσσομεν
837 1413 889 1492 ἠδὲ
903 1415 1046 1498 βολῇσιν.

250 1516 340 1595 αιἰτδρ
357 1517 372 1578 ὁ
388 1515 462 1582 τέως
476 1518 531 1595 μὲν
547 1517 661 1595 ἐτόλμα
676 1514 721 1580 ἐνὶ
736 1516 913 1599 μεγάροισιν
930 1520 1009 1580 ἑοῖσι

249 1619 444 1698 βαλλόμενος
459 1619 507 1682 καὶ
524 1620 719 1700 ἐνισσόμενος
734 1620 874 1698 τετληότι
889 1621 981 1704 θυμῷ·

250 1721 319 1784 ἀλλ’
337 1723 387 1786 ὅτε
402 1711 438 1799 δή
454 1749 504 1801 μιν
521 1722 618 1804 ἔγειρε
635 1727 707 1789 Διὸς
725 1725 793 1788 νόος
809 1724 967 1805 αἰγιόχοιο,

251 1824 306 1888 σὺν
321 1831 377 1903 μὲν
393 1825 563 1909 Τηλεμάχῳ
579 1826 764 1906 περικαλλέα
780 1826 876 1910 τεύχε’
893 1828 993 1906 ἀείρας

249 1930 280 1993 ἐς
296 1927 431 2009 θάλαμον
447 1929 592 2008 κατέθηκε
608 1931 658 1993 καὶ
674 1929 817 2008 ἐκλήϊσεν
833 1931 937 2013 ἀχῆας,

250 2032 340 2112 αὐτὰρ
356 2035 372 2095 ὁ
387 2031 425 2110 ἣν
439 2033 555 2116 ἄλοχον
571 2035 821 2120 πολυκερδείῃσιν
836 2035 934 2115 ἄνωγε

249 2134 338 2213 τόξον
352 2135 561 2218 μνηστήρεσσι
578 2137 666 2218 θέμεν
681 2139 788 2202 πολιόν
803 2164 837 2202 τε
853 2140 984 2218 σίδηρον,

249 2239 320 2319 ἡμῖν
335 2241 540 2322 αἰνομόροισιν
556 2241 664 2311 ἀέθλια
681 2244 727 2304 καὶ
744 2242 840 2321 φόνου
855 2240 960 2324 ἀρχήν.

251 2342 319 2406 οὐδέ
333 2369 377 2409 τις
393 2343 504 2422 ἡμείων
521 2344 629 2406 δύνατο
646 2351 797 2424 κρατεροῖο
812 2349 894 2422 βιοῖο
964 2371 967 2376 ·

250 2446 356 2526 υευρὴν
372 2447 538 2525 ἐντανύσαι,
554 2448 671 2511 πολλὸν
687 2445 711 2510 δ’
726 2447 876 2512 ἐπιδευέες
893 2446 976 2526 ἦμεν.

250 2550 320 2612 ἀλλ’
336 2552 387 2614 ὅτε
401 2555 505 2632 χεῖρας
521 2552 623 2614 ἵκανεν
638 2550 808 2628 Ὀδυσσῆος
822 2550 901 2632 μέγα
916 2550 1014 2629 τόξον,

251 2653 311 2716 ἐνθ’
326 2653 410 2732 ἡμεῖς
425 2653 480 2730 μὲν
495 2650 605 2717 πάντες
621 2651 805 2731 ὁμοκλέομεν
820 2652 945 2717 ἐπέεσσι

249 2754 338 2833 τόξον
352 2755 392 2833 μὴ
410 2757 540 2836 δόμεναι,
556 2756 622 2833 μηδ’
639 2757 665 2819 εί
681 2755 764 2835 μάλα
779 2755 870 2818 πόλλ’
887 2755 1034 2838 ἀγορεύοι,

248 2858 428 2940 Τηλέμαχος
445 2859 478 2922 δέ
491 2885 544 2939 μιν
558 2859 620 2924 οἶος
636 2859 802 2939 ἐποτρύνων
818 2861 985 2924 ἐκέλευσεν.

249 2962 340 3041 αὐτὰρ
357 2963 372 3024 ὁ
388 2960 492 3040 δέξατο
506 2959 584 3045 χειρὶ
600 2963 754 3030 πολύτλας
772 2967 834 3028 δῖος
849 2963 1025 3040 Ὀδυσσεύς,

247 3065 369 3146 ῥηϊδίως
384 3065 409 3128 δ’
426 3064 575 3129 ἐτάνυσσε
590 3065 673 3144 βιόν,
688 3066 737 3129 διὰ
753 3065 778 3130 δ’
794 3066 848 3145 ἡκε
864 3065 998 3148 σιδὴρου,

249 3169 305 3242 στῆ
323 3165 348 3229 δ’
362 3167 406 3249 ἄρ’
425 3169 469 3232 ἐπ’
488 3170 573 3232 οάδδν
589 3169 649 3246 ίύν,
665 3168 775 3251 ταχέας
794 3169 819 3233 δ’
835 3171 971 3252 ἐκχεύατ’
988 3170 1108 3236 ὀϊστοὺς

249 3275 346 3334 δεινὸν
362 3274 544 3351 παπταίνων,
560 3273 642 3352 βάλε
657 3273 682 3335 δ’
698 3272 853 3336 Ἀντίνοον
867 3276 1014 3354 βασιλῆα.

248 3373 339 3455 αὐτὰρ
355 3375 447 3438 ἔπειτ’
464 3377 571 3440 ἄλλοις
587 3377 667 3456 ἐφίει
684 3376 781 3456 βέλεα
797 3379 967 3455 στονόεντα,
1146 3394 1194 3445 180

246 3477 320 3542 άντα
336 3480 555 3558 τιτυσκόμενος·
578 3477 624 3542 τοὶ
640 3478 664 3541 δ’
682 3481 853 3562 ἀγχιστῖνοι
870 3483 1002 3544 ἔπιπτον.

245 3582 361 3662 γνωτδν
377 3581 402 3644 δ’
418 3580 454 3660 ἦν
470 3583 487 3644 ὅ
499 3581 537 3664 ῥά
552 3585 598 3647 τίς
614 3590 673 3662 σφι
689 3587 764 3648 θεῶν
780 3584 972 3664 ἐπιτάρροθος
989 3583 1051 3663 ἦεν

247 3685 349 3748 αὐτίκα
366 3688 421 3766 γὰρ
438 3687 511 3746 κατὰ
527 3686 635 3766 δόρατ’
653 3689 850 3766 ἐπισπόμενοι
863 3685 948 3766 μένεϊ
963 3691 1035 3773 σφῷ
