2788 4230
260 333 322 402 792
463 275 465 280 Ι
553 334 603 400 17.
626 322 861 382 ΟΔΎΣΣΕΙΑΣ
884 322 916 380 Ρ.

257 491 392 572 ήγογες,·
416 489 435 569 ἦ
450 490 504 571 οάχ
521 489 591 556 ἅλις
608 487 679 570 ῆμιν
694 488 842 571 ἀλήμονές
857 491 918 554 είσι
934 486 983 553 καὶ
999 488 1100 562 ἄλλοι,

183 622 185 627 ·
258 593 374 678 πτωχοὶ
390 594 514 674 ἀνιηροί,
529 598 639 658 δαιτῶν
655 595 925 674 ἀπολυμαντῆρες,·

257 696 277 775 ή
293 699 398 761 ὄνοσαι
414 698 461 761 ὅτι
476 721 523 760 τοι
537 698 647 775 βίοτον
663 696 838 761 κατέδουσιν
854 698 979 762 ἄνακτος

258 799 357 865 ἐνθάδ’
373 801 570 882 ἀγειρόμενοι,
588 800 627 863 σὺ
645 803 678 864 δέ
693 800 741 864 καὶ
756 801 844 881 προτὶ
858 799 936 864 τόνδ’
952 797 1122 864 ἐκάλεσσας
1132 795 1168 870 ,·”

300 905 363 969 Τδν
378 905 404 967 δ’
420 904 664 982 ἀπαμειβόμενος
680 903 848 984 προσέφης,
866 903 979 981 Εὔμαιε
995 907 1130 982 συβῶτα·
1155 915 1206 975 380

258 1014 274 1043 “
284 1005 422 1082 Ἀντίνο’,
440 1007 474 1069 οὐ
488 1010 543 1086 μέν
559 1005 636 1070 καλά
653 1003 701 1070 καὶ
716 1009 829 1073 ἐσθλὸς
844 1007 902 1070 ἐὸν
918 1005 1080 1088 ἀγορεύεις·

256 1113 302 1178 τίς
317 1115 375 1194 γάρ
389 1109 426 1190 δη
443 1109 542 1190 ξεῖνον
558 1115 646 1174 καλεῖ
659 1110 793 1175 ἂλλοθεν
807 1111 894 1176 ούτδς
909 1109 1047 1174 ἐπελθδν

256 1214 356 1279 ἀλλον
370 1214 411 1297 γ’,
426 1217 454 1278 εί
467 1215 509 1293 μῆ
524 1219 586 1278 τῶν
601 1213 630 1277 οδ
646 1212 818 1298 δημιοεργοὶ
834 1215 914 1292 ἔασι,

256 1318 363 1399 μάντιν
377 1314 395 1395 ῆ
412 1319 517 1397 ἰητῆρα
533 1324 630 1381 κακῶν
644 1315 664 1396 ἢ
678 1316 804 1382 τέκτονα
819 1319 939 1399 δούρων,

255 1421 274 1500 ἢ
291 1419 339 1485 καὶ
354 1421 464 1486 θέσπιν
480 1421 592 1498 ἀοιδόν,
607 1423 625 1484 ὅ
640 1447 692 1487 κεν
706 1423 852 1509 τέρπῃσιν
866 1424 996 1497 ἀείδων,·
1155 1435 1204 1496 385

257 1526 337 1588 οὗτοι
353 1528 411 1607 γὰρ
428 1527 535 1604 κλητοί
550 1550 584 1606 γε
599 1530 718 1605 βροτῶν
733 1523 780 1588 ἐπ’
796 1526 940 1606 ἀπείρονα
955 1529 1054 1607 γαῖαν·

255 1634 378 1711 πτωχὸν
393 1628 418 1692 δ’
435 1628 486 1690 οὐκ
503 1628 542 1692 ἀν
556 1653 601 1694 τις
617 1626 718 1690 καλέοι
736 1627 879 1709 τρύξοντα
897 1630 912 1692 ἐ
928 1630 1027 1694 αὐτόν.

256 1731 325 1809 ἀλλ’
341 1732 399 1794 αἰεὶ
414 1737 549 1813 χαλεπὸς
565 1728 631 1812 περὶ
647 1730 768 1794 πάντων
785 1734 826 1798 εἰς
842 1730 1022 1812 μνηστήρων

255 1832 370 1915 δμωσὶν
384 1835 563 1912 Ὀδυσσῆος,
579 1833 646 1915 πέρι
661 1835 687 1898 δ’
702 1835 765 1898 αὖτ’
781 1836 861 1916 ἐμοί·
885 1834 975 1916 αάτάρ
992 1837 1051 1916 ἐγώ
1067 1861 1101 1917 γε

256 1940 307 2003 οὐκ
324 1938 433 2020 ἀλέγω,
449 1938 502 2016 ῆός
517 1963 568 2016 μοι
585 1937 723 2020 ἐχέφρων
738 1939 934 2016 Πηνελόπεια
1148 1965 1199 2019 390

256 2045 323 2121 ζώει
339 2044 383 2106 ἐνὶ
398 2041 539 2123 μεγάροις
556 2038 604 2104 καὶ
619 2041 798 2124 Τηλέμαχος
815 2040 976 2120 θεοειδής.”

298 2146 361 2210 Τὸν
376 2146 401 2209 δ’
416 2145 454 2208 ού
469 2145 651 2226 Τηλέμαχος
667 2146 853 2225 πεπνυμένος
867 2147 969 2210 ἀντίον
984 2147 1070 2224 ηὔδα·

255 2257 273 2284 “
287 2253 368 2331 σίγα,
383 2249 423 2328 μή
438 2274 490 2326 μοι
506 2253 611 2312 τοῦτον
628 2250 754 2329 ἀμείβεο
769 2249 860 2313 πόλλ’
876 2249 1031 2314 ἐπέεσσιν·

255 2354 409 2419 Ἀντίνοος
425 2349 450 2416 δ’
466 2352 552 2418 είωθε
568 2358 667 2418 κακῶς
682 2352 851 2432 ἐρεθιζέμεν
866 2349 925 2416 atel

254 2459 393 2537 μύθοισιν
408 2461 603 2538 χαλεποῖσιν,
622 2456 775 2536 ἐποτρύνει
789 2458 822 2520 δέ
838 2453 886 2519 καὶ
902 2455 1045 2523 ἄλλους.”
1150 2485 1200 2538 395

293 2558 338 2622 Ἦ
353 2561 390 2642 ῥα
403 2560 455 2622 καὶ
470 2559 626 2624 Ἀντίνοον
641 2559 715 2624 ἔπεα
730 2558 891 2642 πτερόεντα
906 2561 1070 2642 προσηύδα·

255 2670 272 2696 “
282 2662 420 2735 Ἀντίνο’,
437 2661 456 2741 ή
470 2687 525 2741 μευ
542 2665 620 2725 καλά
635 2664 731 2744 πατὴρ
748 2664 788 2730 ὣς
804 2662 906 2742 κήδεαι
921 2666 994 2740 υίος,

255 2767 287 2835 δς
302 2774 354 2832 τὸν
370 2766 470 2846 ξεῖνον
484 2765 603 2845 ἀνωγας
619 2765 680 2830 ἀπὸ
695 2766 838 2848 μεγάροιο
854 2769 973 2832 δίεσθαι

253 2871 335 2955 μύθῳ
352 2870 513 2952 ἀναγκαίῳ·
537 2868 577 2947 μῆ
593 2873 682 2932 τοῦτο
699 2871 766 2936 θεὸς
783 2869 929 2934 τελέσειε.

255 2976 306 3040 δός
322 2976 350 3036 οἱ
368 2974 454 3037 ἐλεόν·
478 2971 513 3034 ού
528 2996 574 3035 τοι
590 2972 721 3053 φθονέω·
746 2971 868 3052 κέλομαι
883 2977 940 3057 γάρ
960 2974 1017 3057 ἐγώ
1033 2993 1078 3056 γε·
1149 3003 1201 3054 400

253 3075 320 3157 μήτ’
336 3077 387 3139 οάν
401 3075 500 3159 μητέρ’
517 3076 591 3156 ἐμήν
607 3077 677 3154 ἀζεν
692 3077 727 3139 τό
744 3103 781 3159 γε
794 3076 870 3156 μήτε
885 3078 940 3142 τιν’
957 3079 1054 3143 ἄλλον

253 3182 368 3259 δμώων,
384 3180 413 3243 οἳ
430 3183 504 3243 κατδ
520 3178 629 3257 δώματ’
648 3178 819 3259 Ὀδυσσῆος
834 3184 937 3246 θείοιο.

253 3282 324 3347 ἀλλ’
341 3284 375 3346 ού
390 3309 436 3346 τοι
451 3287 588 3347 τοιοῦτον
607 3281 649 3347 ἐνὶ
665 3288 814 3360 στήθεσσι
831 3287 935 3364 νόημα·

254 3387 340 3452 αὐτὸς
356 3389 414 3468 γάρ
430 3387 566 3469 φαγέμεν
580 3387 661 3450 πολὺ
675 3388 805 3466 βούλεαι
819 3387 838 3468 ἢ
854 3390 945 3468 δόμεν
960 3386 1075 3474 ἀλλιρ.”

295 3490 358 3554 Τὸν
373 3490 397 3553 δ’
413 3490 476 3552 αὖτ’
491 3491 643 3556 Ἀντίνοος
658 3491 903 3572 ἀπαμειβόμενος
918 3492 1090 3573 προσέειπε·
1147 3521 1198 3572 40⁵

254 3603 270 3630 “
281 3591 435 3677 Τηλέμαχ’
451 3595 601 3676 ὑψαγόρη,
616 3592 703 3675 μένος
719 3595 841 3679 ἀσχετε,
857 3600 946 3660 ποῖον
961 3595 1068 3663 ἔειπες.

255 3701 283 3764 εί
297 3700 325 3764 οἱ
340 3697 455 3760 τόσσον
469 3696 579 3762 πόντες
595 3697 732 3778 ὀρέξειαν
745 3700 924 3779 μνηστῆρες,
