2760 4232
261 330 325 412 996
661 334 806 394 TMNOI.

262 502 407 581 πρόφρον,
425 501 622 582 ἐϋπλόκαμος·
648 501 702 565 σέο
719 501 744 566 δ’
760 503 925 585 ἀρχόμενος
942 499 1017 564 κλέα
1032 504 1141 581 φωτῶν

264 603 375 686 ᾄσομαι
389 602 532 682 ἡμιθέων,
549 607 591 668 ὧν
607 604 740 670 κλείουσ’
758 603 879 686 ἔργματ’
894 605 1002 679 ἀοιδοί,

265 706 418 784 Μουσάων
433 709 622 787 θεράποντες,
638 709 698 773 ἀπὸ
714 708 872 787 πομάτων
889 708 1041 788 ἐροέντων.
1181 733 1214 770 το

634 1103 843 1177 XXXIII.

563 1286 625 1370 Είς
649 1295 910 1392 Διοσκούρους.

310 1484 406 1564 Ἀμφὶ
424 1484 496 1551 Διὸς
514 1485 634 1566 κούρους
649 1487 825 1552 ἑλικώπιδες
842 1486 952 1550 ἔσπετε
970 1490 1100 1562 Μοῦσαι,

266 1590 461 1668 Τυνδαρίδας,
478 1585 577 1665 Λήδης
593 1589 805 1669 καλλισφύρου
820 1587 921 1671 ἀγλαὰ
937 1587 1035 1664 τέκνα,

268 1689 409 1769 Κάστορά
424 1690 451 1753 θ’
468 1691 638 1770 ἱππόδαμον
654 1693 702 1755 καὶ
718 1693 879 1772 ἀμώμητον
895 1693 1096 1770 Πολυδεύκεα,

267 1794 335 1859 τοὺς
349 1796 407 1857 ὑπὸ
422 1794 575 1876 Ταϋγέτου
591 1796 707 1879 κορυφῇ
724 1797 809 1876 όρεος
824 1795 970 1879 μεγάλοιο

267 1896 400 1978 μιχθεῖσ’
417 1900 450 1961 ἐν
466 1900 608 1978 φιλότητι
625 1899 805 1979 κελαινεφέϊ
822 1902 967 1981 Κρονίωνι

270 2004 405 2081 σωτῆρας
421 1999 489 2064 τέκε
503 2005 612 2068 παῖδας
629 2003 809 2085 ἐπιχθονίων
824 2003 988 2083 ἀνθρώπων

270 2104 432 2185 ὠκυπόρων
446 2131 479 2169 τε
496 2112 582 2182 νεῶν,
598 2107 648 2169 ὅτε
664 2131 697 2170 τε
713 2105 891 2188 σπέρχωσιν
909 2105 1020 2169 άελλαι
1115 2113 1118 2124 ’
1151 2177 1158 2206 1

269 2207 418 2292 χειμέριαι
436 2213 510 2272 κατὰ
526 2211 637 2274 πόντον
652 2212 823 2293 ἀμείλιχον·
847 2212 876 2273 οί
892 2209 916 2275 δ’
934 2212 992 2273 ἀπὸ
1009 2216 1087 2288 νηῶν
1160 2217 1164 2228 ’

271 2313 428 2397 εὐχόμενοι
445 2313 588 2377 καλέουσι
606 2321 680 2381 Διὸς
696 2315 817 2395 κούρους
830 2312 978 2396 μεγάλοιο

271 2417 416 2498 ἄρνεσσιν
432 2423 594 2495 λευκοῖσιν,
611 2418 658 2481 ἐπ’
674 2416 841 2498 ἀκρωτήρια
855 2416 967 2496 βάντες
1190 2445 1219 2479 10

271 2520 414 2600 πρύμνης·
438 2521 492 2599 τὴν
507 2518 532 2584 δ’
548 2521 657 2601 άνεμός
671 2546 704 2585 τε
718 2519 812 2602 μέγας
830 2520 876 2584 καὶ
894 2525 970 2601 κῦμα
985 2518 1145 2600 θαλάσσης

272 2627 366 2703 θῆκαν
379 2626 578 2708 ὑποβρυχίην,
597 2626 625 2688 οἱ
645 2624 669 2689 δ’
685 2622 828 2703 ἐξαπίνης
843 2624 1003 2706 ἐφάνησαν

273 2725 400 2814 ξουθῇσι
415 2728 598 2809 πτερύγεσσι
615 2725 654 2791 δι’
668 2726 786 2810 αίθέρος
803 2726 949 2806 ἀίξαντες,

274 2831 376 2896 αὐτίκα
392 2829 417 2894 δ’
432 2829 588 2911 ἀργαλέων
603 2829 720 2910 ἀνέμων
736 2832 927 2896 κατέπαυσαν
943 2831 1064 2906 ἀέλλας,

274 2935 388 3015 κύματα
403 2932 428 2998 δ’
447 2933 611 3014 ἐστόρεσαν
625 2938 734 3012 λευκῆς
749 2935 823 3001 ἅλδς
840 2937 874 2999 ἐν
887 2934 1070 3017 πελάγεσσι,
1190 2964 1219 3012 ¹⁵

274 3039 393 3104 ναύταις
409 3034 526 3114 σήματα
542 3035 627 3111 καλά,
645 3036 739 3103 πόνου
755 3045 876 3118 σφισιν·
899 3039 928 3102 οἱ
944 3040 976 3103 δέ
992 3039 1104 3104 ἰδόντες

274 3141 422 3225 γήθησαν,
438 3140 592 3205 παύσαντο
608 3138 633 3203 δ’
649 3141 776 3222 ἀϊζυροῖο
793 3140 905 3207 πόνοιο.

318 3247 454 3327 Χαίρετε,
470 3244 658 3326 Τυνδαρίδαι,
673 3243 792 3327 ταχέων
808 3244 986 3327 ἐπιβήτορες
1001 3248 1112 3322 ίππωμ·

275 3350 366 3430 αὐτὰρ
382 3347 459 3430 ἐγδν
473 3348 571 3428 ὑμέων
587 3348 635 3412 καὶ
650 3346 748 3426 ἄλλης
762 3348 891 3429 μνήσομ’
909 3351 1020 3426 ἀοιδῆς.

309 3505 432 3555 XXXIII.
462 3504 492 3554 16
519 3522 565 3571 pro
587 3513 673 3568 σφισιν
696 3507 822 3557 coniecere
844 3505 931 3569 κρίσιν,
954 3505 1038 3568 λύσιν,
1058 3506 1163 3572 σχίσινς
1192 3525 1222 3558 an

277 3585 381 3638 σβέσινί
