2792 4232
239 355 302 433 326
554 343 601 410 16.
625 349 794 408 ΙΛΙΑΔΟΣ
819 349 857 408 Π.

236 515 373 597 ἄψορρον
387 516 473 596 προτὶ
489 514 565 579 ἄστυ
580 521 656 581 νεῶν
671 515 731 578 άπο
747 515 795 579 καὶ
811 513 967 580 κλισιάων.

237 617 412 699 Πάτροκλος
428 615 454 682 δ’
469 615 488 704 ᾗ
505 623 653 682 πλεῖστον
668 619 842 699 ὀρινόμενον
857 621 902 684 ῖδε
917 617 1003 690 λαόν,

236 722 270 806 τῇ
285 722 320 803 ῤ’
334 721 380 804 ἔχ’
397 719 580 802 ὁμοκλήσας·
603 720 662 785 ὑπὸ
677 718 704 784 δ’
719 719 809 799 ἄξοσι
825 727 924 802 φῶτες
939 721 1065 784 ἔπιπτον

237 822 362 904 πρηνέες
382 823 418 903 ἔξ
430 823 537 907 ὀχέων,
554 825 655 906 δίφροι
670 822 697 888 δ’
712 825 982 904 ἀνακυμβαλίαζον.

237 928 356 1010 ἀντικρὺ
371 925 397 992 δ’
413 928 471 1009 ἄρα
485 927 600 1010 τάφρον
615 926 780 1009 ὑπέρθορον
795 927 885 994 ὠκέες
900 929 986 992 ίπποι
1128 937 1176 998 380

238 1025 411 1118 [άμβροτοη
428 1031 478 1099 οδς
494 1036 598 1111 Πηλῆϊ
612 1033 676 1096 θεοὶ
691 1032 787 1097 δόσαν
801 1033 901 1114 ὀγλαδ
916 1027 1021 1117 δῶρα]

237 1133 363 1213 πρόσσω
379 1133 500 1213 ίέμενοι,
516 1135 566 1199 ἐπὶ
583 1133 609 1198 δ’
621 1133 745 1218 Ἕκτορι
761 1131 883 1197 κέκλετο
899 1134 998 1212 θυμός·

237 1240 299 1298 ἵετο
313 1239 371 1318 γὰρ
385 1235 522 1315 βαλέειν·
547 1237 599 1302 τὸν
615 1233 642 1300 δ’
659 1238 789 1318 ἔκφερον
805 1235 894 1301 ὠκέες
908 1237 1004 1299 ἵπποι.

237 1336 276 1402 ὡς
291 1334 317 1402 δ’
333 1337 390 1401 ὑπὸ
405 1339 535 1403 λαίλαπι
550 1344 635 1404 πᾶσα
651 1340 774 1418 κελαινή
789 1338 919 1419 βέβριθε
933 1338 1016 1420 χθὼν

237 1438 324 1517 ἤματ’
340 1441 485 1526 ὀπωρινῷ,
503 1443 553 1507 ὅτε
571 1443 763 1524 λαβρότατον
777 1440 843 1525 χέει
857 1443 935 1522 ὕδωρ
1130 1455 1176 1515 385

238 1542 321 1618 Ζειίς,
338 1544 388 1607 ότε
404 1542 439 1622 δή
453 1542 487 1628 ῥ’
501 1545 646 1627 ἄνδρεσσι
662 1543 883 1623 κοτεσσάμενος
897 1541 1064 1630 χαλεπήνῃ,

238 1645 267 1708 οῖ
281 1646 336 1731 βίῃ
353 1649 397 1710 εῖν
413 1649 506 1733 ἀγορῇ
522 1650 649 1713 σκολιάς
664 1647 787 1728 κρίνωσι
803 1645 953 1725 θέμιστας,

238 1749 272 1810 ἔκ
287 1750 319 1811 δὲ
335 1750 419 1827 δίκην
435 1747 582 1822 ἐλάσωσι,
599 1752 675 1812 θεῶν
690 1751 760 1811 όπιν
777 1749 828 1811 οὐκ
845 1748 1015 1830 ἀλέγοντες·

240 1856 298 1913 τῶν
313 1849 346 1913 δέ
359 1875 392 1916 τε
407 1849 517 1917 πάντες
531 1855 587 1931 μὲν
602 1852 731 1929 ποταμοὶ
747 1849 899 1928 πλήθουσι
912 1850 1040 1932 ῥέοντες,

241 1956 358 2020 πολλὰς
373 1957 406 2018 δὲ
421 1961 522 2020 κλιτῦς
537 1954 598 2018 τότ’
615 1950 822 2036 ἀποτμήγουσι
836 1951 992 2035 χαράδραι,
1131 1979 1179 2028 39³

240 2057 271 2120 ἐς
285 2054 312 2121 δ’
328 2056 388 2119 ἅλα
403 2057 577 2138 πορφυρέην
590 2055 711 2139 μεγάλα
728 2054 912 2139 στενάχουσι
926 2057 1049 2138 ῥέουσαι

240 2158 276 2238 ἐξ
289 2158 382 2239 ὀρέων
397 2160 447 2222 έπὶ
463 2158 527 2240 κάρ,
542 2158 657 2239 μινόθει
673 2157 707 2222 δέ
721 2183 754 2223 τε
769 2158 830 2240 ἔργ’
847 2158 1017 2239 ἀνθρώπων·

241 2263 279 2327 ὣς
294 2264 382 2325 ἵπποι
398 2261 497 2344 Τρῳαὶ
509 2260 629 2342 μεγάλα
644 2260 831 2343 στενάχοντο
847 2258 978 2326 θέουσαι.

284 2363 460 2446 Πάτροκλος
475 2362 501 2426 δ’
517 2363 582 2428 ἐπεὶ
599 2364 651 2427 οὖν
666 2364 784 2444 πρότας
799 2360 943 2445 ἐπέκερσε
958 2361 1129 2448 φάλαγγας,

240 2468 288 2549 δή
303 2468 353 2530 ἐπὶ
367 2470 440 2544 νῆας
455 2464 540 2548 ἔεργε
555 2464 750 2545 παλιμπετές,
767 2465 835 2530 οὐδὲ
850 2466 965 2546 πόληος
1131 2493 1179 2543 395

241 2573 288 2634 εἴα
304 2568 437 2648 ἱεμένους
451 2568 657 2648 ἐπιβαινέμεν,
674 2571 755 2633 ὀλλδ
769 2569 886 2654 μεσηγὺ

242 2678 321 2752 νηῶν
336 2672 384 2736 καὶ
398 2677 533 2751 ποταμοῦ
551 2674 600 2735 καὶ
615 2675 732 2756 τείχεος
747 2676 881 2756 ὑψηλοῖο
949 2715 951 2719 -

242 2781 337 2840 κτεῖνε
351 2773 534 2854 μεταΐσσων,
551 2774 671 2842 πολέων
685 2776 712 2840 δ’
726 2779 883 2842 δπετίνυτο
899 2775 1014 2858 ποινήν.

242 2876 303 2942 ἔνθ’
318 2878 338 2957 ή
353 2903 400 2941 τοι
415 2878 552 2959 Πρόνοον
568 2885 686 2961 πρῶτον
701 2879 782 2961 βάλε
798 2882 880 2963 δουρὶ
895 2885 1019 2966 φαεινῷ,

243 2981 369 3064 στέρνον
382 2980 576 3062 γυμνωθέντα
591 2981 661 3064 παρ’
676 2984 800 3057 ὀσπίδα,
817 2989 894 3049 λῦσε
909 2985 942 3048 δὲ
956 2990 1036 3067 γυῖα·
1132 3011 1180 3056 ηαα

242 3080 393 3158 δούπησεν
414 3081 446 3142 δὲ
466 3086 578 3149 πεσόν·
601 3089 618 3149 ό
638 3089 672 3150 δὲ
693 3084 843 3166 Θέστορα,
856 3085 994 3152 Ἤνοπος
1009 3087 1083 3156 υίόν,

243 3191 379 3269 δεύτερον
394 3187 594 3266 ὁρμηθείς-δ
608 3190 665 3268 μὲν
679 3185 810 3272 εὐξέστῳ
826 3189 871 3252 ένὶ
887 3189 982 3272 δίφρῳ

242 3293 318 3372 ήστο
334 3287 427 3354 ὀλεῖς·
449 3291 482 3352 ἔκ
497 3293 555 3373 γὰρ
569 3289 671 3374 πλήγη
688 3289 809 3372 φρένας,
825 3293 859 3354 έκ
873 3290 900 3355 δ’
915 3292 973 3371 ἄρα
987 3296 1096 3374 χειροῖν

242 3395 312 3473 ήνία
327 3391 537 3473 ἠΐχθησαν-ό
552 3393 579 3458 δ’
593 3395 680 3476 έγχεί·
694 3393 763 3473 νιίξε
778 3393 933 3474 παραστάς
1097 3383 1098 3388 ¹

243 3495 375 3581 γναθμὸν
390 3492 549 3578 δεξιτερόν,
566 3500 615 3561 διὰ
631 3497 656 3561 δ’
672 3497 762 3560 αὐτοῦ
777 3500 879 3579 πεῖρεν
895 3497 1034 3570 ὀδόντων,
1133 3523 1181 3570 405

244 3601 314 3665 έλκε
329 3600 361 3662 δὲ
376 3597 480 3679 δουρὸς
495 3601 573 3664 έλδν
586 3601 660 3682 ὑπὲρ
676 3600 810 3682 άντυγος,
827 3598 866 3664 ὣς
882 3599 933 3663 ὅτε
947 3624 992 3666 τις
1008 3601 1072 3681 φδς

245 3703 336 3789 πέτρῃ
353 3699 402 3764 έπι
417 3707 568 3783 προβλῆτι
584 3699 749 3781 καθήμενος
766 3700 846 3782 ἱερὸν
862 3701 948 3785 ἰχθὺν
