2834 4234
506 359 556 404 11.
579 345 814 406 ΟΔΎΣΣΕΙΑΣ
841 345 877 406 Λ.
1098 341 1159 422 689

253 510 297 574 Ὦ
313 514 411 594 φίλοι,
426 513 459 578 οὐ
475 511 535 593 μὰν
549 512 620 593 ἧμιν
636 512 697 576 ἀπὸ
711 517 828 578 σκοποῦ
844 511 904 576 οὐδ’
921 514 980 578 ἀπὸ
996 512 1087 594 δόξης

213 620 349 696 μυθεῖται
367 618 514 696 βασίλεια
529 617 693 698 περίφρων·
725 617 958 681 ἀλλδιπίθεσθε.
1115 643 1163 694 345

213 719 375 784 Ἀλκινόου
391 720 415 782 δ’
432 721 465 784 ἐκ
480 718 559 784 τοῦδ’
576 720 680 802 έχεται
697 720 786 802 ἔργον
802 745 834 784 τε
850 705 999 786 έποςτε.”

256 827 319 888 Τδν
334 822 359 887 δ’
376 821 438 886 αὖτ’
455 822 614 889 ’Λλκίνοος
630 825 817 903 ἀπαμείβετο
833 823 977 905 φώνησέν
992 847 1033 888 τε·

213 933 233 963 “
243 931 330 990 τοῦτο
345 929 400 1007 μὲν
415 928 491 991 οὕτω
507 927 543 1006 δὴ
561 928 648 990 ἔσται
665 926 749 1006 ἔπος,
765 931 799 991 αί
813 954 864 992 κεν
880 928 939 1010 ἐγώ
955 953 991 1010 γε

215 1031 287 1108 ζωδς
304 1029 476 1109 Φαιήκεσσι
492 1030 724 1111 φιληρέτμοισιν
741 1031 877 1096 ἀνάσσω·

214 1133 310 1213 ξεῖνος
325 1137 358 1197 δὲ
375 1133 484 1210 τλήτω,
500 1134 582 1214 μάλα
598 1159 654 1216 περ
670 1136 794 1199 νόστοιο
808 1136 947 1217 χατίζων,
1116 1160 1165 1209 350

214 1239 309 1318 ἔμπης
325 1237 378 1302 οὖν
393 1239 543 1316 ἐπιμεῖναι
560 1240 591 1305 ἐς
607 1239 719 1318 αὔριον,
737 1241 779 1305 εἰς
795 1240 812 1302 ό
830 1265 863 1304 κε
879 1243 981 1302 πᾶσαν

214 1343 341 1421 δωτίνην
357 1340 480 1404 τελέσω·
513 1341 618 1420 πομπὴ
635 1342 660 1406 δ’
676 1342 822 1423 ἄνδρεσσι
839 1342 967 1423 μελήσει

215 1450 304 1524 πᾶσι,
317 1444 453 1526 μάλιστα
468 1445 494 1509 δ’
510 1446 584 1525 ἐμοί·
615 1451 668 1510 τοῦ
682 1448 740 1528 γὰρ
757 1446 862 1528 κράτος
879 1444 942 1510 ἔστ’
959 1446 1004 1511 ἐνὶ
1019 1442 1130 1530 δήμιρ.”

257 1554 320 1613 Τδν
335 1547 360 1613 δ’
377 1550 621 1629 ἀπαμειβόμενος
636 1551 777 1630 προσέφη
792 1550 960 1629 παλόμητις
974 1548 1151 1614 Ὀδυσσεύς·

214 1658 232 1687 “
243 1652 382 1716 Ἀλκίνοε
399 1657 507 1731 κρεῖον,
523 1651 644 1717 πάντων
660 1653 824 1735 ἀριδείκετε
838 1659 932 1732 λαῶν,
1118 1679 1166 1728 355

215 1757 244 1819 εἴ
256 1782 294 1836 με
310 1754 358 1819 καί
375 1757 418 1822 εἰς
434 1758 571 1822 ἐνιαυτὸν
587 1755 725 1838 ἀνώγοιτ’
742 1757 846 1822 αὐτόθι
860 1760 987 1837 μίμνειν,

214 1859 337 1938 πομπήν
353 1860 378 1922 τ’
394 1859 544 1940 ὀτρύνοιτε
562 1858 610 1923 καί
626 1859 728 1942 ἀγλαὰ
743 1865 824 1942 δῶρα
839 1866 957 1936 διδοῖτε,

120 2047 122 2054 Ι
217 1964 268 2026 καί
284 1989 317 2027 κε
332 1963 367 2026 τὸ
382 1964 565 2042 βουλοίμην,
581 1964 633 2026 καί
646 1989 698 2027 κεν
714 1964 794 2028 πολὺ
809 1963 927 2044 κέρδιον
940 1965 999 2043 εἴη,

215 2066 376 2152 πλειοτέρῃ
392 2066 449 2129 σὺν
463 2067 542 2148 χειρὶ
558 2067 654 2147 φίλην
668 2069 699 2132 ἐς
715 2067 831 2148 πατρίδ’
848 2067 976 2132 ἱκέσθαι·

216 2173 267 2235 καί
282 2170 306 2233 κ’
324 2170 506 2251 αἰδοιότερος
521 2169 570 2233 καὶ
586 2172 731 2251 φίλτερος
747 2168 891 2251 ἀνδράσιν
908 2173 973 2249 είην

215 2279 319 2352 πᾶσιν,
336 2275 406 2337 ὅσοι
421 2272 452 2351 μ’
467 2273 623 2350 Ἰθάκηνδε
639 2274 750 2338 ἰδοίατο
765 2271 985 2352 νοστήσαντα.”

258 2379 321 2442 Τὸν
338 2377 362 2442 δ’
379 2377 441 2441 αὖτ’
458 2376 618 2443 Ἀλκίνοος
636 2378 821 2454 ἀπαμείβετο
837 2378 980 2458 φώνησέν
997 2399 1037 2443 τε·

216 2481 268 2545 “ὦ
285 2482 425 2561 Ὀδυσεῦ,
440 2488 475 2545 τδ
490 2484 545 2561 μὲν
561 2482 642 2544 οὔτί
656 2479 685 2544 α’
702 2479 844 2560 ἐίσκομεν
860 2485 1053 2563 εἰσορόωντες

216 2583 374 2665 ἠπεροπῆά
388 2583 413 2645 τ’
431 2584 501 2662 ἔμεν
518 2581 567 2646 καὶ
583 2584 757 2657 ἐπίκλοπον,
773 2581 824 2646 οἶά
838 2610 872 2648 τε
887 2585 1022 2652 πολλοὺς

216 2691 327 2768 βόσκει
342 2693 414 2770 γαῖα
427 2691 557 2766 μέλαινα
572 2688 780 2773 πολυσπερέας
796 2689 970 2769 ἀνθρώπους

217 2792 332 2874 ψεύδεά
348 2791 373 2854 τ’
390 2791 579 2872 ἀρτύνοντας,
596 2792 667 2854 ὅθεν
683 2791 717 2854 κέ
732 2817 776 2857 τις
791 2792 858 2856 οὐδὲ
873 2793 977 2856 ἴδοιτο·

218 2897 267 2959 σοὶ
284 2896 308 2959 δ’
322 2897 373 2960 ἔπι
387 2899 443 2974 μὲν
458 2893 560 2977 μορφὴ
576 2894 681 2972 ἐπέων,
697 2896 741 2958 ένι
758 2896 791 2959 δὲ
807 2894 917 2978 φρένες
932 2897 1051 2974 ἐσθλαί,

218 3004 312 3079 μῦθον
328 2999 354 3063 δ’
371 2999 410 3065 ὥς
426 2997 469 3061 ὅτ’
486 3000 588 3064 ἀοιδὸς
603 3000 812 3077 ἐπισταμένως
827 2983 999 3078 κατέλεξας,

218 3205 287 3269 ἀλλ’
302 3205 357 3288 ἄγε
373 3231 423 3286 μοι
440 3207 508 3270 τόδε
525 3208 591 3269 εἰπὲ
608 3207 657 3269 καὶ
673 3205 818 3286 ἀτρεκέως
834 3203 1007 3283 κατάλεξον,

217 3314 245 3374 εἴ
259 3335 341 3375 τινας
355 3309 500 3374 ἀντιθέων
516 3308 628 3388 ἑτάρων
643 3312 714 3385 ἰδες,
730 3311 761 3373 οἵ
774 3335 821 3372 τοι
836 3307 886 3386 ἀμ’
903 3307 980 3393 αὐτῷ
1017 3315 1022 3328 “

214 3412 309 3478 Ἴλιον
325 3415 368 3479 εἰς
383 3413 435 3492 ἀμ’
454 3414 561 3478 ἕποντο
578 3414 627 3477 καὶ
643 3413 733 3477 αὐτοῦ
752 3415 866 3491 πότμον
883 3410 1028 3477 ἐπέσπον.

218 3514 275 3595 νὺξ
288 3515 313 3579 δ’
329 3516 384 3595 ἥδε
398 3516 481 3595 μάλα
497 3516 593 3599 μακρή
611 3518 795 3597 ἀθέσφατος·
826 3515 895 3579 οὐδέ
910 3541 955 3578 πω
971 3517 1031 3596 ὥρη

218 3621 316 3684 εὕδειν
332 3621 365 3684 ἐν
379 3620 509 3705 μεγάρῳ·
542 3621 581 3685 σὺ
596 3620 630 3685 δέ
644 3646 696 3700 μοι
710 3620 784 3701 λέγε
802 3619 934 3683 θέσκελα
950 3619 1032 3702 ἔργα.

221 3727 272 3789 καί
286 3748 338 3788 κεν
352 3725 385 3790 ε’ς
400 3723 444 3865 φα
459 3728 526 3790 δῖαν
542 3726 740 3809 ἀνασχοίμην,
756 3724 806 3788 ὅτε
820 3749 872 3802 μοι
888 3722 926 3786 σὺ
