2874 4234
520 358 547 424 7·
579 345 814 406 οΔςΣΣοιΑΣ
846 346 886 406 H.
1114 345 1179 426 613

226 514 353 597 χάλκεοι
368 515 424 594 μέν
439 513 496 595 γὰρ
511 517 608 597 τοῖχοι
624 512 784 592 ἐληλάδατ’
801 515 873 578 ένθα
885 511 933 576 καὶ
949 515 1032 595 ἐνθα,

227 621 258 684 ἐς
273 624 370 700 μυχδν
385 616 421 696 ἐξ
434 617 530 693 οὐδοῦ,
549 616 617 698 περὶ
633 620 665 680 δὲ
681 618 801 700 θριγκὸς
817 617 947 683 κυάνοιο·

226 722 367 805 χρύσειαι
383 723 416 784 δὲ
432 721 518 803 θύραι
533 719 657 785 πυκινὸν
673 722 765 801 δόμον
779 723 864 788 ε’ντδς
880 721 993 803 ἔεργον·

227 823 357 905 σταθμοὶ
372 825 397 888 δ’
413 825 552 912 ἀργύρεοι
568 825 601 888 ἐν
615 824 736 910 χαλκέιρ
752 824 886 889 έστασαν
900 825 987 910 οάδφ,

227 929 371 1010 ἀργύρεον
386 927 411 992 δ’
428 928 478 1009 ἐφ’
492 927 677 1009 ὑπερθύριον,
693 926 806 1010 χρυσέη
822 926 855 990 δέ
871 928 993 1008 κορώνη.

226 1031 364 1114 χρύσειοι
379 1029 403 1096 δ’
420 1031 558 1112 ἑκάτερθε
575 1028 624 1094 καὶ
639 1030 777 1114 ἀργύρεοι
793 1031 878 1097 κύνες
893 1029 984 1110 ήσαν,

228 1135 278 1203 οὓς
289 1134 465 1216 Ἥφαιστος
482 1131 599 1212 ἔτευξεν
615 1136 726 1220 ἰδυίῃσι
743 1136 931 1216 πραπίδεσσι

227 1245 310 1321 δῶμα
326 1238 556 1321 φυλασσέμεναι
571 1237 776 1321 μεγαλήτορος
790 1238 972 1318 Ἀλκινόοιο,

227 1342 393 1408 ἀθανάτους
409 1344 496 1408 ὄντας
513 1341 560 1406 καὶ
579 1339 697 1424 ἀγήρως
712 1340 811 1420 ἤματα
826 1339 934 1406 πάντα.

227 1447 260 1510 ἐν
276 1450 309 1510 δὲ
325 1447 427 1528 θρόνοι
442 1447 510 1526 περὶ
526 1449 630 1529 τοῖχον
649 1444 801 1526 ἐρηρέδατ’
816 1445 888 1508 ἐνθα
905 1441 954 1508 καί
970 1444 1053 1522 ἔνθα,
1144 1463 1178 1526 95
1249 1437 1253 1445 ⁴

228 1552 258 1616 ἐς
274 1556 372 1632 μυχδν
386 1547 423 1627 ἐξ
435 1549 534 1613 οὐδοῖο
550 1547 720 1629 διαμπερές,
738 1547 798 1612 ἔνθ’
815 1549 861 1614 ἐνὶ
876 1547 988 1612 πέπλοι

227 1650 333 1716 λεπτοὶ
349 1650 486 1730 ἐύννητοι
499 1650 673 1733 βεβλήατο,
688 1653 762 1733 έργα
777 1657 935 1734 γυναικῶν.

228 1757 300 1821 ἔνθα
315 1760 345 1820 δέ
364 1756 503 1833 Φαιήκων
518 1753 662 1838 ἡγήτορες
679 1757 837 1837 ἑδριόωντο

227 1860 364 1926 πίνοντες
381 1856 429 1922 καί
445 1860 571 1924 έδοντες·
594 1859 761 1937 ἐπηετανὸν
774 1857 832 1941 γὰρ
849 1859 986 1942 ἔχεσκον.

226 1963 365 2046 χρύσειοι
380 1962 406 2026 δ’
422 1965 480 2043 ἀρα
496 1967 595 2042 κοῦροι
614 1960 766 2042 ἐϋδμήτων
781 1958 831 2025 ἐπὶ
845 1969 960 2042 βωμῶν

227 2067 363 2131 ἔστασαν
377 2063 536 2144 αἰθομένας
548 2061 651 2130 δαΐδας
666 2067 741 2144 μετὰ
754 2063 864 2146 χερσὶν
879 2064 1013 2146 ἔχοντες,

227 2172 387 2250 φαίνοντες
403 2167 509 2233 νύκτας
525 2165 599 2230 κατὰ
616 2167 738 2245 δόματα
753 2167 978 2245 δαιτυμόνεσσι.

227 2272 412 2351 πεντήκοντα
427 2271 461 2335 δέ
477 2272 506 2335 οἰ
523 2271 617 2356 δμῳαὶ
631 2273 707 2340 κατά
722 2275 806 2350 δῶμα
820 2275 959 2352 γυναῖκες

227 2378 258 2438 αἱ
273 2379 329 2455 μὲν
345 2374 539 2453 ἀλετρεύουσι
554 2373 651 2452 μύλης
668 2373 716 2436 έπι
732 2371 856 2453 μήλοπα
873 2374 997 2451 καρπόν,

227 2483 257 2543 αἱ
273 2480 298 2544 δ’
318 2479 419 2545 ἱστοὺς
435 2477 555 2557 ὑφόωσι
572 2477 621 2540 καὶ
637 2470 772 2554 ἠλάκατα
788 2481 975 2557 στρωφῶσιν

226 2583 343 2662 ἥμεναι,
360 2581 409 2644 οἰό
425 2607 457 2644 τε
473 2580 578 2660 φύλλα
592 2582 741 2659 μακεδνῆς
762 2581 916 2662 αἰγείροιο·
975 2643 978 2650 .

228 2685 394 2767 καιροσέων
410 2682 435 2747 δ’
451 2683 582 2748 ὀθονέων
598 2683 799 2762 ἀπολείβεται
814 2684 905 2765 ὑγρδν
921 2684 1033 2747 ἔλαιον.
1103 2686 1106 2692 '

226 2791 323 2853 ὅσσον
339 2791 471 2866 Φαίηκες
480 2782 554 2868 ,περὶ
571 2785 690 2850 πάντων
704 2788 795 2866 ἴδριες
810 2787 925 2867 ἀνδρῶν

227 2897 284 2971 νῆα
298 2893 371 2972 θοὴν
387 2892 431 2956 ἐνὶ
447 2890 547 2974 πόντῳ
563 2887 736 2966 ε’λαυνέμεν,
752 2890 791 2955 ὣς
807 2890 840 2952 δὲ
855 2894 994 2972 γυναῖκες

228 2998 320 3061 ἱστῶν
334 2997 511 3078 τεχνῆσσαι·
535 2992 602 3074 πέρι
617 2991 675 3075 γάρ
691 3001 784 3073 σφισι
799 2998 894 3066 δῶκεν
908 2989 1022 3071 Ἀθήνη

227 3100 300 3181 ἔργα
314 3097 339 3161 τ’
355 3099 536 3162 ἐπίστασθαι
552 3095 738 3190 περικαλλέα
754 3094 801 3161 καὶ
817 3095 931 3178 φρένας
946 3094 1070 3163 ἐσθλός.

227 3203 371 3266 ἔκτοσθεν
385 3200 410 3265 δ’
426 3201 517 3277 αύλῆς
531 3199 623 3282 μέγας
638 3201 766 3282 ὄρχατος
781 3198 855 3282 ἀγχι
871 3198 989 3276 θυράων

227 3305 396 3387 τετράγυος·
419 3305 487 3386 περὶ
504 3302 528 3367 δ’
545 3304 631 3384 έρκος
646 3301 793 3380 ἐλήλαται
808 3302 1034 3385 ἀμφοτέρωθεν.

226 3409 301 3474 ἔνθα
316 3413 348 3472 δὲ
364 3407 489 3489 δένδρεα4
500 3409 600 3487 μακρά
615 3406 769 3486 πεφύκασι
784 3407 990 3484 τηλεθόωντα,

226 3514 335 3597 ὄγχναι
352 3513 401 3576 καὶ
415 3509 495 3594 ῥοιαὶ
513 3513 560 3575 καὶ
574 3510 685 3590 μηλέαι
701 3510 910 3593 ἀγλαόκαρποι
999 3551 1002 3560 ,

145 3693 148 3702 .
226 3614 331 3680 συκέαι
349 3639 382 3678 τε
396 3613 538 3696 γλυκεραὶ
554 3614 602 3678 καὶ
617 3615 719 3676 ἐλαῖαι
736 3616 938 3692 τηλεθόωσαι.

225 3719 304 3786 τάων
320 3719 355 3782 ού
370 3744 443 3782 ποτε
460 3718 571 3800 καρπὸς
588 3717 759 3782 ἀπόλλυται
775 3714 836 3780 οὐδ’
852 3717 1015 3782 ἀπολείπει
