2746 4228
432 871 653 946 ῙΛΙΑΔΟΣ
694 874 742 946 Α.

436 1236 574 1326 Λοιμύς.
631 1242 748 1326 Μῆτις.

116 1400 323 1477 Μῆνινθειδε,
339 1403 403 1478 θειί,
419 1405 600 1486 Πηληϊάδεω
615 1406 761 1490 Ἀχιλῆος

115 1500 290 1592 οὐλομένην,
305 1504 324 1586 ῆ
338 1508 420 1590 μυρί’
435 1508 572 1592 Ἀχαιοῖς
587 1510 670 1592 ἄλγε’
688 1510 784 1587 ἔθηκε,

115 1608 235 1673 πολλὰς
249 1607 274 1672 δ’
291 1611 431 1696 ἰφθίμους
444 1616 548 1696 ψυχὰς
560 1612 640 1678 Ἄϊδι
655 1611 806 1694 προΐαψεν

114 1709 228 1790 ἡρώων,
246 1713 350 1782 αὐτοὺς
364 1718 398 1780 δέ
412 1718 523 1799 ἑλώρια
537 1723 626 1805 τεῦχε
640 1717 783 1783 κύνεσσιν

115 1815 253 1878 οἰωνοῖσί
265 1841 299 1880 τε
313 1822 400 1892 πᾶσι,
418 1820 491 1886 Διὸς
506 1819 531 1884 δ’
548 1821 696 1885 ἐτελείετο
711 1814 820 1899 βουλή,
1047 1835 1062 1885 5

114 1913 152 1994 ἐξ
165 1917 199 1980 οὗ
213 1917 249 1998 δῆ
265 1921 302 1983 τὰ
317 1927 420 2003 πρῶτα
434 1922 597 2002 διαστήτην
612 1924 751 2004 ἐρίσαντε

112 2013 268 2099 Ἀτρεΐδης
283 2047 322 2098 τε,
331 2022 410 2103 ἄναξ
422 2026 600 2107 ἀνδρῶνκαὶ
615 2031 678 2093 δῖος
692 2021 865 2108 Ἀχιλλεύς·

136 2155 138 2162 v
157 2123 213 2188 Τίς
227 2123 252 2186 τ’
268 2124 304 2206 ἄρ
320 2133 409 2208 σφωε
422 2133 499 2194 θεῶν
514 2129 588 2210 έριδι
604 2127 726 2217 ξυνέηκε
739 2124 914 2208 μθχεσθαιι·

114 2227 231 2301 Λητοῦς
246 2229 294 2291 καὶ
311 2229 384 2297 Διὸς
399 2231 472 2298 υἱός·
503 2233 593 2316 ὁγὰρΙ
605 2233 737 2311 βασιλῆϊ
750 2227 899 2312 χολωθεὶς

114 2332 225 2393 νοῦσον
239 2330 296 2395 ἆνδι
311 2333 440 2414 στρατδν
454 2331 534 2416 ὦρσε
549 2332 651 2413 κακήν,
668 2332 810 2398 ὀλέκοντο
824 2333 857 2394 δὲ
870 2326 951 2418 λαοί,
1033 2351 1061 2386 ιο

115 2431 221 2494 οὕνεκα
235 2432 288 2498 τδν
301 2435 426 2516 Χρύσην
440 2435 587 2516 ἠτίμασεν
602 2437 734 2522 ἀρητῆρα
953 2420 961 2440 ’

26 2527 27 2548 ’
112 2532 278 2615 Ἀτρείδης·
309 2538 397 2620 ὁγὰρ
413 2537 488 2617 ῆλθε
503 2541 575 2605 θοὰς
591 2539 641 2603 ἐπὶ
657 2543 729 2618 νῆας
743 2536 877 2619 Ἀχαιῶν

112 2637 283 2716 λυσόμενός
299 2665 332 2704 τε
347 2640 479 2723 θύγατρα
494 2640 634 2724 φέροντ’
652 2637 797 2739 ἀπερείσι’
814 2637 932 2718 ἄποινα,

113 2742 259 2822 στέμματ’
275 2745 354 2828 ἔχων
369 2748 403 2812 ἐν
416 2748 525 2830 χερσὶν
540 2746 691 2826 ἑκηβόλου
704 2745 902 2816 ’Λπόλλωνος

110 2845 233 2932 χρυσέῳ
250 2847 307 2912 ἆνδ
321 2846 473 2934 σκήπτρῳ,
489 2851 538 2914 καὶ
552 2849 682 2912 λίσσετο
697 2847 810 2915 πάντας
824 2842 975 2929 Ἀχαιούς,
1035 2867 1061 2916 ¹5

110 2948 253 3031 Ἀτρεΐδα
268 2951 301 3013 δέ
314 2949 452 3031 μάλιστα
466 2952 534 3025 δύω,
551 2949 719 3033 κοσμήτορε
733 2955 826 3018 λαῶν·
1056 2961 1068 3038 “,

113 3064 134 3089 “
143 3051 295 3134 Ἀτρεΐδαι
309 3079 343 3118 τε
358 3055 407 3119 καὶ
419 3054 515 3118 γίίλλοι
530 3052 703 3134 ἐϋκνήμιδες
716 3052 847 3137 Ἀχαιοί,

111 3159 183 3229 ὑμῖν
196 3157 254 3234 μὲν
267 3156 331 3220 θεοὶ
346 3161 428 3222 δοῖεν
441 3155 595 3236 Ὀλύμπια
610 3155 718 3235 δώματ’
735 3156 857 3239 ἔχοντες

113 3257 260 3341 ἐκπέρσαι
275 3257 426 3341 Πριάμοιο
441 3259 541 3333 πόλιν,
558 3259 590 3324 εύ
605 3258 630 3322 δ’
646 3258 739 3322 οἴκαδ’
756 3257 884 3322 ἱκέσθαι·

113 3366 208 3425 παῖδα
222 3360 247 3425 δ’
264 3363 330 3442 ἐμοὶ
343 3362 472 3447 λύσαιτε
487 3363 591 3444 φίλην,
608 3363 645 3424 τδι
660 3360 685 3424 δ’
701 3360 811 3426 ἄποινα
826 3359 979 3443 δέχεσθαι,
1034 3384 1065 3420 20

114 3467 254 3560 ἃζθμενοι
271 3465 345 3533 Διδς
359 3465 426 3532 υἱὸν
440 3467 592 3547 ἑκηβόλον
605 3462 817 3530 Ἀπόλλωνα.”

158 3568 247 3634 Ἔνθ’·
257 3569 349 3632 ἄλλοι
363 3571 420 3648 μὲν
434 3567 543 3636 πάντες
558 3563 777 3654 ἐπευφήμησαν
790 3564 911 3648 Ἀχαιοὶ

115 3672 270 3738 αἰδεῖσθαί
284 3671 310 3734 θ’
326 3674 413 3754 ἱερῆα
429 3673 478 3741 καὶ
494 3674 594 3756 ιἰμλαδ
609 3668 715 3753 δέχθαι
731 3669 850 3733 ἄποινα·
