2728 4230
462 385 491 450 8.
516 392 686 452 ΙΛΙΑΔΟΣ
709 393 749 453 Θ.
1021 388 1079 452 161

143 559 223 646 μείνῃ
239 557 453 642 έπερχόμενον·
477 557 547 622 ἀλλ’
563 559 597 623 έν
612 558 785 639 πρώτοισιν,
802 555 866 634 dim,

144 666 272 725 κείσεται
288 660 432 738 οὐτηθείς,
449 658 558 727 πολέες
573 660 599 724 δ’
615 659 689 742 ἀμφ’
707 660 796 724 αὐτὸν
811 664 933 742 ἑταῖροι,

142 765 242 842 ἠελίου
257 765 395 830 ἀνιόντος
412 765 444 830 ές
460 764 571 845 αὔριον·
596 766 622 829 εἰ
637 766 696 847 γδρ
711 765 789 846 έγδν
805 764 844 830 ὣς

143 871 204 946 εἴην
219 866 366 933 ἀθάνατος
382 868 431 931 καὶ
448 865 565 949 ἀγήρως
579 865 678 948 ἤματα
695 865 802 942 πάντα,

142 971 255 1050 τιοίμην
269 970 294 1034 δ’
311 970 351 1036 ὣς
366 969 436 1034 τίετ’
452 968 596 1048 Ἀθηναίη
614 971 662 1034 καὶ
678 970 850 1044 Ἀπόλλων,
1034 995 1083 1047 540

143 1074 178 1139 ὣς
192 1078 245 1138 νῦν
259 1071 353 1155 ἡμέρη
369 1073 424 1151 ἥδε
439 1071 530 1136 κακδν
545 1071 631 1154 φέρει
648 1071 860 1156 Ἀργείοισιν.”

177 1175 241 1241 Ὠς
251 1173 369 1257 Ἐκτωρ
385 1172 512 1258 ἀγόρευ’,
529 1176 578 1238 έπὶ
591 1176 624 1238 δὲ
637 1180 739 1257 Τρῶες
755 1174 936 1256 κελάδησαν.

142 1281 168 1341 οἱ
182 1274 208 1342 δ’
223 1280 334 1343 ἵππους
348 1279 403 1357 μὲν
418 1283 518 1340 λῦσαν
532 1276 590 1340 ὑπὸ
607 1278 694 1360 ζυγοῦ
711 1279 879 1360 ἱδρώοντας,
911 1303 913 1310 ⁴

142 1385 234 1458 δῆσαν
249 1380 275 1444 δ’
294 1379 453 1460 ἱμάντεσσι
468 1378 538 1461 παρ’
554 1380 685 1462 ἀρμασιν
701 1383 784 1446 οἶσιν
799 1382 935 1446 ἕκαστος·

142 1486 171 1546 ἐκ
186 1484 294 1549 πόλιος
309 1481 334 1547 δ’
350 1481 460 1561 ἀξοντο
475 1483 553 1562 βόας
569 1483 617 1548 καὶ
633 1487 703 1565 ἴφια
717 1487 801 1564 μῆλα
1032 1509 1080 1558 545

141 1587 342 1669 καρπαλίμως,
361 1585 444 1660 οἶνον
458 1587 491 1649 δὲ
505 1587 676 1667 μελίφρονα
691 1588 848 1664 οἰνίζοντο,

141 1690 224 1754 σῖτόν
239 1687 266 1751 τ’
284 1690 317 1751 έκ
332 1687 478 1770 μεγάρων,
495 1689 545 1752 έπὶ
561 1693 593 1752 δὲ
609 1688 686 1769 ξύλα
700 1693 804 1754 πολλδ
817 1688 956 1772 λέγοντο.

140 1788 241 1880 [έρδον
256 1789 281 1855 δ’
299 1789 478 1855 ἀθανάτοισι
493 1791 664 1870 τεληέσσας
679 1788 878 1881 ἑκατόμβας]

139 1896 245 1974 κνίσην
260 1892 285 1957 δ’
303 1895 341 1957 έκ.
352 1893 456 1958 πεδίου
471 1894 579 1974 ἄνεμοι
590 1893 685 1977 φέρον
700 1896 826 1978 οὐρανὸν
841 1898 915 1960 είσω

140 1994 267 2085 [ἡδεῖαν
290 1997 341 2072 τῆς
356 1993 382 2059 δ’
399 1995 476 2059 οὔτι
491 1997 555 2060 θεοὶ
570 1996 700 2079 μάκαρες
716 1998 865 2074 δατέοντο,
1031 2023 1080 2073 55ο

139 2096 198 2162 οὐδ’
215 2099 341 2164 έθελον·-
356 2097 440 2180 μάλα
453 2097 511 2181 γάρ
527 2106 604 2179 σφιν
619 2098 774 2181 ἀπήχθετο
786 2098 882 2164 Ἴλιος
899 2099 946 2179 ἱρή

139 2203 187 2266 καὶ
204 2203 341 2283 Πρίαμος
356 2203 405 2266 καὶ
419 2202 495 2268 λαδς
510 2202 659 2281 ἐϋμμελίω
676 2197 851 2287 Πριάμοιο]

180 2308 221 2371 Οἱ
237 2307 271 2368 δὲ
285 2303 364 2387 μέγα
379 2305 558 2386 φρονέοντες
573 2307 623 2369 έπὶ
638 2303 802 2386 πτολέμοιο
816 2304 949 2387 γεφύρας

138 2408 212 2488 ἥατο
228 2409 397 2491 παννύχιοι,
413 2407 492 2489 πυρά
508 2406 542 2472 δέ
557 2415 650 2490 σφισι
666 2409 765 2472 καίετο
780 2407 892 2472 πολλά.

138 2513 177 2578 ὡς
193 2511 219 2576 δ’
235 2510 280 2575 ὅτ’
296 2515 330 2575 έν
344 2513 459 2595 οὐρανῷ
478 2512 575 2594 ἄστρα
590 2511 720 2593 φαεινήν
735 2513 813 2593 ἀμφὶ
828 2510 962 2590 σελήνην
1033 2536 1079 2587 555

138 2613 257 2697 φαίνετ’
274 2613 448 2698 ἀριπρεπέα,
465 2616 516 2679 ὅτε
530 2612 557 2678 τ’
573 2614 682 2680 ἔπλετο
699 2613 824 2694 νήνεμος
839 2613 937 2696 αἰθήρ·

139 2719 171 2782 ἔκ
186 2717 214 2781 τ’
231 2718 346 2799 έφανεν
360 2721 457 2781 πάσαι
473 2717 598 2781 σκοπιαὶ
614 2718 662 2780 καὶ
677 2719 810 2799 πρώονες
825 2718 910 2799 ἀκροι

140 2823 187 2885 καὶ
202 2821 305 2886 νάπαι·
331 2820 492 2901 οὐρανόθεν
507 2819 532 2883 δ’
550 2818 595 2903 ἀρ’
611 2820 762 2903 ὑπερράγη
778 2821 911 2886 ἀσπετος
926 2820 1023 2902 αἰθήρ,

136 2926 238 2990 πάντα
253 2923 287 2990 δέ
301 2924 326 2989 τ’
346 2927 456 2989 εἴδεται
472 2925 579 3007 ἄστρα,
595 2925 706 3008 γέγηθε
722 2925 755 2990 δέ
769 2950 804 2990 τε
819 2925 916 3008 φρένα
931 2925 1051 3006 ποιμήν·

136 3032 240 3093 τόσσα
253 3027 372 3110 μεσηγάν
386 3033 462 3092 νεών
476 3028 530 3106 ἠδὲ
545 3027 678 3094 Ξάνθοιο
693 3027 791 3110 ῥοάων
1033 3039 1082 3104 56ο

136 3135 251 3214 Τρώων
266 3132 413 3196 καιόντων
427 3134 506 3212 πυρά
522 3131 647 3212 φαίνετο
662 3127 772 3194 Ἰλιόθι
787 3132 855 3211 πρό.

136 3234 216 3318 χίλι’
232 3232 279 3316 ἀρ’
296 3238 330 3299 έν
344 3233 436 3318 πεδίῳ
452 3236 531 3316 πυρδ
545 3233 656 3310 καίετο,
673 3235 733 3314 πάρ
749 3235 781 3296 δὲ
794 3232 912 3320 ,έκάστιρ

135 3340 214 3416 ἥατο
233 3336 419 3418 πεντήκοντα
435 3336 526 3401 σέλαι
541 3337 633 3420 πνρδς
647 3336 827 3417 αἰθομένοιο.
852 3377 854 3381 -

136 3444 229 3506 ἵπποι
244 3444 278 3506 δὲ
293 3447 341 3522 κρῖ
354 3439 464 3505 λευκδν
480 3441 672 3522 έρεπτόμενοι
688 3441 736 3502 καὶ
751 3440 860 3519 ὀλύρας

136 3545 285 3611 ἑσταότες
299 3542 371 3626 παρ’
378 3544 520 3627 Ιὄχεσφιν
536 3541 677 3624 έθθρονον
692 3539 757 3604 Ἠῶ
771 3545 890 3621 μίμνον.
1033 3552 1081 3618 565

597 3863 621 3913 G
