2760 4232
508 349 617 408 ιλιΑΣ
641 349 780 408 πικνλ.
1032 361 1113 426 1017

169 521 349 584 ὀνειδισθεὶς
373 518 425 582 τὸν
452 515 501 581 ἐπὶ
526 518 561 604 τῇ
591 518 794 600 Πενθεσιλείᾳ
824 519 988 598 λεγόμενον
1010 518 1114 598 έρωτα·

171 625 220 686 καὶ
250 623 282 685 έκ
312 623 417 686 τούτου
448 621 556 686 στάσις
586 622 698 704 γίνεται
721 625 782 686 τοῖς
810 617 947 702 Ἀχαιοῖς
972 621 1040 700 περὶ
1063 626 1115 682 τοῦ

171 727 321 806 Θερσίτου
336 726 441 806 φόνου.
484 727 558 804 μετὰ
580 727 611 788 δὲ
633 729 726 788 ταῦτα
740 721 902 805 Ἀχιλλεὺς
926 726 968 789 είς
991 723 1115 802 Λέσβον

170 835 250 908 πλεῖ,
284 827 333 893 καί
363 829 456 894 θύσας
484 826 659 892 Ἀπόλλωνι
690 825 738 890 καὶ
760 826 912 907 Ἀρτέμιδι
944 824 992 890 καὶ
1022 831 1117 904 Λητοῖ

171 935 342 1014 καθαίρεται
364 937 417 994 τοῦ
442 933 537 1014 φόνου
562 929 612 995 ὑπ’
636 928 820 996 Ὀδυσσέως.
875 929 1007 1008 Μέμνων
1037 932 1069 994 δὲ
1100 933 1116 992 ὁ

169 1035 262 1102 Ἠοῦς
276 1035 341 1102 υἱὸς
357 1036 437 1118 ἔχων
451 1035 708 1116 ἡφαιστότευκτον
727 1035 901 1098 πανοπλίαν
920 1035 1116 1116 παραγίνεται

170 1145 233 1205 τοῖς
247 1136 350 1220 Τρωσὶ
371 1137 543 1218 βοηθήσων·
573 1136 621 1200 καὶ
641 1137 731 1204 Θέτις
752 1140 793 1222 τῷ
810 1135 893 1218 παιδί
912 1135 949 1199 τὰ
972 1135 1046 1200 κατὰ
1064 1135 1116 1200 τὸν

171 1243 315 1320 Μέμνονα
332 1242 481 1324 προλέγει.
524 1243 572 1304 καὶ
589 1244 748 1322 συμβολῆς
763 1234 922 1323 γενομένης
937 1238 1117 1322 Ἀντίλοχος

170 1349 227 1410 ὑπὸ
262 1345 421 1426 Μέμνονος
448 1347 619 1426 ἀναιρεῖται,
651 1346 754 1409 ἔπειτα
777 1342 939 1427 Ἀχιλλεὺς
971 1344 1117 1423 Μέμνονα

107 1461 108 1465 ’
172 1451 287 1514 κτείνει·
312 1450 360 1512 καὶ
375 1449 469 1532 τοιίτιρ
484 1450 539 1526 μὲν
554 1446 636 1514 Ἠὼς
650 1447 730 1529 παρὰ
747 1449 821 1514 Διὸς
844 1448 1028 1527 αἰτησαμένη
1045 1449 1117 1510 ἆθα-

171 1555 280 1618 νασίαν
295 1553 411 1617 δίδωσι.
450 1551 637 1634 τρεψάμενος
653 1550 849 1633 δ”Αχιλλεὺς
865 1551 933 1618 τοὺς
947 1556 1052 1633 Τρῶας
1069 1548 1117 1614 καὶ

172 1659 213 1722 είς
233 1657 288 1735 τὴν
310 1655 402 1720 πόλιν
421 1656 629 1721 συνεισπεσὼν
649 1656 707 1718 ὑπὸ
731 1654 862 1737 Πάριδος
884 1658 1047 1737 ἀναιρεῖται
1071 1653 1119 1718 καὶ

172 1760 377 1824 Ἀπόλλωνος·
403 1761 450 1823 καὶ
470 1759 608 1842 περὶτοῦ
631 1759 788 1836 πτώματος
806 1759 968 1842 γενομένης
993 1762 1119 1842 ἰσχυρίις

170 1863 269 1946 μάχης
286 1864 360 1928 Αἴας
375 1864 556 1940 ἀνελόμενος
575 1859 624 1925 ἐπὶ
644 1864 698 1926 τὰς
717 1866 787 1926 ναῦς
806 1862 927 1945 κομίζει,
941 1859 1117 1927 Ὀδυσσέως

173 1965 403 2049 ἆτομαχομένου
418 1972 480 2031 τοῖς
495 1966 625 2045 Τρωσίν.
672 1964 776 2027 ἔπειτα
791 1959 972 2046 Ἀντίλοχόν
989 1991 1022 2030 τε
1043 1965 1118 2027 θάπ-

173 2095 259 2132 τουσι
291 2066 413 2132 καὶτὸν
436 2075 541 2148 νεκρὸν
566 2073 618 2131 τοῦ
641 2066 811 2149 Ἀχιλλέως
837 2069 1035 2146 προτίθενται·
1071 2066 1118 2130 καὶ

174 2173 264 2239 Θέτις
281 2171 448 2254 ἀφικομένη
467 2172 525 2235 σὺν
546 2171 685 2236 Μούσαις
701 2167 747 2233 καὶ
769 2176 833 2235 ταῖς
854 2171 1002 2249 ἀδελφαῖς
1019 2175 1120 2250 θρηνεῖ

173 2283 225 2340 τὸν
239 2282 340 2340 παῖδα·
366 2276 415 2340 καὶ
430 2279 506 2355 μετὰ
526 2281 618 2339 ταῦτα
639 2277 671 2338 ἐκ
694 2278 746 2352 τῆς
768 2272 896 2356 πυρᾶςὴ
916 2273 1007 2340 Θέτις
1030 2275 1119 2352 ἀναρ-

174 2381 300 2444 πάσασα
326 2380 378 2444 τὸν
408 2386 500 2444 παῖδα
531 2383 574 2446 είς
604 2379 659 2458 τὴν
683 2379 799 2458 Λευκὴν
826 2381 919 2456 νῆσον
947 2378 1119 2456 διακομίζει.

173 2486 202 2547 οἳ
225 2486 257 2547 δὲ
274 2481 394 2568 Ἀχαιοὶ
421 2484 473 2548 τὸν
495 2483 594 2565 τάφον
619 2483 776 2565 χώσαντες
798 2483 898 2564 άγῶνα
921 2482 1048 2558 τιθέασι,
1072 2485 1120 2543 καὶ

174 2589 242 2668 περὶ
264 2594 323 2652 τῶν
338 2586 506 2670 Ἀχιλλέως
530 2588 632 2650 ὅπλων
646 2585 794 2650 Ὀδυσσεῖ
814 2583 862 2649 καὶ
885 2585 990 2648 Αίαντι
1012 2582 1121 2648 στάσις

174 2692 321 2770 ἐμπίπτει.

1006 2789 1088 2840 Procl.

503 3135 614 3194 ΙΛΙΑΣ
637 3135 775 3196 ΜΙΚΡΑ.

219 3311 309 3392 Ἑξῆς
324 3311 349 3376 δ’
366 3312 450 3376 ἐστὶν
462 3309 589 3377 Ἰλιάδος
604 3317 710 3392 μικρῖις
724 3313 837 3393 βιβλία
853 3310 985 3392 τέσσαρα
997 3309 1122 3394 Λέσχεω

177 3417 385 3496 Μιτυληναίου
411 3415 589 3496 περιέχοντα
613 3415 692 3478 τάδε.
737 3413 778 3477 Ἥ
808 3422 867 3479 τῶν
894 3417 998 3480 ὅπλων
1028 3415 1125 3496 κρίσις

176 3522 290 3603 γίνεται
308 3518 354 3583 καὶ
369 3518 536 3584 Ὀδυσσεὺς
553 3521 628 3581 κατὰ
645 3520 799 3598 βούλησιν
813 3519 942 3598 Ἀθηνᾶς
962 3518 1123 3600 λαμβάνει,

177 3628 251 3691 Αίας
277 3624 302 3689 δ’
326 3623 459 3704 ἐμμανὴς
481 3623 643 3705 γενόμενος
665 3621 719 3701 τήν
744 3647 777 3685 τε
801 3623 888 3686 λείαν
908 3627 969 3685 τῶν
991 3621 1125 3704 Ἀχαιῶν

176 3729 352 3806 λυμαίνεται
375 3725 425 3790 καὶ
446 3729 550 3790 ἑαυτὸν
574 3726 698 3805 ἀναιρεῖ.
742 3729 818 3805 μετὰ
840 3729 932 3788 ταῦτα
958 3723 1126 3789 Ὀδυσσεὺς
