2728 4230
245 315 286 400 86
570 353 601 426 5.
625 347 794 408 1A1AA02
819 349 854 407 τ.

280 508 344 576 Ὣς
360 509 447 591 ἔφατ’
462 510 633 595 εὐχόμενος·
656 517 749 578 τοῦδ’
765 514 853 579 ἔκλυε
869 517 999 582 Παλλδς
1015 513 1138 596 Ἀθήνη,

244 617 314 694 γυῖα
328 611 355 677 δ’
371 614 478 693 ἔθηκεν
492 614 622 698 ἐλαφρά,
638 616 732 683 πόδας
748 617 797 681 καὶ
810 621 915 700 χεῖρας
929 619 1067 700 ὕπερθεν·

245 718 341 801 ἆγχαῶ
355 717 379 780 δ’
397 717 542 798 ἱσταμένη
557 719 632 784 ἔπεα
646 720 810 801 πτερόεντα
822 721 989 801 προσηύδα·

245 829 265 854 “
275 823 395 901 θαρσῶν
410 826 471 894 νῦν,
489 823 648 902 Διόμηδες,
664 823 715 887 ἐπὶ
728 823 870 904 Τρόεσσι
884 822 1047 908 μάχεσθαι·

244 925 278 988 ἐν
292 923 350 1006 γάρ
364 949 411 988 τοι
426 923 576 1004 στήθεσσι
589 923 680 1005 μένος
696 926 847 1008 πατρώϊον
861 926 920 1005 ῆκα
1140 955 1186 1004 125

244 1025 382 1107 ἄτρομον,
399 1029 464 1091 οῖον
478 1028 589 1113 ἔχεσκε
604 1025 801 1094 σακέσπολος
817 1029 930 1092 ἱππότα
944 1030 1065 1096 Τυδεύς·

244 1130 342 1212 ἀχλὺν
356 1129 382 1194 δ’
398 1131 434 1194 αὖ
449 1155 496 1194 τοι
511 1128 562 1194 ἀπ’
577 1131 745 1213 ὀφθαλμῶν
759 1131 840 1211 ἔλον,
855 1129 874 1210 ῆ
890 1133 961 1214 πρὶν
977 1134 1076 1213 ἐπῆεν,

244 1231 316 1313 ὄφρ’
330 1233 363 1297 εῖν
377 1234 547 1319 γιγνόσκῃς
560 1233 635 1313 ἠμὲν
650 1233 720 1298 θεὸν
734 1234 787 1314 ήδέ
802 1237 852 1300 καὶ
867 1235 969 1318 ἄνδρα.

243 1341 284 1422 τῷ
300 1343 362 1412 νῦν,
378 1340 412 1403 αί
425 1364 458 1403 κε
473 1337 541 1403 θεὸς
556 1338 739 1420 τειρόμενος
755 1337 854 1403 ἐνθάδ’
869 1341 978 1419 ἵκηται,

242 1440 283 1520 μή
298 1466 327 1506 τι
342 1440 382 1504 σύ
395 1439 426 1522 γ’
442 1438 619 1505 ἀθανάτοισι
635 1446 715 1508 θεοῖς
730 1442 850 1524 ἀντικρὺ
863 1441 1017 1527 μάχεσθαι
1140 1469 1187 1518 130

242 1549 305 1610 τοῖς
320 1544 437 1611 ὀλλοις·
461 1544 535 1625 ὀτὰρ
550 1545 580 1608 εἴ
593 1569 626 1608 κε
642 1544 717 1610 Διός
732 1543 864 1628 θυγάτηρ
880 1543 1045 1628 Ἀφροδίτη

242 1643 350 1733 ἔλθῃσ’
365 1648 396 1712 ἔς
410 1647 555 1726 πόλεμον,
570 1643 668 1729 τήνγ’
684 1646 811 1726 οὐτάμεν
825 1645 890 1726 όξέϊ
903 1647 1040 1733 χαλκφ.”

284 1749 329 1811 Ἡ
345 1751 401 1830 μὲν
416 1747 462 1832 ἄρ’
478 1750 517 1816 ὣς
532 1747 650 1813 εἰποῢσ’
666 1748 769 1829 άπέβη
784 1757 958 1832 γλαυκῶπις
974 1749 1097 1831 Ἀθήνη,

241 1852 385 1932 Τυδείδης
400 1850 426 1917 δ’
442 1850 559 1930 ἐξαῦτις
574 1853 628 1918 ἰῶν
642 1852 849 1937 προμάχοισιν
863 1855 985 1937 ἐμίχθη,

243 1959 292 2022 καὶ
307 1957 377 2039 πρίν
392 1981 447 2038 περ
463 1957 543 2042 θυμῷ
558 1956 678 2036 μεμαὼς
692 1955 835 2038 Τρόεσσι
848 1954 1013 2039 μάχεσθαι·
1139 1984 1185 2033 ¹35

242 2062 278 2140 δὴ
294 2061 362 2125 τότε
376 2085 427 2142 μιν
442 2060 504 2141 τρὶς
519 2059 634 2126 τόσσον
649 2058 719 2123 ἕλεν
732 2056 833 2139 μέυος,
849 2060 889 2125 ῶς
905 2084 938 2124 τε
951 2059 1073 2134 λέοντα,

242 2167 278 2230 ὅν
291 2163 330 2248 ῥά
343 2190 377 2228 τε
391 2163 503 2242 ποιμήν
518 2164 598 2247 ἀγρῷ
616 2160 663 2227 ἐπ’
680 2163 848 2244 εἰροπόκοις
864 2161 966 2228 ὀίεσσι

241 2269 359 2354 χραύσῃ
373 2266 429 2347 μέν
444 2266 469 2328 τ’
486 2267 579 2344 οὐλῆς
593 2265 801 2347 ὑπεράλμενον
816 2266 884 2329 οὐδὲ
901 2265 1055 2354 δαμάσσῃ·

241 2371 364 2452 τοῦμὲν
378 2394 411 2434 τε
426 2367 534 2434 σθένος
549 2367 657 2451 ῶρσεν,
673 2369 778 2432 ἔπειτα
793 2367 826 2432 δέ
840 2368 865 2432 τ’
883 2369 917 2434 ού
932 2370 1127 2453 προσαμύνει,

243 2476 324 2537 ἀλλὰ
335 2475 410 2536 κατὰ
425 2470 574 2549 σταθμοὺς
589 2472 698 2549 δύεται,
712 2473 751 2534 τδ
765 2472 790 2536 δ’
808 2473 901 2554 ἐρῆμα
916 2477 1070 2554 φοβεῖται·
1137 2502 1184 2548 140

242 2579 273 2640 αἱ
286 2575 342 2657 μέν
357 2573 383 2638 τ’
400 2576 573 2658 ἀγχιστῖναι
590 2571 637 2638 ἐπ’
653 2572 810 2661 ἀλλήλῃσι
826 2573 976 2659 κέχυνται,

242 2680 333 2762 αὐτὰρ
349 2680 365 2742 ὁ
380 2679 537 2758 ἐμμεμαὼς
552 2674 669 2756 βαθέης
685 2675 848 2756 ἐξάλλεται
865 2679 969 2758 αὐλῆς·

242 2783 281 2848 ῶς
295 2781 414 2863 μεμαὼς
428 2780 570 2862 Τρόεσσι
584 2780 656 2862 μίγη
674 2780 814 2861 κρατερὸς
830 2779 994 2861 Διομήδης.

282 2881 366 2948 Ἔνθ’
382 2884 452 2947 ἔλεν
464 2882 632 2948 Ἀστύνοον
648 2884 697 2946 καὶ
711 2881 882 2965 Ὑπείρονα,
898 2880 1027 2962 ποιμένα
1041 2889 1134 2957 λαῶν,

242 2988 294 3052 τὸν
308 2989 363 3066 μὲν
377 2988 450 3066 ὑπὲρ
464 2986 569 3064 μαζοῖο
584 2985 693 3064 βολῶν
706 2983 855 3068 χαλκήρεϊ
870 2986 962 3065 δουρί,
1139 3014 1183 3065 ¹4⁵

241 3091 294 3156 τὸν
309 3087 336 3154 δ’
352 3089 454 3170 ἔτερον
469 3086 553 3168 ξίφεϊ
569 3085 693 3172 μεγάλιρ
709 3081 818 3167 κληῖδα
832 3084 902 3168 παρ’
917 3084 999 3165 ῶμον

241 3190 344 3272 πλῆξ’,
359 3190 420 3257 ἆπό
434 3188 460 3255 δ’
477 3187 603 3273 αι’νχένος
618 3187 700 3270 ῶμον
715 3187 858 3272 ἐέργαθεν
873 3188 919 3270 ἠδ’
935 3189 995 3254 ὀπό
1010 3189 1114 3255 νότου.

241 3296 308 3362 τοὺς
322 3296 377 3373 μὲν
393 3292 468 3370 ἔασ’,
484 3290 542 3357 δ’δ’
554 3292 695 3373 Ἀβσντα
708 3290 862 3377 μετήχετο
878 3293 927 3356 καὶ
943 3293 1122 3369 Πολύειδον,

240 3397 321 3464 υἱέας
336 3395 571 3480 Εὐρυδάμαντος,
587 3395 796 3478 ὀνειροπόλοιο
810 3392 959 3478 γέροντος·

240 3505 302 3567 τοῖς
317 3499 369 3563 οὐκ
385 3497 558 3581 ἐρχομένοις
573 3499 590 3564 ό
606 3497 704 3582 γέρων
719 3494 848 3579 ἐκρίνατ’
864 3495 1004 3578 ὀνείρους,
1136 3525 1184 3576 ¹50

241 3603 322 3668 ἆλλά
337 3609 436 3684 σφεας
451 3601 591 3683 κρατερὸς
607 3598 760 3680 Διομήδης
775 3597 914 3682 ἐξενάριξ
929 3619 936 3636 ·

240 3712 283 3789 βῆ
299 3708 331 3772 δὲ
348 3708 424 3785 μετὰ
438 3703 558 3772 Ξάνθον
573 3725 606 3768 τε
622 3702 734 3768 Θόωνά
748 3727 791 3776 τε,
807 3703 960 3771 Φαίνοπος
974 3705 1030 3778 υῖε,
