2788 4230
263 303 325 383 776
547 299 596 362 ιο.
626 301 861 362 offlam
893 303 933 364 ιι.

259 469 329 535 ἀλλ’
345 470 443 553 ἀγετε,
460 470 530 551 πρὶν
546 473 645 533 κεῖνον
661 469 901 550 ὁμηγυρίσασθαι
915 465 1060 550 Ἀχαιοὺς
1177 461 1181 466 ’

260 578 303 641 είς
319 571 510 656 ἀγορήν-οὗ
524 571 581 655 γάρ
597 599 626 636 τι
641 570 842 653 μεθησέμεναί
853 596 904 650 μιν
920 569 984 649 ἀίω,

259 674 329 740 ἀλλ’
346 678 537 758 ἀπομηνίσει,
555 674 631 757 ἐρέει
647 674 672 738 δ’
688 677 721 738 ἐν
736 679 828 740 πᾶσιν
847 676 979 739 ἀναστὰς

259 779 367 844 οὕνεκά
385 781 414 843 οἶ
430 780 526 860 φόνον
542 778 631 843 αἰπὺν
647 777 812 860 ἐράπτομεν
828 775 888 841 οὐδ’
903 777 1055 859 ἐκίχημεν·

259 885 288 948 οἶ
305 880 330 948 δ’
347 883 398 946 οὐκ
414 879 593 960 αἰνήσουσιν
608 881 765 947 ἀκούοντες
781 882 856 945 κακὰ
873 882 956 963 ἔργα·
1158 891 1209 953 380

257 985 297 1068 μή
313 1012 342 1050 τι
358 991 448 1050 κακὸν
462 983 574 1066 ῥέξωσι
590 985 638 1048 καὶ
653 983 745 1063 ἡμέας
760 983 933 1062 ἐξελάσωσι

258 1091 346 1174 γαίης
360 1088 515 1171 ἡμετέρης,
531 1089 635 1152 ἀλλων
650 1086 675 1152 δ’
691 1088 869 1168 ἀφικόμεθα
884 1090 987 1168 δῆμον·

259 1195 341 1257 ἀλλά
357 1191 497 1274 φθέωμεν
513 1194 634 1257 ἑλόντες
650 1189 696 1255 ἐπ’
712 1193 804 1273 ἀγροῦ
819 1192 915 1273 νόσφι
932 1192 1046 1269 πόληος
1111 1193 1112 1197 ’

258 1295 276 1375 ἡ
294 1298 327 1360 ἐν
342 1297 412 1380 ὁδῷ·
443 1295 551 1374 βίοτον
566 1295 591 1358 δ’
606 1293 690 1358 αὐτοὶ
707 1293 754 1358 καὶ
771 1293 891 1375 κτήματ’
906 1296 1033 1377 ἔχωμεν,

257 1396 445 1477 δασσάμενοι
462 1396 535 1460 κατὰ
550 1403 657 1480 μοῖραν
673 1396 721 1479 ἐφ’
736 1397 838 1477 ἡμέας,
855 1399 933 1461 οἰκία
949 1395 974 1460 δ’
990 1397 1061 1462 αὖτε
1160 1411 1209 1474 ³85

261 1503 360 1565 κείνου
375 1500 479 1582 μητέρι
495 1506 597 1580 δοῖμεν
613 1501 695 1585 ἔχειν
710 1501 755 1580 ἠδ’
772 1503 805 1568 ὅς
820 1527 864 1568 τις
880 1501 989 1564 ὀπυίοι.

260 1609 287 1669 εί
302 1602 327 1668 δ’
343 1607 412 1684 ὑμῖν
427 1604 477 1668 ὅδε
492 1609 585 1683 μΰθος
601 1605 778 1686 ἀφανδάνει,
794 1604 875 1670 ἀλλὰ
889 1605 1026 1684 βόλεσθε
1068 1615 1073 1655 ’-

258 1710 347 1773 αὐτόν
362 1733 394 1771 τε
412 1709 497 1785 ζόειν
513 1710 561 1772 καὶ
573 1709 655 1791 ἔχειν
670 1711 804 1786 πατρώϊα
819 1709 926 1786 πάντα,

256 1811 297 1894 μή
313 1815 341 1875 οἱ
357 1809 482 1895 χρήματ’
498 1813 602 1877 ἔπειτα
618 1813 687 1880 ἅλις
704 1810 826 1891 θυμηδέ’
843 1813 955 1891 ἔδωμεν

258 1912 356 1979 ἐνθάδ’
372 1915 569 1996 ἀγειρόμενοι,
587 1915 657 1978 ἀλλ’
673 1918 704 1979 ἐκ
719 1915 862 1997 μεγάροιο
878 1915 1004 1982 ἔκαστος
1157 1941 1209 1992 390

257 2017 382 2099 μνάσθω
399 2019 546 2084 ἐέδνοισιν
561 2019 722 2100 διζήμενος·
753 2019 771 2098 ἡ
788 2019 821 2084 δέ
836 2019 861 2082 κ’
878 2020 982 2083 ἔπειτα

260 2120 380 2203 γήμαιθ’
397 2123 429 2188 άς
447 2149 479 2186 κε
494 2128 624 2186 πλεῖστα
641 2125 728 2204 πόροι
745 2124 793 2186 καὶ
807 2123 954 2205 μόρσιμος
971 2117 1082 2186 έλθοι.”

295 2223 359 2291 Ὣς
374 2224 472 2305 ἔφαθ’,
489 2229 518 2289 οί
534 2227 558 2289 δ’
575 2225 630 2307 άρα
648 2226 757 2292 πάντες
774 2227 848 2305 ἀκὴν
865 2224 1003 2307 ἐγένοντο
1020 2227 1132 2311 σιωπῇ.

260 2332 358 2393 τοῖσιν
374 2328 399 2392 δ’
415 2329 602 2410 Ἀμφίνομος
618 2327 789 2412 ἀγορήσατο
805 2326 852 2392 καὶ
867 2328 1016 2409 μετέειπε,

261 2433 359 2495 Νίσου
375 2433 516 2513 φαίδιμος
531 2433 605 2508 υἱός,
620 2431 800 2515 Ἀρητιάδαο
815 2433 951 2509 ἄνακτος,
1158 2459 1208 2510 395

259 2537 293 2600 ός
307 2535 338 2616 ῥ’
355 2537 387 2598 ἐκ
404 2535 571 2617 Δουλιχίου
586 2535 757 2618 πολυπύρου
773 2533 930 2614 ποιήεντος

257 2637 361 2718 ἡγεῖτο
376 2639 555 2718 μνηστῆρσι,
570 2638 704 2718 μάλιστα
718 2643 751 2702 δέ
767 2640 950 2726 Πηνελοπείι

259 2743 369 2820 ἥνδανε
383 2739 516 2820 μύθοισι·
546 2745 638 2822 φρεσὶ
653 2745 710 2826 γάρ
727 2742 843 2825 κέχρητ’
862 2745 1021 2830 ἀγαθῇσιν·

260 2847 277 2908 ό
293 2852 369 2924 σφιν
385 2845 556 2924 ἐϋφρονέων
571 2842 742 2928 ἀγορήσατο
758 2845 807 2908 καὶ
820 2845 987 2926 μετέειπεν·

260 2945 313 3010 “ss
330 2947 428 3027 φίλοι,
444 2947 495 3011 οὐκ
511 2947 548 3011 δν
565 2950 622 3031 ἐγά
638 2975 674 3032 γε
691 2950 892 3014 κατακτείνειν
908 2949 1044 3030 ἐθέλοιμι
1156 2980 1208 3029 400

258 3050 448 3134 Τηλέμαχον·
480 3053 579 3117 δεινὸν
594 3056 626 3117 δέ
641 3054 729 3135 γένος
743 3053 909 3132 βασιλήϊόν
925 3056 990 3117 ἐστι

260 3153 395 3218 κτείνειν·
427 3155 509 3219 ἀλλὰ
525 3162 627 3238 πρῶτα
644 3162 720 3220 θεῶν
735 3157 882 3238 είριόμεθα
896 3158 1021 3235 βουλάς.

259 3259 285 3320 εί
299 3255 356 3336 μέν
373 3255 397 3320 κ’
413 3259 564 3338 αἰνήσωσι
581 3265 656 3325 Διὸς
670 3259 816 3342 μεγάλοιο
831 3259 979 3341 θέμιστες,

259 3360 346 3426 αὐτός
362 3385 395 3425 τε
412 3362 520 3427 κτενέω
537 3363 604 3428 τούς
619 3360 644 3426 τ’
659 3361 771 3430 ἄλλους
785 3363 899 3430 πάντας
918 3363 1033 3443 ἀνάξω·

261 3466 287 3528 εἰ
302 3464 335 3529 δέ
351 3465 376 3528 κ’
392 3467 595 3546 ἀποτρωπῶσι
613 3470 685 3542 θεοί,
702 3468 877 3533 ποόσασθαι
892 3465 1022 3550 άνωγα.”
1148 3497 1207 3547 ‘405

295 3567 359 3636 Ὠς
375 3570 460 3650 ἔφατ’
475 3570 670 3651 Ἀμφίνομος,
687 3577 787 3637 τοῖσιν
802 3569 827 3635 δ’
843 3569 1003 3650 ἐπιήνδανε
1019 3575 1120 3652 μῦθος.

259 3673 351 3737 αὐτίκ’
367 3673 459 3738 ἔπειτ’
475 3673 638 3741 ἀνστάντες
654 3675 730 3755 ἐβαν
747 3677 837 3754 δόμον
854 3677 896 3742 είς
910 3673 1068 3755 Ὀδυσῆος,
