2834 4234
501 361 548 427 13.
573 345 806 405 ΟΔΥΣΣΕΙΑΣ
834 347 870 404 Ν.
1100 357 1159 422 7ν7

209 517 248 599 σῇ
264 513 290 576 τ’
306 515 411 599 ἀλόχιρ
428 514 476 578 καὶ
492 516 586 591 παιδί,
601 519 653 578 τὸν
669 516 702 578 ἓν
716 513 893 596 μεγάροισιν
908 515 1038 580 ἔλειπες.

208 620 295 686 αὐτὸς
312 623 344 683 δὲ
361 619 514 698 πράτιστα
531 618 674 697 συβώτην
690 618 916 698 εἰσαφικέσθαι,

209 725 242 788 ὄς
257 748 303 786 τοι
318 725 378 786 ύῶν
392 725 539 802 ἐπίουρος,
555 724 633 801 ὁμῶς
648 721 681 786 δέ
696 747 742 786 τοι
756 720 830 800 ἤπια
847 721 919 796 οἶδε,
1106 747 1157 798 405

208 826 301 890 παῖδά
315 851 349 889 τε
364 833 420 891 σδν
436 825 538 906 φιλέει
555 823 603 889 καὶ
620 824 771 908 ἐχέφρονα
788 826 1010 904 Πηνελόπειαν.

208 929 290 1008 δήεις
305 928 358 994 τόν
371 955 408 1011 γε
423 929 536 993 σύεσσι
551 927 733 1009 παρήμενον·
765 930 797 991 αἱ
813 931 845 991 δὲ
861 927 998 1008 νέμονται

207 1034 267 1115 πάρ
283 1035 415 1114 Κόρακος
431 1032 525 1118 πέτρῃ
540 1033 593 1096 έπί
606 1058 639 1096 τε
655 1031 746 1118 κρήνῃ
762 1031 940 1117 Ἀρεθούσῃ,

209 1139 354 1201 ἔσθουσαι
369 1135 508 1216 βάλανον
522 1135 679 1215 μενοεικέα
695 1137 744 1199 καὶ
758 1135 857 1215 μέλαν
871 1137 949 1206 ὕδωρ

207 1244 358 1316 πίνουσαι,
372 1237 409 1302 τά
426 1240 451 1302 θ’
468 1241 557 1304 ὕεσσι
573 1238 677 1320 τρέφει
693 1242 854 1302 τεθαλυῖαν
870 1236 1013 1318 ἀλοιφήν.
1108 1265 1158 1313 410

208 1346 278 1408 ἔνθα
293 1343 395 1423 μένειν
412 1344 460 1406 καὶ
476 1343 573 1407 πάντα
589 1340 759 1422 παρήμενος
776 1341 960 1423 ἐξερέεσθαι,

208 1449 275 1529 ὄφρ’
292 1446 330 1513 δν
346 1448 424 1530 ἐγὼν
439 1447 517 1510 ἔλθω
535 1446 675 1528 Σπάρτην
690 1448 721 1512 ές
736 1446 954 1528 καλλιγύναικα

205 1553 389 1634 Τηλέμαχον
406 1549 568 1625 καλέουσα,
582 1550 654 1614 τεὸν
671 1551 765 1630 φίλον
778 1551 853 1626 υἱόν,
869 1548 1030 1614 Ὀδυσσεῦ·

206 1657 238 1721 ὄς
254 1681 300 1720 τοι
316 1659 346 1722 ές
362 1653 522 1737 εὐρύχορον
536 1654 745 1736 Λακεδαίμονα
760 1654 819 1735 πὰρ
836 1651 997 1719 Μενέλαον

206 1758 302 1843 ᾤχετο
317 1760 504 1837 πευσόμενος
518 1761 594 1839 μετά
610 1757 666 1822 σὸν
685 1756 781 1833 κλέος,
798 1760 899 1821 εἵπου
915 1755 955 1820 ἔτ’
972 1755 1063 1834 είης.”
1108 1785 1156 1834 415

248 1864 313 1942 Τὴν
330 1860 355 1926 δ’
370 1861 615 1941 ἀπαμειβόμενος
630 1862 771 1941 προσέφη
788 1860 953 1940 πολύμητις
968 1858 1144 1926 Ὀδυσσεύς·

207 1971 223 1997 “
235 1968 322 2029 τίπτε
337 1962 362 2026 τ’
378 1963 423 2046 ἀρ’
440 1965 474 2028 ού
490 1967 518 2027 οἱ
534 1964 644 2037 έειπες,
659 1965 705 2026 ένὶ
722 1964 815 2044 φρεσὶ
831 1963 929 2027 πάντα
945 1965 1046 2037 ἰδυίας

207 2069 225 2146 ή
240 2071 291 2132 ἵνα
305 2093 362 2131 που
378 2068 426 2131 καὶ
443 2073 539 2132 κεῖνος
556 2067 710 2145 ἀλώμενος
725 2065 822 2148 ἀλγεα
839 2064 945 2150 πάσχῃ

205 2173 316 2235 πόντον
330 2167 377 2234 ἐπ’
393 2170 564 2252 ἀτρύγετον,
583 2171 690 2247 βίοτον
705 2168 738 2232 δέ
752 2171 780 2232 οἱ
796 2168 889 2233 ἄλλοι
906 2167 1037 2233 ἔδουσι.”

1167 1858 1174 1891 τ

247 2276 310 2339 Τὸν
325 2275 351 2339 δ’
366 2273 501 2355 ἠμείβετ’
519 2274 622 2336 ἔπειτα
639 2275 693 2337 θεά
708 2280 884 2354 γλαυκῶπις
899 2259 1021 2352 Ἀθήνη·
1105 2300 1156 2349 420

205 2384 225 2413 “
237 2380 277 2458 μὴ
294 2376 330 2457 δή
346 2403 393 2441 τοι
410 2378 507 2444 κεῖνός
523 2403 558 2460 γε
572 2377 644 2454 λίην
660 2377 798 2457 ἐνθύμιος
815 2375 904 2439 ἔστω.

204 2482 277 2560 αὐτή
293 2509 344 2562 μιν
359 2482 524 2560 πόμπευον,
540 2483 590 2544 ἵνα
606 2479 692 2546 κλέος
708 2479 822 2543 ἐσθλὸν
837 2479 938 2562 ὄροιτο

205 2584 278 2650 κεῖσ’
296 2586 402 2650 έλθόν·
433 2587 508 2666 ἀτάρ
524 2584 559 2647 ού
574 2581 629 2648 τιν’
645 2584 711 2667 ἔχει
727 2585 830 2661 πόνον,
847 2585 929 2648 ἀλλά
944 2583 1052 2661 ἕκηλος

204 2691 294 2768 ήσται
309 2693 343 2754 ἐν
356 2687 511 2771 Ἀτρείδαο
527 2689 639 2767 δόμοις,
655 2690 735 2768 παρὰ
750 2686 774 2751 δ’
792 2690 911 2752 ἄσπετα
927 2693 1031 2752 κεῖται.

204 2794 222 2872 ἦ
237 2793 294 2874 μέν
308 2819 360 2873 μιν
374 2793 514 2876 λοχόωσι
530 2791 594 2856 νέοι
609 2791 667 2856 σὺν
683 2792 732 2870 νηί
746 2794 885 2875 μελαίνῃ,
1105 2819 1153 2868 4²5

205 2897 316 2977 ἱέμενοι
333 2901 456 2974 κτεῖναι,
468 2897 539 2977 πρὶν
553 2896 680 2976 πατρίδα
696 2901 786 2977 γαῖαν
806 2893 934 2959 ἱκέσθαι·

204 3003 285 3065 ἀλλά
300 3001 337 3063 τά
351 3000 379 3083 γ’
390 3001 442 3064 οὐκ
459 2998 521 3075 ἀίω,
538 3000 609 3080 πρὶν
624 3001 676 3062 καί
688 3024 755 3062 τινα
771 3005 843 3082 γαῖα
859 2997 979 3076 καθέξει

203 3102 317 3182 ἀνδρῶν
330 3099 517 3180 μνηστήρων,
534 3100 564 3162 οί
577 3123 624 3161 τοι
640 3099 748 3178 βίοτον
764 3094 968 3161 κατέδουσιν.”

240 3203 302 3270 Ὠς
317 3203 375 3285 ἀρα
389 3228 441 3284 μιν
456 3201 575 3284 φαμένη
590 3200 695 3286 ῥάβδῳ
711 3199 896 3282 ἐπεμάσσατ’
910 3198 1034 3280 Ἀθήνη.

203 3307 302 3388 κάρφε
316 3309 371 3384 μέν
386 3308 415 3370 οἱ
430 3308 509 3389 χρόα
525 3305 618 3370 καλὸν
633 3303 677 3370 ἑνί
692 3309 875 3388 γναμπτοῖσι
890 3302 1032 3384 μέλεσσι,
1101 3333 1152 3383 430

203 3410 314 3489 ξανθὰς
330 3409 355 3474 δ’
370 3412 402 3473 έκ
419 3413 555 3491 κεφαλῆς
571 3411 664 3472 ὄλεσε
679 3410 792 3491 τρίχας,
809 3406 886 3489 ἀμφὶ
903 3410 935 3471 δὲ
950 3408 1042 3490 δέρμα

203 3512 370 3578 πάντεσσιν
384 3512 532 3593 μελέεσσι
548 3517 678 3577 παλαιοῦ
693 3515 767 3591 θῆκε
781 3512 934 3594 γέροντος,

203 3618 353 3696 κνύζωσεν
367 3616 401 3681 δέ
415 3619 444 3680 οἱ
461 3619 537 3681 ὄσσε
553 3615 647 3698 πάρος
662 3613 841 3698 περικαλλέ’
857 3615 952 3682 ἐόντε·

202 3723 279 3803 ἀμφὶ
295 3720 327 3786 δέ
341 3746 393 3801 μιν
407 3719 498 3803 ῥάκος
513 3721 592 3784 ἄλλο
609 3720 701 3785 κακδν
715 3719 812 3800 βάλεν
828 3719 882 3800 ήδὲ
896 3726 1022 3804 χιτῶνα,
