2738 4226
260 301 320 379 184
588 319 618 383 9.
642 306 811 366 1A1AA02
836 306 859 368 1.

257 466 316 548 ὀψὲ
332 473 364 534 δὲ
379 470 415 549 δή
430 467 569 549 μετέειπε
582 470 663 550 βοήν
679 470 791 553 ἆγαθδς
807 469 969 550 Διομήδης·

257 583 276 607 “
287 571 422 652 Ἀτρείδη
439 573 566 648 κύδιστε,
583 572 662 652 άναξ
674 575 789 656 ἀνδρῶν
805 571 1002 657 Ἀγάμεμνον,

255 675 294 752 μὴ
311 677 422 754 ὄφελες
436 675 603 740 λίσσεσθαι
619 675 754 755 ἀμύμονα
768 675 941 755 Πηλείωνα,

254 778 343 856 μυρία
358 783 436 858 δῶρα
451 778 557 845 διδούς·
582 780 599 841 ὁ
613 777 640 843 δ’
655 777 774 861 ἀγήνωρ
791 781 857 844 ἐστὶ
873 782 920 844 καὶ
936 780 1049 848 άλλως·

256 885 306 943 νῦν
321 879 358 942 αδ
372 905 424 960 μιν
439 880 517 944 πολὺ
531 885 652 961 μᾶλλον
667 882 862 967 ἀγηνορίῃσιν
877 883 992 961 ἐνῆκας.
1146 908 1196 959 τοο

255 980 325 1046 ἀλλ’
341 983 360 1062 ἦ
374 1008 421 1048 τοι
437 989 535 1050 κεῖνον
549 986 605 1063 μὲν
620 982 758 1066 ἐάσομεν,
773 983 794 1064 ἥ
810 1010 861 1056 κεν
875 987 967 1071 ίῃσιν,

255 1086 274 1164 ή
288 1113 321 1151 κε
335 1085 420 1172 με’νῃ·
443 1088 512 1151 τότε
527 1084 553 1150 δ’
568 1087 639 1150 αὖτε
652 1085 832 1169 μαχήσεται,
849 1088 964 1152 ὁππότε
980 1087 1031 1152 κέν
1044 1113 1097 1166 μιν

255 1189 345 1268 θυμὸς
360 1190 405 1256 ἐνὶ
420 1189 587 1268 στήθεσσιν
603 1190 703 1276 ἀνάγῃ
720 1191 769 1254 καὶ
785 1189 853 1256 θεδς
871 1191 957 1276 ὄρσῃ.

254 1290 325 1356 ἀλλ’
341 1290 432 1375 ἄγεθ’,
450 1293 489 1357 ὣς
504 1291 541 1356 δν
556 1291 615 1373 ἐγδ
633 1293 717 1365 εἴπω,
734 1291 906 1371 πειθώμεθα
921 1290 1039 1359 πάντες·

254 1401 306 1460 νῦν
319 1396 375 1475 μὲν
391 1392 578 1473 κοιμήσασθε
592 1394 807 1475 τεταρπόμενοι
821 1397 916 1475 φίλον
930 1394 1001 1474 ἦτορ
1146 1419 1195 1473 ηο5

255 1500 341 1562 σίτου
357 1498 405 1563 καὶ
421 1501 524 1562 οίνοιο·
549 1496 583 1560 τὸ
598 1500 655 1580 γὰρ
669 1496 760 1576 μένος
774 1498 841 1561 ἐστὶ
857 1499 906 1561 καὶ
921 1495 1009 1574 άλκή·

254 1601 345 1682 αὐτὰρ
360 1601 427 1665 ἐπεί
441 1626 474 1665 κε
489 1601 572 1685 φανῇ
589 1599 665 1679 καλή
680 1598 899 1684 ῥοδοδάκτυλος
915 1596 1004 1671 Ἠώς,

254 1703 446 1785 καρπαλίμως
461 1702 518 1784 πρὸ
534 1707 609 1768 νεῶν
625 1701 734 1786 ἐχέμεν
748 1703 826 1789 λαήν
840 1726 873 1766 τε
889 1702 937 1765 καὶ
953 1703 1063 1768 ίππονς

253 1805 391 1887 ὀτρύνων,
408 1806 457 1870 καὶ
472 1803 498 1870 δ’
514 1805 602 1872 αὐτὸς
616 1806 661 1870 ἐνὶ
676 1805 824 1888 πράτοισι
837 1801 1022 1888 μάχεσθαι.”

288 1907 351 1976 Ὣς
366 1907 466 1990 ἔφαθ’,
483 1909 512 1973 οἱ
527 1905 553 1971 δ’
569 1906 627 1989 ἄρα
641 1906 752 1974 πάντες
766 1905 922 1994 ἐπῄνησαν
936 1909 1098 1984 βασιλῆες,
1146 1933 1194 1978 ιιο

252 2017 345 2092 μῦθον
360 2009 569 2094 ἀγασσάμενοι
586 2009 753 2090 Διομήδεος
770 2007 961 2088 ἱπποδάμοιο.

253 2116 301 2179 καὶ
315 2116 383 2179 τότε
397 2113 434 2194 δή
450 2114 635 2180 σπείσαντες
650 2113 728 2191 ἔβαν
744 2112 900 2191 κλισίηνδε
916 2111 1051 2186 ἕκαστος,

253 2217 325 2282 ἔνθα
339 2218 380 2282 δὲ,
389 2213 572 2296 κοιμήσαντο
587 2215 637 2288 καὶ
651 2216 746 2282 ὕπνον
760 2219 856 2296 δῶρον
872 2214 989 2278 ἕλοντο.
