2834 4234
494 365 541 430 13.
566 351 801 412 οςνςςυιιν
833 353 872 410 N.
1088 360 1151 427 715

201 518 284 598 νῆάδ’
301 519 514 598 ἐπεσσεύοντο,
530 518 625 602 φέρον
640 519 665 585 δ’
683 519 809 602 εὐήνορα
823 523 949 604 χαλκόν.

203 625 251 687 καὶ
266 623 304 686 τὰ
318 624 374 704 μὲν
390 623 422 686 εὖ
439 623 576 705 κατέθηχ’
595 624 675 704 ἱερὸν
689 624 778 703 μένος
793 622 974 700 Ἀλκινόοιο,
1119 650 1152 685 20

203 727 290 792 αὐτὸς
306 728 360 790 ἰὼν
375 730 425 790 διὰ
440 732 510 806 νηὸς
524 727 583 792 ὑπὸ
601 728 680 810 ζυγά,
696 727 738 808 μή
753 725 808 791 τιν’
823 728 949 806 ἑταίρων

202 830 338 911 βλάπτοι
354 831 551 908 ἐλαυνόντων,
567 832 659 895 ὁπότε
675 828 852 914 σπερχοίατ’
868 832 1010 912 ἐρετμοῖς·

204 936 232 997 οῖ
248 931 273 997 δ’
289 936 331 1000 είς
346 933 518 999 Ἀλκινόοιο
534 935 598 1000 κίον
614 936 662 998 καὶ
678 935 754 998 δαῖτ’·
770 934 926 1016 ἀλέγυνον.

246 1041 335 1100 Τοῖσι
353 1039 385 1102 δέ
399 1042 477 1117 βοῦν
494 1036 602 1118 ῖέρευσ’
618 1037 698 1120 ἱερὸν
712 1037 801 1118 μένος
816 1036 988 1102 Ἀλκινόοιο

204 1139 279 1218 Ζηνὶ
295 1139 468 1221 κελαινεφέϊ
483 1142 622 1226 Κρονίδῃ,
640 1140 672 1206 δς
688 1145 782 1205 πᾶσιν
798 1140 936 1206 ἀνάσσει.

203 1248 282 1326 μῆρα
297 1247 329 1308 δὲ
345 1244 469 1325 κήαντες
484 1243 612 1310 δαίνυντ’
627 1247 762 1326 ἐρικυδέα
778 1251 866 1310 δαῖτα

204 1350 390 1428 τερπόμενοι·
420 1352 495 1429 μετὰ
511 1350 544 1413 δέ
560 1355 637 1430 σφιν
653 1351 800 1428 ἐμέλπετο
816 1353 897 1414 θεῖος
913 1350 1024 1424 ἀοιδός,

206 1453 391 1531 Δημόδοκος,
405 1457 510 1516 λαοῖσι
526 1451 686 1532 τετιμένος·
719 1453 809 1533 αὐτὰρ
824 1450 990 1516 Ὀδυσσεὺς

204 1559 308 1619 πολλὰ
324 1562 398 1638 πρὸς
412 1555 516 1633 ἠέλιον
532 1556 671 1638 κεφαλήν
685 1557 774 1638 τρέπε
789 1556 1024 1636 παμφανόωντα,

205 1663 289 1723 δῦναι
305 1661 507 1742 ἐπειγόμενος·
538 1661 574 1739 δὴ
591 1658 648 1741 γὰρ
663 1660 802 1738 μενέαινε
818 1661 950 1726 νέεσθαι.

207 1763 246 1829 ὡς
262 1761 287 1826 δ’
302 1761 345 1827 ὅτ’
361 1764 434 1844 ἀνήρ
450 1765 570 1846 δόρποιο
585 1765 748 1840 λιλαίεται,
764 1761 787 1847 ᾧ
803 1789 836 1827 τε
852 1767 992 1843 πανῆμαρ

206 1865 287 1931 νειὸν
301 1865 347 1930 ἀν’
362 1867 489 1944 ἕλκητον
504 1866 562 1946 βόε
578 1869 682 1932 οῖνοπε
697 1872 810 1945 πηκτὸν
826 1866 960 1947 ἄροτρον·

206 1970 364 2035 ἀσπασίως
380 1967 404 2032 δ’
420 1969 477 2048 άρα
492 1970 534 2052 τηῖ
549 1969 655 2032 κατέδυ
670 1968 749 2049 φάος
762 1968 880 2046 ἠελίοιο

207 2073 319 2153 δόρπον
333 2072 523 2155 ἐποίχεσθαι,
539 2071 693 2151 βλάβεται
710 2070 744 2135 δέ
758 2097 793 2136 τε
806 2068 924 2152 γούνατ’
941 2070 1026 2134 ῖόντι·

207 2178 247 2242 ὣς
262 2173 387 2253 Ὀδυσῆ’
404 2176 563 2239 ἀσπαστὸν
580 2175 630 2238 ἐδυ
645 2174 722 2257 φάος
737 2175 862 2254 ἠελίοιο.

208 2280 288 2360 αἶψα
303 2280 336 2344 δέ
351 2277 523 2357 Φαιήκεσσι
539 2277 756 2360 φιληρέτμοισι
770 2277 910 2356 μετηύδα,

206 2383 357 2467 Ἀλκινόῳ
374 2385 406 2447 δὲ
420 2380 556 2461 μάλιστα
572 2382 819 2462 πιφαυσκόμενος
835 2380 915 2463 φάτο
930 2386 1033 2460 μῦθον·

209 2495 225 2521 “
235 2485 375 2550 Ἀλκίνοε
391 2491 498 2566 κρεῖον,
515 2486 635 2551 πάντων
651 2487 816 2567 ἀριδείκετε
831 2493 924 2564 λαῶν,

208 2590 340 2669 πέμπετέ
354 2615 391 2668 με
407 2591 588 2656 σπείσαντες
604 2590 753 2670 ἀπήμονα,
770 2591 891 2676 χαίρετε
907 2587 931 2655 δ’
947 2590 1041 2653 αθτοί·

208 2693 262 2772 ήδη
278 2697 335 2776 γὰρ
351 2696 526 2758 τετέλεσται
542 2693 561 2756 ά
575 2718 626 2774 μοι
642 2695 735 2773 φίλος
750 2692 841 2772 ἤθελε
860 2695 962 2773 θυμός,

209 2799 313 2878 πομπὴ
330 2795 379 2862 καὶ
394 2798 471 2878 φίλα
487 2801 575 2877 δῶρα,
591 2795 628 2859 τό
642 2822 692 2877 μοι
709 2795 773 2862 θεοὶ
788 2797 977 2878 Οὐρανίωνες

209 2902 305 2979 ὄλβια
319 2900 489 2980 ποιήσειαν.
520 2901 655 2979 ἀμύμονα
671 2899 697 2964 δ’
711 2902 789 2965 οίκοι
805 2902 921 2965 ἄκοιτιν

210 3003 361 3084 νοστήσας
378 3006 492 3085 εὕροιμι
509 3003 566 3068 σὺν
581 3003 760 3086 ἀρτεμέεσσι
775 3006 922 3086 φίλοισιν.

210 3112 293 3187 ὑμεῖς
308 3107 333 3172 δ’
349 3108 415 3170 αὖθι
431 3107 573 3189 μένοντες
590 3109 779 3189 ἐϋφραίνοιτε
794 3112 936 3190 γυναῖκας

211 3213 357 3293 κουριδίας
373 3213 421 3278 καὶ
438 3209 537 3277 τέκνα·
569 3207 636 3275 θεοῖ
647 3211 673 3274 δ’
689 3212 797 3293 ἀρετήν
812 3212 961 3276 ὀπάσειαν

211 3317 364 3394 παντοίην,
381 3315 429 3378 καὶ
443 3313 485 3396 μή
500 3340 529 3378 τι
546 3314 636 3379 κακὸν
650 3314 831 3394 μεταδήμιον
847 3313 921 3394 εἴη.”

247 3417 311 3485 Ὣς
327 3417 425 3501 ἔφαθ’,
441 3421 469 3484 οἱ
486 3416 512 3483 δ’
523 3417 584 3500 άρα
599 3417 709 3485 πάντες
724 3418 851 3507 ἐπῄνεον
864 3416 909 3497 ἠδ’
925 3417 1064 3484 ἐκέλευον

212 3523 398 3602 πεμπέμεναι
413 3529 470 3589 τὸν
481 3521 590 3602 ξεῖνον,
607 3524 673 3587 ἐπεὶ
690 3523 764 3587 κατά
779 3528 887 3605 μοῖραν
901 3524 992 3587 έειπε.

213 3628 262 3691 καὶ
276 3628 345 3691 τότε
361 3624 470 3706 κήρυκα
486 3625 625 3708 προσέφη
640 3625 730 3707 μένος
745 3624 924 3692 Ἀλκινόοιο·

213 3736 234 3767 “
244 3730 408 3804 Ποντόνοε,
426 3733 555 3813 κρητῆρα
571 3730 796 3814 κερασσάμενος
810 3733 884 3813 μέθυ
899 3738 1003 3810 νεῖμον
1127 3758 1161 3808 50

642 3851 701 3901 Aa
717 3849 737 3918 5
