2728 4230
273 333 333 396 ¹34
598 329 627 394 7.
652 318 822 376 ΙΛΙΑΔΟΣ
846 318 888 376 Η.

268 483 345 562 δεῖξ’
361 481 479 563 ἐνδέξια
494 487 589 548 πᾶσιν
605 483 803 566 ἀριστήεσσιν
819 483 961 569 Ἀχαιῶν.

269 590 297 652 αῖ
312 584 338 650 δ’
354 586 388 650 αὑ
401 587 622 670 γιγνύσκοντες
638 585 827 666 ἀπηνήναντο
842 589 979 655 ἕκαστος.
1163 599 1208 662 ¹⁸5

268 683 338 749 ἀλλ’
355 686 456 764 ὅτε-δή
471 685 524 749 τὸν
539 687 623 751 ίκανε
639 686 740 768 φέρων
756 684 801 750 ἀν’
817 688 925 767 ὅμιλον
940 686 1065 773 ὑπάντῃ,

268 793 300 856 ὅς
314 816 366 869 μιν
381 788 553 871 ἐπιγράψας
570 787 658 876 κυνέῃ
674 788 764 868 βάλε,
781 791 923 872 φαίδιμος
940 792 1022 868 Αἶας,

268 891 348 972 ἦτοι
363 891 515 976 ὑπέσχεθε
528 889 616 976 χεῖρ’,
633 895 649 956 ὁ
665 892 689 956 δ’
707 890 753 974 ἄρ’
770 892 906 974 ἔμβαλεν
921 893 994 977 άγχι
1010 890 1175 975 παραστάς,

201 1077 203 1082 Α
267 1001 328 1076 γνῶ
345 994 378 1058 δὲ
393 993 503 1075 κλήρου
519 999 601 1076 σῆμα
616 995 697 1071 ίδύν,
712 993 829 1078 γήθησε
845 997 877 1059 δὲ
892 995 984 1080 θυμῷ.

267 1097 319 1161 τὸν
332 1099 388 1179 μὲν
403 1101 463 1179 τδρ
479 1095 547 1162 πόδ’
562 1097 613 1162 ἑὸν
626 1097 757 1182 χαμάδις
770 1097 853 1180 βάλε
869 1095 1012 1180 φύνησέν
1027 1117 1070 1162 τε·
1162 1123 1210 1174 190

269 1199 319 1263 “‹T›
334 1203 431 1282 φίλοι,
446 1199 465 1280 ἦ
480 1225 526 1265 τοι
542 1202 651 1283 κλῆρος
666 1201 746 1282 έμός,
760 1201 857 1284 χαίρω
873 1203 906 1264 δὲ
922 1202 971 1264 καὶ
987 1201 1074 1265 αὐτὸς

267 1306 359 1388 θυμῷ,
376 1306 442 1369 ἐπεὶ
460 1304 554 1370 δοκέω
570 1303 732 1387 νικησέμεν
743 1302 876 1386 Ἕκτορα
890 1308 965 1370 δῖον.

267 1405 337 1471 ἀλλ’
353 1405 445 1490 ἄγετ’,
461 1405 530 1490 ὄφρ’
547 1406 586 1473 δυ
600 1409 659 1490 ἐγὼ
675 1406 828 1488 πολεμήϊα
843 1407 951 1492 τεύχεα
965 1405 1034 1480 δύω,

266 1508 353 1592 τόφρ’
368 1512 451 1591 ὑμεῖς
468 1510 595 1594 εὔχεσθε
611 1512 663 1575 Διὶ
680 1512 827 1594 Κρονίωνι
843 1511 957 1586 ἄνακτι,

267 1614 338 1700 σιγῇ
355 1611 405 1694 ἐφ’
416 1613 536 1694 ὑμείων,
552 1616 602 1678 ἵνα
615 1613 656 1694 μὴ
671 1612 772 1696 Τρῶές
786 1639 823 1697 γε
837 1613 997 1688 πύθωνται,

265 1718 300 1794 ἠὲ
316 1716 365 1779 καὶ
380 1716 543 1798 ἀμφαδίην,
560 1717 626 1781 ἐπεὶ
642 1718 758 1782 οὔτινα
773 1718 904 1797 δείδιμεν
919 1717 1025 1794 ἔμπης·

267 1819 301 1882 οὑ
314 1816 371 1900 γάρ
386 1819 430 1884 τίς
445 1845 482 1899 με
496 1819 552 1905 βίῃ
567 1845 604 1903 γε
619 1820 695 1885 έκδν
710 1818 837 1885 ἀέκοντα
853 1821 961 1900 δίηται,
1069 1869 1073 1886 .

266 1921 334 1985 οὑδέ
348 1947 376 1984 τι
392 1922 496 2008 ἰδρείῃ,
512 1921 579 1986 ἐπεί
595 1919 658 1986 οὐδ’
674 1924 727 2002 ε’μέ
742 1921 829 2002 νήϊδά
843 1920 873 2006 γ’
888 1925 982 1990 οὑτως

267 2025 396 2103 ἔλπομαι
411 2025 444 2088 έν
459 2029 608 2105 Σαλαμῖνι
623 2025 767 2108 γενέσθαι
782 2050 815 2090 τε
830 2025 982 2108 τραφέμεν
997 2023 1063 2089 τε.”

302 2125 364 2194 Ὧς
380 2128 478 2210 ἔφαθ’,
494 2132 523 2192 οἱ
538 2127 563 2192 δ’
581 2128 705 2212 εὑχοντο
721 2131 775 2195 Διὶ
791 2132 937 2211 Κρονίωνι
952 2130 1066 2194 άνακτι·
1161 2153 1209 2190 ιοο

265 2233 322 2294 ὧδε
338 2229 371 2294 δέ
385 2256 430 2298 τις
445 2234 585 2296 εἴπεσκεν
601 2232 672 2296 ῖδδυ
688 2234 731 2299 είς
749 2232 875 2314 οὑρανδν
891 2232 986 2314 εὑρύν·

267 2340 284 2366 “
296 2337 354 2398 Ζεῦ
369 2331 472 2415 πάτερ,
486 2333 604 2414 Ἴδηθεν
617 2333 740 2414 μεδέων,
757 2335 877 2402 κύδιστε
891 2333 1024 2416 μέγιστε,

266 2437 315 2502 δὸς
331 2437 415 2516 νίκην
429 2440 537 2502 Αἴαντι
552 2439 602 2502 καί
618 2429 735 2521 ἀγλαὸν
750 2438 839 2522 εδχος
854 2436 989 2520 ἀρέσθαι·

266 2541 292 2601 εἰ
308 2539 340 2601 δὲ
356 2540 404 2602 καὶ
416 2537 547 2621 Ἕκτορά
561 2565 617 2621 περ
634 2537 753 2622 φιλέεις
769 2543 817 2605 καὶ
833 2538 935 2618 κήδεαι
952 2538 1050 2611 αὑτοῦ,

264 2644 336 2720 ίσην
351 2642 550 2723 ἀμφοτέροισι
565 2646 639 2722 βίην
655 2645 704 2708 καί
723 2648 808 2709 κῦδος
824 2639 990 2706 ὅπασσον.”

301 2743 364 2811 Ὣς
380 2742 426 2825 ἄρ’
442 2744 528 2825 ἔφαν,
544 2749 619 2811 Αῖας
634 2748 667 2810 δέ
683 2746 848 2827 κορύσσετο
864 2743 976 2825 νύροπι
991 2744 1107 2827 χαλκῷ.

265 2847 356 2928 αὐτὰρ
369 2847 434 2914 έπεὶ
446 2848 481 2925 δή
494 2845 591 2912 πάντα
602 2848 670 2930 περὶ
684 2847 755 2930 χροῖ
771 2847 885 2912 ἕσσατο
900 2847 1018 2931 τεύχεα,

202 2976 206 2986 ·
265 2951 365 3015 σεύατ’
382 2949 475 3018 ἔπειθῗ
493 2951 557 3016 οῐός
571 2976 605 3016 τε
619 2951 768 3031 πελύριος
783 2950 904 3033 ἔρχεται
916 2949 1018 3033 Ἀρης,

265 3057 297 3120 ός
312 3052 339 3117 τ’
356 3053 435 3118 εῖσιν
450 3053 619 3134 πόλεμόνδε
633 3051 696 3132 μετ’
714 3051 829 3135 ἀνέρας,
844 3054 895 3122 οὑς
911 3080 944 3118 τε
960 3054 1094 3135 Κρονίων

265 3158 436 3239 θυμοβόρου
451 3157 547 3238 ἔριδος
561 3155 646 3238 μένεϊ
662 3154 786 3236 ξυνέηκε
800 3156 963 3241 μάχεσθαι.
1084 3162 1086 3166 ’

264 3266 345 3327 τοῖος
360 3257 406 3342 ἄρ’
422 3262 497 3328 Aias
512 3257 588 3341 ὦρτο
604 3259 762 3340 πελόριος,
779 3259 863 3342 έρκος
880 3258 1022 3344 Ἀχαιῶν,

264 3363 404 3442 μειδιόων
417 3366 603 3443 βλοσυροῖσι
619 3361 810 3443 προσώπασι·
833 3361 919 3441 νέρθε
935 3365 968 3427 δὲ
983 3363 1097 3428 ποσσὶν

264 3465 312 3545 ἤϊε
325 3467 424 3549 μακρδ
437 3465 545 3548 βιβάς,
562 3463 697 3546 κραδάων
712 3469 909 3549 δολιχόσκιον
924 3465 1024 3548 ἔγχος.

265 3567 317 3632 τὸν
333 3570 365 3632 δὲ
381 3568 430 3636 καὶ
446 3565 578 3651 Ἀργεῖοι
593 3568 649 3648 μὲν
664 3565 791 3652 ἐγήθεον
806 3567 1009 3649 εἰσορόωντες,

264 3676 369 3754 Τρῶας
385 3675 417 3736 δὲ
432 3672 539 3752 τρόμος
554 3670 636 3738 αίνὸς
651 3669 785 3750 ὑπήλυθε
801 3674 870 3752 γυῖα
886 3670 1023 3744 ἕκαστον,
