<?xml version="1.0" encoding="UTF-8"?>
<!DOCTYPE html PUBLIC "-//W3C//DTD XHTML 1.0 Transitional//EN"
    "http://www.w3.org/TR/xhtml1/DTD/xhtml1-transitional.dtd">
<html xmlns="http://www.w3.org/1999/xhtml" xml:lang="en" lang="en">
 <head>
  <title>
</title>
<meta http-equiv="Content-Type" content="text/html;charset=utf-8" />
  <meta name='ocr-system' content='tesseract 3.04.00' />
  <meta name='ocr-capabilities' content='ocr_page ocr_carea ocr_par ocr_line ocrx_word'/>
</head>
<body>
  <div class='ocr_page' id='page_1' title='image "./homerioperaetre00homegoog_0069.png"; bbox 0 0 2746 4228; ppageno 0'>
   <div class='ocr_carea' id='block_1_1' title="bbox 521 330 802 410">
    <p class='ocr_par' dir='ltr' id='par_1_1' title="bbox 521 330 802 410">
     <span class='ocr_line' id='line_1_1' title="bbox 521 330 802 410; baseline 0.007 -22"><span class='ocrx_word' id='word_1_1' title='bbox 521 344 551 410; x_wconf 82' lang='lat'>3·</span> <span class='ocrx_word' id='word_1_2' title='bbox 578 330 747 390; x_wconf 74' lang='grc' dir='ltr'>ικικκον</span> <span class='ocrx_word' id='word_1_3' title='bbox 770 331 802 390; x_wconf 85' lang='lat' dir='ltr'>r.</span> 
     </span>
    </p>
   </div>
   <div class='ocr_carea' id='block_1_2' title="bbox 190 494 1023 2027">
    <p class='ocr_par' dir='ltr' id='par_1_2' title="bbox 191 494 1011 685">
     <span class='ocr_line' id='line_1_2' title="bbox 191 494 1004 580; baseline 0.002 -22"><span class='ocrx_word' id='word_1_4' title='bbox 191 494 356 574; x_wconf 79' lang='grc' dir='ltr'>οἰσέμεναι·</span> <span class='ocrx_word' id='word_1_5' title='bbox 380 497 397 558; x_wconf 92' lang='grc' dir='ltr'>ά</span> <span class='ocrx_word' id='word_1_6' title='bbox 411 495 437 559; x_wconf 86' lang='grc' dir='ltr'>δ’</span> <span class='ocrx_word' id='word_1_7' title='bbox 453 495 499 577; x_wconf 76' lang='grc' dir='ltr'>ἄρ’</span> <span class='ocrx_word' id='word_1_8' title='bbox 515 496 568 559; x_wconf 81' lang='grc' dir='ltr'>οὐκ</span> <span class='ocrx_word' id='word_1_9' title='bbox 585 497 708 574; x_wconf 87' lang='grc' dir='ltr'>άπίθησ’</span> <span class='ocrx_word' id='word_1_10' title='bbox 724 495 926 579; x_wconf 90' lang='grc' dir='ltr'>Ἀγαμέμνονι</span> <span class='ocrx_word' id='word_1_11' title='bbox 942 496 1004 580; x_wconf 89' lang='grc' dir='ltr'>δίῳ.</span> 
     </span>
     <span class='ocr_line' id='line_1_3' title="bbox 230 597 1011 685; baseline 0.008 -26"><span class='ocrx_word' id='word_1_12' title='bbox 230 597 307 680; x_wconf 84' lang='grc' dir='ltr'>Ἰρις</span> <span class='ocrx_word' id='word_1_13' title='bbox 321 599 346 663; x_wconf 90' lang='grc' dir='ltr'>δ’</span> <span class='ocrx_word' id='word_1_14' title='bbox 363 597 427 661; x_wconf 78' lang='grc' dir='ltr'>αὖθ’</span> <span class='ocrx_word' id='word_1_15' title='bbox 443 598 553 684; x_wconf 82' lang='grc' dir='ltr'>Ἑλένῃ</span> <span class='ocrx_word' id='word_1_16' title='bbox 568 598 746 685; x_wconf 77' lang='grc' dir='ltr'>λευκωλένῳ</span> <span class='ocrx_word' id='word_1_17' title='bbox 762 600 893 682; x_wconf 86' lang='grc' dir='ltr'>άγγελος</span> <span class='ocrx_word' id='word_1_18' title='bbox 908 599 1011 680; x_wconf 85' lang='grc' dir='ltr'>ήλθεν,</span> 
     </span>
    </p>

    <p class='ocr_par' dir='ltr' id='par_1_3' title="bbox 191 701 837 787">
     <span class='ocr_line' id='line_1_4' title="bbox 191 701 837 787; baseline 0 -21"><span class='ocrx_word' id='word_1_19' title='bbox 191 701 329 782; x_wconf 82' lang='grc' dir='ltr'>είδομένη</span> <span class='ocrx_word' id='word_1_20' title='bbox 345 703 458 787; x_wconf 83' lang='grc' dir='ltr'>γαλόῳ,</span> <span class='ocrx_word' id='word_1_21' title='bbox 474 704 687 784; x_wconf 82' lang='grc' dir='ltr'>Ἀντηνορίδαο</span> <span class='ocrx_word' id='word_1_22' title='bbox 703 702 837 783; x_wconf 82' lang='grc' dir='ltr'>δάμαρτι,</span> 
     </span>
    </p>

    <p class='ocr_par' dir='ltr' id='par_1_4' title="bbox 191 803 846 889">
     <span class='ocr_line' id='line_1_5' title="bbox 191 803 846 889; baseline 0.006 -23"><span class='ocrx_word' id='word_1_23' title='bbox 191 803 247 881; x_wconf 77' lang='grc' dir='ltr'>τήν</span> <span class='ocrx_word' id='word_1_24' title='bbox 260 803 471 886; x_wconf 75' lang='grc' dir='ltr'>Ἀντηνορίδης</span> <span class='ocrx_word' id='word_1_25' title='bbox 487 806 552 889; x_wconf 86' lang='grc' dir='ltr'>εἶχε</span> <span class='ocrx_word' id='word_1_26' title='bbox 568 807 673 887; x_wconf 85' lang='grc' dir='ltr'>κρείων</span> <span class='ocrx_word' id='word_1_27' title='bbox 687 804 846 882; x_wconf 79' lang='grc' dir='ltr'>Ἑλικάων,</span> 
     </span>
    </p>

    <p class='ocr_par' dir='ltr' id='par_1_5' title="bbox 190 908 932 992">
     <span class='ocr_line' id='line_1_6' title="bbox 190 908 932 992; baseline 0.007 -23"><span class='ocrx_word' id='word_1_28' title='bbox 190 910 352 986; x_wconf 81' lang='grc' dir='ltr'>Λαοδίκην,</span> <span class='ocrx_word' id='word_1_29' title='bbox 369 908 518 989; x_wconf 87' lang='grc' dir='ltr'>Πριάμοιο</span> <span class='ocrx_word' id='word_1_30' title='bbox 534 913 688 992; x_wconf 78' lang='grc' dir='ltr'>θυγατρῶν</span> <span class='ocrx_word' id='word_1_31' title='bbox 704 909 782 976; x_wconf 81' lang='grc' dir='ltr'>εἶδος</span> <span class='ocrx_word' id='word_1_32' title='bbox 798 910 932 991; x_wconf 85' lang='grc' dir='ltr'>ἀρίστην.</span> 
     </span>
    </p>

    <p class='ocr_par' dir='ltr' id='par_1_6' title="bbox 191 1009 998 1096">
     <span class='ocr_line' id='line_1_7' title="bbox 191 1009 998 1096; baseline 0.007 -23"><span class='ocrx_word' id='word_1_33' title='bbox 191 1011 247 1088; x_wconf 75' lang='grc' dir='ltr'>τήν</span> <span class='ocrx_word' id='word_1_34' title='bbox 261 1011 286 1073; x_wconf 91' lang='grc' dir='ltr'>δ’</span> <span class='ocrx_word' id='word_1_35' title='bbox 304 1010 361 1093; x_wconf 79' lang='grc' dir='ltr'>εὗρ’</span> <span class='ocrx_word' id='word_1_36' title='bbox 378 1013 412 1076; x_wconf 81' lang='grc' dir='ltr'>έν</span> <span class='ocrx_word' id='word_1_37' title='bbox 425 1009 554 1096; x_wconf 79' lang='grc' dir='ltr'>μεγάρῳ·</span> <span class='ocrx_word' id='word_1_38' title='bbox 577 1011 595 1089; x_wconf 83' lang='grc' dir='ltr'><em>ἡ</em></span> <span class='ocrx_word' id='word_1_39' title='bbox 612 1014 645 1076; x_wconf 78' lang='grc' dir='ltr'>δὲ</span> <span class='ocrx_word' id='word_1_40' title='bbox 659 1011 756 1095; x_wconf 86' lang='grc' dir='ltr'>μέγαν</span> <span class='ocrx_word' id='word_1_41' title='bbox 771 1012 857 1076; x_wconf 85' lang='grc' dir='ltr'>ίοτδν</span> <span class='ocrx_word' id='word_1_42' title='bbox 877 1014 998 1094; x_wconf 86' lang='grc' dir='ltr'>θφοινε,</span> 
     </span>
    </p>

    <p class='ocr_par' dir='ltr' id='par_1_7' title="bbox 192 1113 1023 1194">
     <span class='ocr_line' id='line_1_8' title="bbox 192 1113 1023 1194; baseline 0.01 -19"><span class='ocrx_word' id='word_1_43' title='bbox 192 1114 326 1176; x_wconf 90' lang='grc' dir='ltr'>δίπλακα</span> <span class='ocrx_word' id='word_1_44' title='bbox 340 1113 523 1194; x_wconf 87' lang='grc' dir='ltr'>πορφυρέην,</span> <span class='ocrx_word' id='word_1_45' title='bbox 540 1114 653 1182; x_wconf 89' lang='grc' dir='ltr'>πολέος</span> <span class='ocrx_word' id='word_1_46' title='bbox 668 1115 693 1179; x_wconf 89' lang='grc' dir='ltr'>δ’</span> <span class='ocrx_word' id='word_1_47' title='bbox 711 1114 881 1182; x_wconf 79' lang='grc' dir='ltr'>ἐνέπασσεν</span> <span class='ocrx_word' id='word_1_48' title='bbox 896 1115 1023 1184; x_wconf 79' lang='grc' dir='ltr'>ἀέθλους</span> 
     </span>
    </p>

    <p class='ocr_par' dir='ltr' id='par_1_8' title="bbox 191 1216 1011 1302">
     <span class='ocr_line' id='line_1_9' title="bbox 191 1216 1011 1302; baseline 0.007 -24"><span class='ocrx_word' id='word_1_49' title='bbox 191 1217 304 1297; x_wconf 81' lang='grc' dir='ltr'>Τρώων</span> <span class='ocrx_word' id='word_1_50' title='bbox 319 1216 345 1280; x_wconf 90' lang='grc' dir='ltr'>θ’</span> <span class='ocrx_word' id='word_1_51' title='bbox 362 1217 538 1298; x_wconf 74' lang='grc' dir='ltr'>ἱπποδάμων</span> <span class='ocrx_word' id='word_1_52' title='bbox 554 1220 602 1284; x_wconf 81' lang='grc' dir='ltr'>καί</span> <span class='ocrx_word' id='word_1_53' title='bbox 617 1219 752 1302; x_wconf 81' lang='grc' dir='ltr'>Ἀχαιῶν</span> <span class='ocrx_word' id='word_1_54' title='bbox 766 1220 1011 1302; x_wconf 79' lang='grc' dir='ltr'>χαλκοχιτώνων,</span> 
     </span>
    </p>

    <p class='ocr_par' dir='ltr' id='par_1_9' title="bbox 193 1320 964 1404">
     <span class='ocr_line' id='line_1_10' title="bbox 193 1320 964 1404; baseline 0.006 -20"><span class='ocrx_word' id='word_1_55' title='bbox 193 1320 242 1387; x_wconf 85' lang='grc' dir='ltr'>οθς</span> <span class='ocrx_word' id='word_1_56' title='bbox 261 1321 329 1384; x_wconf 82' lang='grc' dir='ltr'>ἕθεν</span> <span class='ocrx_word' id='word_1_57' title='bbox 345 1320 432 1386; x_wconf 83' lang='grc' dir='ltr'>εἵνεκ’</span> <span class='ocrx_word' id='word_1_58' title='bbox 449 1322 586 1404; x_wconf 82' lang='grc' dir='ltr'>ἔπασχον</span> <span class='ocrx_word' id='word_1_59' title='bbox 601 1321 649 1386; x_wconf 81' lang='grc' dir='ltr'>ὑπ’</span> <span class='ocrx_word' id='word_1_60' title='bbox 663 1322 773 1404; x_wconf 89' lang='grc' dir='ltr'>Ἀρηος</span> <span class='ocrx_word' id='word_1_61' title='bbox 788 1322 964 1402; x_wconf 90' lang='grc' dir='ltr'>παλαμάων·</span> 
     </span>
    </p>

    <p class='ocr_par' dir='ltr' id='par_1_10' title="bbox 193 1422 948 1508">
     <span class='ocr_line' id='line_1_11' title="bbox 193 1422 948 1508; baseline 0.009 -23"><span class='ocrx_word' id='word_1_62' title='bbox 193 1425 290 1504; x_wconf 86' lang='grc' dir='ltr'>άγχοῦ</span> <span class='ocrx_word' id='word_1_63' title='bbox 304 1422 329 1486; x_wconf 91' lang='grc' dir='ltr'>δ’</span> <span class='ocrx_word' id='word_1_64' title='bbox 347 1423 491 1504; x_wconf 84' lang='grc' dir='ltr'>ἱσταμένη</span> <span class='ocrx_word' id='word_1_65' title='bbox 508 1423 649 1506; x_wconf 81' lang='grc' dir='ltr'>προσέφη</span> <span class='ocrx_word' id='word_1_66' title='bbox 666 1425 760 1491; x_wconf 88' lang='grc' dir='ltr'>πόδας</span> <span class='ocrx_word' id='word_1_67' title='bbox 775 1424 854 1490; x_wconf 85' lang='grc' dir='ltr'>ώκέο</span> <span class='ocrx_word' id='word_1_68' title='bbox 864 1424 948 1508; x_wconf 78' lang='grc' dir='ltr'>Ἰρις·</span> 
     </span>
    </p>

    <p class='ocr_par' dir='ltr' id='par_1_11' title="bbox 193 1524 988 1612">
     <span class='ocr_line' id='line_1_12' title="bbox 193 1524 988 1612; baseline 0.003 -22"><span class='ocrx_word' id='word_1_69' title='bbox 193 1533 213 1562; x_wconf 87' lang='grc'><strong>“</strong></span> <span class='ocrx_word' id='word_1_70' title='bbox 223 1524 300 1607; x_wconf 80' lang='grc' dir='ltr'>δεῦρ’</span> <span class='ocrx_word' id='word_1_71' title='bbox 315 1529 368 1600; x_wconf 86' lang='grc' dir='ltr'>ίθι,</span> <span class='ocrx_word' id='word_1_72' title='bbox 384 1528 486 1608; x_wconf 83' lang='grc' dir='ltr'>νύμφά</span> <span class='ocrx_word' id='word_1_73' title='bbox 501 1529 589 1610; x_wconf 86' lang='grc' dir='ltr'>φίλη,</span> <span class='ocrx_word' id='word_1_74' title='bbox 606 1530 656 1594; x_wconf 84' lang='grc' dir='ltr'>ίνα</span> <span class='ocrx_word' id='word_1_75' title='bbox 671 1527 804 1593; x_wconf 89' lang='grc' dir='ltr'>θέσκελα</span> <span class='ocrx_word' id='word_1_76' title='bbox 818 1529 892 1612; x_wconf 80' lang='grc' dir='ltr'>ἔργα</span> <span class='ocrx_word' id='word_1_77' title='bbox 906 1532 988 1609; x_wconf 78' lang='grc' dir='ltr'>ἴδηαι</span> 
     </span>
    </p>

    <p class='ocr_par' dir='ltr' id='par_1_12' title="bbox 191 1629 1014 1716">
     <span class='ocr_line' id='line_1_13' title="bbox 191 1629 1014 1716; baseline 0.012 -26"><span class='ocrx_word' id='word_1_78' title='bbox 191 1630 304 1709; x_wconf 92' lang='grc' dir='ltr'>Τρώων</span> <span class='ocrx_word' id='word_1_79' title='bbox 319 1629 344 1692; x_wconf 91' lang='grc' dir='ltr'>θ’</span> <span class='ocrx_word' id='word_1_80' title='bbox 362 1629 540 1710; x_wconf 82' lang='grc' dir='ltr'>ἱπποδάμων</span> <span class='ocrx_word' id='word_1_81' title='bbox 556 1633 604 1696; x_wconf 86' lang='grc' dir='ltr'>καὶ</span> <span class='ocrx_word' id='word_1_82' title='bbox 619 1631 754 1716; x_wconf 83' lang='grc' dir='ltr'>Ἀχαιῶν</span> <span class='ocrx_word' id='word_1_83' title='bbox 768 1634 1014 1716; x_wconf 80' lang='grc' dir='ltr'>χαλκοχιτώνων·</span> 
     </span>
    </p>

    <p class='ocr_par' dir='ltr' id='par_1_13' title="bbox 193 1731 976 1817">
     <span class='ocr_line' id='line_1_14' title="bbox 193 1731 976 1817; baseline 0.008 -23"><span class='ocrx_word' id='word_1_84' title='bbox 193 1733 222 1795; x_wconf 73' lang='grc' dir='ltr'>οἳ</span> <span class='ocrx_word' id='word_1_85' title='bbox 238 1734 307 1813; x_wconf 87' lang='grc' dir='ltr'>πρὶν</span> <span class='ocrx_word' id='word_1_86' title='bbox 323 1731 369 1796; x_wconf 82' lang='grc' dir='ltr'>ἐπ’</span> <span class='ocrx_word' id='word_1_87' title='bbox 386 1731 552 1812; x_wconf 85' lang='grc' dir='ltr'>ἀλλήλοισι</span> <span class='ocrx_word' id='word_1_88' title='bbox 568 1733 662 1816; x_wconf 90' lang='grc' dir='ltr'>φέρον</span> <span class='ocrx_word' id='word_1_89' title='bbox 677 1735 868 1817; x_wconf 81' lang='grc' dir='ltr'>πολύδακρυν</span> <span class='ocrx_word' id='word_1_90' title='bbox 879 1734 976 1816; x_wconf 88' lang='grc' dir='ltr'>Ἀρηα</span> 
     </span>
    </p>

    <p class='ocr_par' dir='ltr' id='par_1_14' title="bbox 193 1836 838 1919">
     <span class='ocr_line' id='line_1_15' title="bbox 193 1836 838 1919; baseline 0.006 -21"><span class='ocrx_word' id='word_1_91' title='bbox 193 1837 226 1900; x_wconf 81' lang='grc' dir='ltr'>ἐν</span> <span class='ocrx_word' id='word_1_92' title='bbox 241 1837 341 1919; x_wconf 89' lang='grc' dir='ltr'>πεδίῳ,</span> <span class='ocrx_word' id='word_1_93' title='bbox 359 1836 462 1900; x_wconf 84' lang='grc' dir='ltr'>ὀλοοῖο</span> <span class='ocrx_word' id='word_1_94' title='bbox 477 1839 668 1916; x_wconf 86' lang='grc' dir='ltr'>λιλαιόμενοι</span> <span class='ocrx_word' id='word_1_95' title='bbox 684 1836 838 1917; x_wconf 85' lang='grc' dir='ltr'>πολέμοιο,</span> 
     </span>
    </p>

    <p class='ocr_par' dir='ltr' id='par_1_15' title="bbox 193 1938 909 2027">
     <span class='ocr_line' id='line_1_16' title="bbox 193 1938 909 2027; baseline 0.008 -29"><span class='ocrx_word' id='word_1_96' title='bbox 193 1940 222 1999; x_wconf 82' lang='grc' dir='ltr'>αἱ</span> <span class='ocrx_word' id='word_1_97' title='bbox 238 1938 273 2016; x_wconf 77' lang='grc' dir='ltr'>δή</span> <span class='ocrx_word' id='word_1_98' title='bbox 290 1944 342 2005; x_wconf 87' lang='grc' dir='ltr'>νῦν</span> <span class='ocrx_word' id='word_1_99' title='bbox 358 1939 443 2003; x_wconf 84' lang='grc' dir='ltr'>ἕαται</span> <span class='ocrx_word' id='word_1_100' title='bbox 458 1943 540 2027; x_wconf 74' lang='grc' dir='ltr'>σιγῇ,</span> <span class='ocrx_word' id='word_1_101' title='bbox 556 1941 688 2020; x_wconf 87' lang='grc' dir='ltr'>πόλεμος</span> <span class='ocrx_word' id='word_1_102' title='bbox 703 1943 736 2004; x_wconf 73' lang='grc' dir='ltr'>δὲ</span> <span class='ocrx_word' id='word_1_103' title='bbox 751 1938 909 2017; x_wconf 88' lang='grc' dir='ltr'>πέπαυται,</span> 
     </span>
    </p>
   </div>
   <div class='ocr_carea' id='block_1_3' title="bbox 194 2038 1131 2126">
    <p class='ocr_par' dir='ltr' id='par_1_16' title="bbox 194 2038 1131 2126">
     <span class='ocr_line' id='line_1_17' title="bbox 194 2038 1131 2126; baseline 0.007 -26"><span class='ocrx_word' id='word_1_104' title='bbox 194 2038 303 2103; x_wconf 82' lang='grc' dir='ltr'>ἀσπίσι</span> <span class='ocrx_word' id='word_1_105' title='bbox 319 2040 498 2122; x_wconf 85' lang='grc' dir='ltr'>κεκλιμένοι,</span> <span class='ocrx_word' id='word_1_106' title='bbox 514 2045 595 2124; x_wconf 80' lang='grc' dir='ltr'>παρὰ</span> <span class='ocrx_word' id='word_1_107' title='bbox 610 2041 634 2106; x_wconf 84' lang='grc' dir='ltr'>δ’</span> <span class='ocrx_word' id='word_1_108' title='bbox 652 2042 746 2126; x_wconf 84' lang='grc' dir='ltr'>ἔγχεα</span> <span class='ocrx_word' id='word_1_109' title='bbox 759 2045 857 2124; x_wconf 80' lang='grc' dir='ltr'>μακρὰ</span> <span class='ocrx_word' id='word_1_110' title='bbox 872 2042 1017 2125; x_wconf 88' lang='grc' dir='ltr'>πέπηγεν.</span> <span class='ocrx_word' id='word_1_111' title='bbox 1122 2075 1131 2084; x_wconf 94' lang='grc'><em>·</em></span> 
     </span>
    </p>
   </div>
   <div class='ocr_carea' id='block_1_4' title="bbox 190 2141 1024 3462">
    <p class='ocr_par' dir='ltr' id='par_1_17' title="bbox 190 2141 1024 3462">
     <span class='ocr_line' id='line_1_18' title="bbox 194 2141 920 2227; baseline 0.012 -24"><span class='ocrx_word' id='word_1_112' title='bbox 194 2141 284 2223; x_wconf 78' lang='grc' dir='ltr'>αὐτὰρ</span> <span class='ocrx_word' id='word_1_113' title='bbox 298 2142 500 2226; x_wconf 83' lang='grc' dir='ltr'>Ἀλέξανδρος</span> <span class='ocrx_word' id='word_1_114' title='bbox 516 2147 564 2210; x_wconf 86' lang='grc' dir='ltr'>καὶ</span> <span class='ocrx_word' id='word_1_115' title='bbox 579 2144 742 2227; x_wconf 85' lang='grc' dir='ltr'>άρηίφιλος</span> <span class='ocrx_word' id='word_1_116' title='bbox 759 2143 920 2212; x_wconf 84' lang='grc' dir='ltr'>Μενέλαος</span> 
     </span>
     <span class='ocr_line' id='line_1_19' title="bbox 192 2246 840 2334; baseline 0.006 -27"><span class='ocrx_word' id='word_1_117' title='bbox 192 2246 305 2332; x_wconf 80' lang='grc' dir='ltr'>μακρῇς</span> <span class='ocrx_word' id='word_1_118' title='bbox 320 2248 459 2334; x_wconf 78' lang='grc' dir='ltr'>ἐγχείῃσι</span> <span class='ocrx_word' id='word_1_119' title='bbox 473 2246 664 2331; x_wconf 87' lang='grc' dir='ltr'>μαχήσονται</span> <span class='ocrx_word' id='word_1_120' title='bbox 680 2248 748 2329; x_wconf 85' lang='grc' dir='ltr'>περὶ</span> <span class='ocrx_word' id='word_1_121' title='bbox 763 2251 840 2312; x_wconf 82' lang='grc' dir='ltr'>σεῖο·</span> 
     </span>
     <span class='ocr_line' id='line_1_20' title="bbox 192 2347 907 2436; baseline 0.01 -27"><span class='ocrx_word' id='word_1_122' title='bbox 192 2347 234 2430; x_wconf 73' lang='grc' dir='ltr'>τῷ</span> <span class='ocrx_word' id='word_1_123' title='bbox 250 2347 284 2411; x_wconf 88' lang='grc' dir='ltr'>δέ</span> <span class='ocrx_word' id='word_1_124' title='bbox 300 2374 332 2413; x_wconf 90' lang='grc' dir='ltr'>κε</span> <span class='ocrx_word' id='word_1_125' title='bbox 348 2348 505 2429; x_wconf 81' lang='grc' dir='ltr'>νικήσαντι</span> <span class='ocrx_word' id='word_1_126' title='bbox 521 2353 597 2432; x_wconf 91' lang='grc' dir='ltr'>φίλη</span> <span class='ocrx_word' id='word_1_127' title='bbox 616 2347 750 2436; x_wconf 75' lang='grc' dir='ltr'>κεκλήσῃ</span> <span class='ocrx_word' id='word_1_128' title='bbox 766 2349 907 2416; x_wconf 86' lang='grc' dir='ltr'>άκοιτις.”</span> 
     </span>
     <span class='ocr_line' id='line_1_21' title="bbox 228 2448 980 2541; baseline 0.008 -29"><span class='ocrx_word' id='word_1_129' title='bbox 228 2448 291 2517; x_wconf 85' lang='grc' dir='ltr'>Ὣς</span> <span class='ocrx_word' id='word_1_130' title='bbox 306 2454 435 2516; x_wconf 79' lang='grc' dir='ltr'>εἰποῦσα</span> <span class='ocrx_word' id='word_1_131' title='bbox 450 2454 504 2517; x_wconf 83' lang='grc' dir='ltr'>θεὰ</span> <span class='ocrx_word' id='word_1_132' title='bbox 519 2453 631 2536; x_wconf 81' lang='grc' dir='ltr'>γλυκὺν</span> <span class='ocrx_word' id='word_1_133' title='bbox 646 2455 750 2533; x_wconf 80' lang='grc' dir='ltr'>ἵμερον</span> <span class='ocrx_word' id='word_1_134' title='bbox 765 2453 883 2532; x_wconf 82' lang='grc' dir='ltr'>ἔμβαλε</span> <span class='ocrx_word' id='word_1_135' title='bbox 900 2458 980 2541; x_wconf 77' lang='grc' dir='ltr'>θυμῷ</span> 
     </span>
     <span class='ocr_line' id='line_1_22' title="bbox 192 2554 910 2637; baseline 0.006 -21"><span class='ocrx_word' id='word_1_136' title='bbox 192 2554 299 2635; x_wconf 86' lang='grc' dir='ltr'>άνδρός</span> <span class='ocrx_word' id='word_1_137' title='bbox 313 2579 346 2619; x_wconf 88' lang='grc' dir='ltr'>τε</span> <span class='ocrx_word' id='word_1_138' title='bbox 361 2555 518 2637; x_wconf 91' lang='grc' dir='ltr'>προτέροιο</span> <span class='ocrx_word' id='word_1_139' title='bbox 533 2558 583 2622; x_wconf 84' lang='grc' dir='ltr'>καὶ</span> <span class='ocrx_word' id='word_1_140' title='bbox 598 2557 708 2622; x_wconf 86' lang='grc' dir='ltr'>άστεος</span> <span class='ocrx_word' id='word_1_141' title='bbox 722 2556 775 2634; x_wconf 78' lang='grc' dir='ltr'>ήδὲ</span> <span class='ocrx_word' id='word_1_142' title='bbox 786 2555 910 2634; x_wconf 84' lang='grc' dir='ltr'>τοκήων·</span> 
     </span>
     <span class='ocr_line' id='line_1_23' title="bbox 191 2656 891 2746; baseline 0.007 -28"><span class='ocrx_word' id='word_1_143' title='bbox 191 2656 297 2720; x_wconf 81' lang='grc' dir='ltr'>αὐτίκα</span> <span class='ocrx_word' id='word_1_144' title='bbox 311 2657 337 2722; x_wconf 86' lang='grc' dir='ltr'>δ’</span> <span class='ocrx_word' id='word_1_145' title='bbox 353 2658 516 2746; x_wconf 67' lang='grc' dir='ltr'>άργευιαῃσι</span> <span class='ocrx_word' id='word_1_146' title='bbox 532 2657 730 2740; x_wconf 77' lang='grc' dir='ltr'>καλυψαμένη</span> <span class='ocrx_word' id='word_1_147' title='bbox 746 2659 891 2745; x_wconf 80' lang='grc' dir='ltr'>ὀθόνῃσιν</span> 
     </span>
     <span class='ocr_line' id='line_1_24' title="bbox 191 2759 949 2844; baseline 0.005 -22"><span class='ocrx_word' id='word_1_148' title='bbox 191 2759 299 2841; x_wconf 81' lang='grc' dir='ltr'>ὦρμᾶτ’</span> <span class='ocrx_word' id='word_1_149' title='bbox 316 2761 349 2822; x_wconf 86' lang='grc' dir='ltr'>ἐκ</span> <span class='ocrx_word' id='word_1_150' title='bbox 365 2759 514 2842; x_wconf 86' lang='grc' dir='ltr'>θαλάμοιο</span> <span class='ocrx_word' id='word_1_151' title='bbox 528 2760 613 2843; x_wconf 90' lang='grc' dir='ltr'>τέρεν</span> <span class='ocrx_word' id='word_1_152' title='bbox 629 2764 704 2825; x_wconf 83' lang='grc' dir='ltr'>κατὰ</span> <span class='ocrx_word' id='word_1_153' title='bbox 719 2760 810 2843; x_wconf 89' lang='grc' dir='ltr'>δάκρυ</span> <span class='ocrx_word' id='word_1_154' title='bbox 824 2761 949 2844; x_wconf 88' lang='grc' dir='ltr'>χέουσα,</span> 
     </span>
     <span class='ocr_line' id='line_1_25' title="bbox 191 2862 948 2950; baseline 0.005 -25"><span class='ocrx_word' id='word_1_155' title='bbox 191 2863 244 2926; x_wconf 80' lang='grc' dir='ltr'>οὐκ</span> <span class='ocrx_word' id='word_1_156' title='bbox 259 2864 319 2942; x_wconf 85' lang='grc' dir='ltr'>οἴη,</span> <span class='ocrx_word' id='word_1_157' title='bbox 336 2862 446 2950; x_wconf 78' lang='grc' dir='ltr'>άμοτῇ</span> <span class='ocrx_word' id='word_1_158' title='bbox 463 2865 564 2946; x_wconf 82' lang='grc' dir='ltr'>γεκαὶ</span> <span class='ocrx_word' id='word_1_159' title='bbox 580 2864 750 2946; x_wconf 82' lang='grc' dir='ltr'>ἀμφίπολοι</span> <span class='ocrx_word' id='word_1_160' title='bbox 765 2863 812 2928; x_wconf 84' lang='grc' dir='ltr'>δύ’</span> <span class='ocrx_word' id='word_1_161' title='bbox 830 2864 948 2940; x_wconf 87' lang='grc' dir='ltr'>ἐποντο,</span> 
     </span>
     <span class='ocr_line' id='line_1_26' title="bbox 191 2965 949 3048; baseline 0.008 -20"><span class='ocrx_word' id='word_1_162' title='bbox 191 2968 296 3045; x_wconf 81' lang='grc' dir='ltr'>Αἴθρη,</span> <span class='ocrx_word' id='word_1_163' title='bbox 313 2967 445 3042; x_wconf 79' lang='grc' dir='ltr'>Πιτθῆος</span> <span class='ocrx_word' id='word_1_164' title='bbox 460 2965 599 3048; x_wconf 90' lang='grc' dir='ltr'>θυγάτηρ,</span> <span class='ocrx_word' id='word_1_165' title='bbox 617 2966 756 3046; x_wconf 82' lang='grc' dir='ltr'>Κλυμένη</span> <span class='ocrx_word' id='word_1_166' title='bbox 773 2991 806 3032; x_wconf 89' lang='grc' dir='ltr'>τε</span> <span class='ocrx_word' id='word_1_167' title='bbox 819 2973 949 3047; x_wconf 81' lang='grc' dir='ltr'>βοῶπις·</span> 
     </span>
     <span class='ocr_line' id='line_1_27' title="bbox 190 3066 941 3150; baseline 0.008 -20"><span class='ocrx_word' id='word_1_168' title='bbox 190 3068 272 3149; x_wconf 72' lang='grc' dir='ltr'>αἶψα</span> <span class='ocrx_word' id='word_1_169' title='bbox 285 3066 311 3131; x_wconf 86' lang='grc' dir='ltr'>δ’</span> <span class='ocrx_word' id='word_1_170' title='bbox 328 3067 421 3133; x_wconf 82' lang='grc' dir='ltr'>ἔπειθ’</span> <span class='ocrx_word' id='word_1_171' title='bbox 438 3070 542 3135; x_wconf 80' lang='grc' dir='ltr'>ἵκανον</span> <span class='ocrx_word' id='word_1_172' title='bbox 557 3070 606 3134; x_wconf 88' lang='grc' dir='ltr'>ὅθι</span> <span class='ocrx_word' id='word_1_173' title='bbox 621 3069 729 3134; x_wconf 82' lang='grc' dir='ltr'>Σκαιαὶ</span> <span class='ocrx_word' id='word_1_174' title='bbox 744 3068 837 3133; x_wconf 88' lang='grc' dir='ltr'>πύλαι</span> <span class='ocrx_word' id='word_1_175' title='bbox 852 3069 941 3150; x_wconf 80' lang='grc' dir='ltr'>ἦσαν.</span> 
     </span>
     <span class='ocr_line' id='line_1_28' title="bbox 233 3167 1024 3256; baseline 0.008 -23"><span class='ocrx_word' id='word_1_176' title='bbox 233 3171 274 3234; x_wconf 80' lang='grc' dir='ltr'>Οἱ</span> <span class='ocrx_word' id='word_1_177' title='bbox 289 3167 317 3233; x_wconf 87' lang='grc' dir='ltr'>δ’</span> <span class='ocrx_word' id='word_1_178' title='bbox 332 3171 410 3251; x_wconf 78' lang='grc' dir='ltr'>ἀμφὶ</span> <span class='ocrx_word' id='word_1_179' title='bbox 426 3172 566 3251; x_wconf 87' lang='grc' dir='ltr'>Πρίαμον</span> <span class='ocrx_word' id='word_1_180' title='bbox 581 3172 630 3236; x_wconf 83' lang='grc' dir='ltr'>καὶ</span> <span class='ocrx_word' id='word_1_181' title='bbox 646 3170 787 3236; x_wconf 90' lang='grc' dir='ltr'>Πάνθοον</span> <span class='ocrx_word' id='word_1_182' title='bbox 801 3173 854 3252; x_wconf 81' lang='grc' dir='ltr'>ήδέ</span> <span class='ocrx_word' id='word_1_183' title='bbox 870 3175 1024 3256; x_wconf 89' lang='grc' dir='ltr'>Θυμοίτην</span> 
     </span>
     <span class='ocr_line' id='line_1_29' title="bbox 190 3272 978 3361; baseline 0.01 -26"><span class='ocrx_word' id='word_1_184' title='bbox 190 3272 318 3351; x_wconf 90' lang='grc' dir='ltr'>Λάμπον</span> <span class='ocrx_word' id='word_1_185' title='bbox 332 3299 366 3340; x_wconf 90' lang='grc' dir='ltr'>τε</span> <span class='ocrx_word' id='word_1_186' title='bbox 380 3275 511 3338; x_wconf 86' lang='grc' dir='ltr'>Κλυτίον</span> <span class='ocrx_word' id='word_1_187' title='bbox 526 3275 552 3338; x_wconf 91' lang='grc' dir='ltr'>θ’</span> <span class='ocrx_word' id='word_1_188' title='bbox 568 3273 721 3340; x_wconf 88' lang='grc' dir='ltr'>Ἱκετάονά</span> <span class='ocrx_word' id='word_1_189' title='bbox 736 3274 761 3338; x_wconf 86' lang='grc' dir='ltr'>τ’</span> <span class='ocrx_word' id='word_1_190' title='bbox 777 3277 846 3354; x_wconf 83' lang='grc' dir='ltr'>ὄζον</span> <span class='ocrx_word' id='word_1_191' title='bbox 858 3275 978 3361; x_wconf 91' lang='grc' dir='ltr'>Ἀρηος,</span> 
     </span>
     <span class='ocr_line' id='line_1_30' title="bbox 190 3373 971 3462; baseline 0.005 -23"><span class='ocrx_word' id='word_1_192' title='bbox 190 3373 375 3458; x_wconf 81' lang='grc' dir='ltr'>Οὐκαλέγων</span> <span class='ocrx_word' id='word_1_193' title='bbox 390 3402 423 3441; x_wconf 85' lang='grc' dir='ltr'>τε</span> <span class='ocrx_word' id='word_1_194' title='bbox 438 3378 487 3440; x_wconf 86' lang='grc' dir='ltr'>καὶ</span> <span class='ocrx_word' id='word_1_195' title='bbox 501 3376 663 3458; x_wconf 88' lang='grc' dir='ltr'>Ἀντήνωρ,</span> <span class='ocrx_word' id='word_1_196' title='bbox 679 3377 856 3457; x_wconf 87' lang='grc' dir='ltr'>πεπνυμένω</span> <span class='ocrx_word' id='word_1_197' title='bbox 871 3380 971 3462; x_wconf 83' lang='grc' dir='ltr'>ἄμφω,</span> 
     </span>
    </p>
   </div>
   <div class='ocr_carea' id='block_1_5' title="bbox 188 3477 951 3767">
    <p class='ocr_par' dir='ltr' id='par_1_18' title="bbox 188 3477 951 3767">
     <span class='ocr_line' id='line_1_31' title="bbox 188 3477 842 3566; baseline 0.008 -27"><span class='ocrx_word' id='word_1_198' title='bbox 188 3477 265 3555; x_wconf 87' lang='grc' dir='ltr'>ήοτο</span> <span class='ocrx_word' id='word_1_199' title='bbox 279 3478 494 3560; x_wconf 88' lang='grc' dir='ltr'>δημογέροντες</span> <span class='ocrx_word' id='word_1_200' title='bbox 509 3480 559 3544; x_wconf 87' lang='grc' dir='ltr'>ἐπὶ</span> <span class='ocrx_word' id='word_1_201' title='bbox 575 3482 704 3566; x_wconf 81' lang='grc' dir='ltr'>Σκαιῇσι</span> <span class='ocrx_word' id='word_1_202' title='bbox 719 3480 842 3566; x_wconf 90' lang='grc' dir='ltr'>πύλῃσι,</span> 
     </span>
     <span class='ocr_line' id='line_1_32' title="bbox 188 3578 951 3667; baseline 0.008 -24"><span class='ocrx_word' id='word_1_203' title='bbox 188 3578 280 3662; x_wconf 87' lang='grc' dir='ltr'>γήραϊ</span> <span class='ocrx_word' id='word_1_204' title='bbox 294 3581 330 3660; x_wconf 79' lang='grc' dir='ltr'>δή</span> <span class='ocrx_word' id='word_1_205' title='bbox 347 3580 493 3660; x_wconf 89' lang='grc' dir='ltr'>πολέμοιο</span> <span class='ocrx_word' id='word_1_206' title='bbox 508 3581 701 3662; x_wconf 87' lang='grc' dir='ltr'>πεπαυμένοι,</span> <span class='ocrx_word' id='word_1_207' title='bbox 718 3583 788 3646; x_wconf 82' lang='grc' dir='ltr'>ἀλλ’</span> <span class='ocrx_word' id='word_1_208' title='bbox 805 3585 951 3667; x_wconf 83' lang='grc' dir='ltr'>ἀγορηταὶ</span> 
     </span>
     <span class='ocr_line' id='line_1_33' title="bbox 189 3683 936 3767; baseline 0.005 -21"><span class='ocrx_word' id='word_1_209' title='bbox 189 3683 309 3756; x_wconf 87' lang='grc' dir='ltr'>ἐσθλοί,</span> <span class='ocrx_word' id='word_1_210' title='bbox 325 3685 515 3767; x_wconf 87' lang='grc' dir='ltr'>τεττίγεσσιν</span> <span class='ocrx_word' id='word_1_211' title='bbox 530 3685 669 3764; x_wconf 90' lang='grc' dir='ltr'>ἐοικότες,</span> <span class='ocrx_word' id='word_1_212' title='bbox 687 3687 718 3749; x_wconf 79' lang='grc' dir='ltr'>οἵ</span> <span class='ocrx_word' id='word_1_213' title='bbox 731 3711 764 3750; x_wconf 85' lang='grc' dir='ltr'>τε</span> <span class='ocrx_word' id='word_1_214' title='bbox 780 3686 843 3750; x_wconf 88' lang='grc' dir='ltr'>καθ’</span> <span class='ocrx_word' id='word_1_215' title='bbox 859 3689 936 3766; x_wconf 84' lang='grc' dir='ltr'>ὕλην</span> 
     </span>
    </p>
   </div>
   <div class='ocr_carea' id='block_1_6' title="bbox 0 0 1378 4228">
    <p class='ocr_par' dir='ltr' id='par_1_19' title="bbox 0 0 1378 4228">
     <span class='ocr_line' id='line_1_34' title="bbox 0 0 1378 4228; baseline 0 0"><span class='ocrx_word' id='word_1_216' title='bbox 0 0 1378 4228; x_wconf 95' lang='lat' dir='ltr'> </span> 
     </span>
    </p>
   </div>
  </div>
 </body>
</html>
