2728 4230
257 367 316 429 142
571 348 608 427 17.
632 350 801 410 ιΛιΑΔον
825 351 865 410 Η.

254 522 399 585 ἔκτοσθεν
413 519 447 582 δέ
461 519 592 598 βαθεῖαν
607 513 655 580 ἐπ’
672 516 752 602 αύτῷ
769 515 886 598 τάφρον
900 514 1018 598 ὄρυξαν,
1148 545 1199 595 440

254 623 370 702 εὐρεῖαν
383 620 529 703 μεγάλην,
544 617 582 685 ἐνΙ
593 622 626 684 δέ
641 620 797 685 σκόλοπας
812 618 992 698 κατέπηξαν.

288 723 352 790 Ὣς
367 726 396 788 οἱ
410 726 467 803 μὲν
481 722 627 787 πονέοντο
643 721 717 803 κάρη
734 724 900 802 κομόωντες
916 719 1047 806 Ἀχαιοί·

253 833 282 894 οἶ
298 833 331 894 δέ
347 828 411 892 θεοὶ
426 825 487 907 πάρ
503 827 578 904 Ζηνὶ
594 823 757 904 καθήμενοι
773 826 962 911 ἀστεροπητῇ

253 937 377 1011 θηεῦντο
392 927 471 1012 μέγα
485 929 575 1011 ἔργον
590 925 724 1010 Ἀχαιῶν
739 927 987 1011 χαλκοχιτώνων.

253 1041 334 1099 τοῖσι
349 1037 382 1098 δέ
400 1032 501 1114 μύθων
514 1029 592 1118 ήρχὲ
608 1029 789 1096 Ποσειδάων
806 1031 984 1113 ἐνοσίχθων·
1148 1057 1196 1106 445

254 1144 272 1172 ‘⁶
283 1141 343 1200 Ζεῦ
357 1133 460 1216 πάτερ,
476 1133 495 1213 ή
508 1131 547 1216 ῥά
562 1133 607 1198 τίς
621 1135 688 1196 ἐστι
703 1137 824 1213 βροτῶν
840 1130 889 1195 ἐπ’
905 1132 1051 1214 ἀπείρονα
1065 1138 1155 1215 γαῖαν

253 1240 286 1306 ός
300 1264 345 1304 τις
360 1235 403 1300 ἔτ’
418 1234 597 1300 ἀθανάτοισι
613 1235 684 1300 νόον
700 1235 749 1298 καὶ
764 1238 854 1316 μῆτιν
869 1235 995 1316 ἐνίφει,·

253 1343 309 1425 οὐχ
326 1339 415 1424 όράης
430 1339 477 1402 ότι
492 1338 528 1418 δή
544 1338 615 1402 αὖτε
631 1336 704 1419 κάρη
721 1341 889 1418 κομόωντες
906 1335 1026 1422 Ἀχαιοὶ

252 1450 354 1527 τεῖχος
370 1443 582 1525 ἐτειχίσσαντο
601 1446 677 1505 νεῶν
691 1442 775 1522 ύπερ,
792 1443 872 1523 ἀμφέ
888 1442 921 1506 δὲ
937 1444 1054 1523 τάφρον

252 1549 382 1627 ἤλασαν,
400 1544 467 1609 ούδέ
483 1549 582 1609 θεοῖσι
597 1545 693 1609 δόσαν
708 1543 829 1612 κλειτὰς
845 1546 1017 1625 ἑκατόμβας
1024 1570 1037 1620 ,·
1147 1569 1198 1618 450

252 1659 304 1717 τοῦ
320 1648 346 1714 δ’
362 1649 381 1730 ἦ
396 1673 442 1712 τοι
459 1647 547 1714 κλέος
562 1647 649 1711 ἔσται
664 1648 741 1711 ὅσον
755 1645 781 1711 τ’
797 1650 984 1713 ἐπικίδναται
999 1647 1068 1726 ἠός·

252 1761 304 1819 τοῦ
319 1751 345 1819 δ’
362 1751 561 1831 ἐπιλήσονται
576 1749 610 1813 τὸ
626 1750 685 1833 έγῶ
701 1755 751 1814 καὶ
766 1755 884 1831 Φοῖβος
898 1750 1066 1815 Ἀπόλλων

252 1861 313 1944 ἥρῳ
329 1854 516 1935 Λαομέδοντι
530 1855 725 1935 πολίσσαμεν
741 1852 950 1934 ἀθλήσαντε.”

294 1960 357 2026 Τὸν
372 1961 404 2023 δέ
418 1954 486 2040 μέγ’
503 1955 639 2040 ὀχθήσας
654 1955 795 2038 προσέφη
815 1956 1041 2040 νεφεληγερέτα
1061 1957 1145 2022 Ζεύς·

253 2065 301 2130 “ῶ
317 2065 421 2137 πόποι,
438 2057 602 2142 ἐννοσίγαι’
618 2059 806 2142 εὐρυσθενές,
823 2064 888 2126 οἷον
904 2061 1012 2129 ἔειπες.
1149 2085 1198 2134 455

252 2169 348 2234 ἀλλος
363 2164 415 2230 κέν
429 2190 475 2230 τις
489 2168 577 2228 τοῦτο
593 2167 671 2228 θεῶν
686 2164 800 2230 δείσειε
814 2167 920 2247 νόημα,

252 2273 285 2338 ὃς
301 2270 355 2334 σέο
371 2266 490 2334 πολλὸν
505 2266 708 2348 ἀφαυρότερος
721 2266 827 2350 χεῖράς
841 2292 875 2332 τε
888 2267 979 2347 μένας
996 2289 1038 2333 τε·

253 2377 309 2439 σὸν
324 2371 350 2438 δ’
365 2373 384 2452 ἦ
401 2396 447 2435 τοι
463 2369 551 2436 κλέος
567 2370 655 2435 ἔσται
670 2370 746 2434 ὅσον
761 2367 788 2434 τ’
804 2372 990 2435 ἐπικίδναται
1006 2372 1075 2450 ἠῶς.

252 2480 338 2561 ἀγρει
351 2474 419 2555 μάν,
438 2469 482 2536 ὅτ’
496 2471 535 2538 ἀν
550 2472 620 2537 αὖτε
635 2471 709 2555 κάρη
726 2473 893 2553 κομόωντες
910 2471 1031 2555 Ἀχαιοὶ

253 2585 396 2664 οἴχωνται
411 2575 468 2643 σὺν
483 2577 571 2657 νηυσὶ
588 2576 685 2658 φίλην
701 2578 732 2643 ές
747 2575 875 2656 πατρίδα
889 2579 989 2657 γαῖαν,
1146 2589 1198 2652 460

253 2690 353 2768 τεῖχος
368 2677 534 2763 ἀναρρήξας
548 2678 584 2744 τὸ
597 2680 654 2760 μὲν
669 2681 711 2745 είς
727 2678 788 2742 ἀλα
802 2683 863 2744 πᾶν
881 2685 1053 2761 καταχεῦαι,

252 2789 335 2854 αὖτις
353 2784 379 2851 δ’
394 2785 482 2863 ἠϊόνα
495 2782 633 2866 μεγάλην
648 2780 822 2863 ψαμάθοισι
838 2781 984 2864 καλύψαι,

253 2895 292 2959 ῶς
308 2890 359 2955 κέν
374 2908 421 2952 τοι
435 2886 514 2970 μέγα
527 2890 630 2969 τεῖχος
645 2883 851 2966 ἀμαλδύνηται
868 2879 1034 2967 Ἀχαιῶν.”

289 2995 353 3061 *Ως
368 2994 397 3056 οἱ
410 2992 470 3070 μὲν,
481 2994 604 3054 τοιαῦτα
618 2986 691 3068 πρὸς
707 2984 862 3065 ἀλλήλους
877 2988 1032 3069 ἀγόρευον,

253 3099 361 3164 δύσετο
376 3092 403 3159 δ’
417 3091 531 3174 ήέλιας,
546 3090 709 3157 τετέλεστο
725 3091 758 3153 δέ
774 3090 865 3173 ἔργον
881 3087 1023 3174 Ἀχαιῶν,
1148 3101 1197 3166 465

253 3199 426 3282 βουφόνεον
441 3199 474 3261 δὲ
490 3195 565 3260 κατὰ
580 3193 701 3258 κλισίας
716 3194 766 3256 καὶ
782 3193 894 3274 δόρπον
909 3193 1024 3257 ἕλοντο.

253 3308 322 3384 νῆες
337 3299 364 3366 δ’
380 3304 412 3366 ἐκ
427 3298 563 3379 Λήμνοιο
577 3295 775 3379 παρέστασαν
788 3297 872 3361 οἶνον
886 3296 1016 3379 ἀγαοσαι

252 3406 377 3482 πολλαί,
394 3407 448 3472 τδς
462 3402 609 3486 προέηκεν
625 3399 793 3481 Ἰησονίδης
808 3399 931 3480 Εὔνηος,

253 3512 306 3576 τόν
319 3507 353 3592 ῥ’
369 3505 449 3592 ἔτεχ’
464 3505 622 3589 Ὑψιπύλη
637 3500 688 3568 ὑπ’
705 3501 828 3584 Ἰήσονι,
845 3501 965 3582 ποιμένι
980 3506 1073 3567 λαῶν.

253 3614 345 3696 χωρὶς
360 3608 386 3675 δ’
403 3608 564 3696 Ἀτρείδης,
581 3606 781 3690 Ἀγαμέμνονι
797 3605 846 3669 καὶ
860 3603 1019 3690 Μενελάῳ,
1147 3625 1199 3681 470

254 3721 348 3780 δῶκεν
363 3712 531 3794 Ἰησονίδης
545 3708 656 3794 ἀγέμεν
670 3710 755 3792 μέθυ,
769 3708 859 3792 χίλια
870 3705 973 3790 μέτρα.
1082 3724 1085 3733 ·
