2746 4228
476 361 507 420 4.
531 346 701 406 ιΛιΑλοΣ
725 348 763 408 Δ.
1057 357 1097 424 75

154 513 269 578 ὁππότε
283 519 371 579 δαῖτα
383 511 526 596 γέρουσιν
542 513 754 594 ἐφοπλίζωμεν
771 511 900 597 Ἀχαιοί.

153 616 227 681 ἔνθα
241 617 307 698 φίλ’
323 615 460 680 ὀπταλέα
474 615 546 697 κρέα
561 617 682 696 ἔδμεναι
697 616 750 695 ήδέ
766 616 904 680 κύπελλα
1049 643 1098 694 ³45

153 720 236 782 οἴνου
250 717 406 799 πινέμεναι
420 716 588 799 μελιηδέος,
605 715 675 800 ὄφρ’
692 717 845 798 ἐθέλητον·

152 824 206 883 νῦν
220 822 253 884 δέ
268 821 368 901 φίλως
381 820 411 904 χ’
430 822 540 906 ὁρόιρτε
556 821 606 884 καὶ
622 822 648 884 εί
664 819 738 884 δέκα
752 820 859 903 πύργοι
874 820 1008 905 Ἀχαιῶν

151 923 263 1000 ὑμείων
277 922 462 1004 προπάροιθε
475 923 624 1006 μαχοίατο
641 922 728 1003 νηλέϊ
741 920 880 1006 χαλκῷ.”

193 1024 258 1088 Τὸν
272 1023 299 1089 δ’
312 1023 358 1107 ἄρ’
369 1027 485 1107 ὑπόδρα
501 1027 572 1090 ῐδδν
583 1025 725 1107 προσέφη
740 1024 908 1105 πολύμητις
921 1024 1097 1094 Ὀδυσσεύς·

152 1134 169 1161 “
179 1125 327 1210 Ἀτρείδη,
344 1129 433 1193 ποῖόν
449 1155 487 1194 σε
503 1129 575 1196 έπος
591 1129 689 1212 φύγεν
704 1129 790 1210 ἐρκας
805 1128 957 1206 ὀδόντων,·
1051 1159 1100 1210 350

152 1237 216 1297 πῶς
230 1232 267 1310 δή
283 1230 345 1319 φῂς
359 1231 508 1311 πολέμοιο
522 1232 672 1313 μεθιέμεν,
690 1228 799 1296 ὁππότ’
814 1229 937 1315 Ἀχαιοὶ

151 1335 275 1413 Τρωσὶν
290 1333 338 1414 ἐφ’
358 1333 578 1413 ἱπποδάμοισιν
594 1336 749 1416 ἐγείρομεν
764 1333 835 1413 ὁξὺν
847 1333 967 1417 Ἀρηας

152 1438 255 1517 ὄψεαι,
270 1433 310 1516 ἢν
324 1436 478 1524 ἐθέλῃσθα
493 1439 543 1501 καὶ
558 1439 592 1502 αί
605 1435 657 1500 κέν
671 1462 718 1500 τοι
734 1439 772 1501 τδ
785 1435 918 1524 μεμήλῃ,

151 1538 347 1622 Τηλεμάχοιο
363 1541 457 1620 φίλον
471 1540 586 1622 πατέρα
599 1539 786 1624 προμάχοισι
800 1539 930 1622 μιγέντα

149 1641 264 1721 Τρόων
279 1641 466 1723 ἱπποδάμων·
490 1642 529 1706 σὺ
544 1644 577 1706 δὲ
591 1642 671 1706 ταῦτ’
685 1642 840 1722 ἆνεμιάλια
853 1641 989 1723 βόζεις.”
1050 1673 1097 1722 355

194 1742 256 1807 Τὸν
271 1744 296 1808 δ’
313 1744 509 1825 ἐπιμειδήσας
523 1744 664 1827 προσέφη
682 1748 788 1828 κρείων
802 1745 1010 1827 Ἀγαμέμνων,

154 1847 192 1913 ὑς
205 1852 269 1929 γνῶ
282 1848 461 1932 χωομένοιο·
482 1847 577 1914 πάλιν
593 1848 618 1912 δ’
635 1849 653 1912 ὁ
669 1875 705 1932 γε
719 1847 829 1926 λάζετο
843 1853 947 1928 μῦθον·

154 1954 315 2032 “διογενές
331 1950 510 2032 Λαερτιάδη,
526 1948 717 2036 πολυμήχαν’
734 1949 895 2024 Ὀδυσσεῦ,

153 2053 222 2118 ούτε
236 2080 273 2119 σε
289 2055 405 2120 νεικείω
421 2055 584 2135 περιύσιον
599 2054 668 2119 οὑτε
684 2054 808 2119 κελεύω·

154 2159 221 2220 οἶδα
234 2157 293 2240 γὰρ
308 2159 348 2224 ὥς
363 2183 410 2222 τοι
427 2158 517 2237 θυμὸς
532 2159 578 2224 ἐνὶ
594 2156 744 2237 στήθεσσι
760 2158 903 2238 φίλοισιν
1051 2173 1099 2236 360

152 2259 227 2339 ἤπια
241 2260 333 2340 δήνεα
347 2262 419 2326 οἶδε·
443 2264 480 2324 τὰ
494 2264 552 2344 γὰρ
568 2259 707 2343 φρονέεις
723 2259 742 2324 ά
757 2259 781 2323 τ’
798 2260 858 2342 ἐγῶ
873 2285 939 2341 περ.
1030 2345 1033 2353 ¹

154 2364 222 2426 ἀλλ’
238 2366 291 2438 ίθι,
307 2370 400 2429 ταῦτα
414 2363 439 2428 δ’
456 2366 584 2429 ὄπισθεν
599 2363 790 2445 ἀρεσσόμεθ’,
807 2366 836 2428 εί
849 2389 878 2427 τι
894 2363 985 2429 κακὸν
1001 2372 1053 2430 νῦν

153 2469 275 2547 εἴρηται,
290 2469 328 2530 τὰ
342 2468 376 2530 δέ
391 2455 489 2530 πάντα
504 2467 568 2532 θεοὶ
584 2467 757 2547 μεταμώνια
771 2464 882 2532 θεῖεν.”

188 2567 251 2634 Ὣς
267 2571 359 2634 είπδν
373 2567 442 2634 τοὺς
455 2570 512 2648 μὲν
525 2570 616 2634 λίπεν
631 2570 731 2642 αὑτοῦ,
747 2572 790 2649 βῆ
806 2573 839 2634 δέ
853 2569 916 2650 μετ’
934 2570 1059 2638 ἄλλους.

152 2675 218 2755 εὑρε
234 2676 266 2737 δέ
281 2672 394 2738 Τυδέος
409 2672 484 2749 υἱόν,
500 2671 671 2754 ὑπέρθυμον
687 2671 851 2752 Διομήδεα,
1051 2691 1097 2751 365
1165 2697 1169 2706 ’

151 2776 269 2842 ἑσταότ’
287 2777 321 2841 έν
336 2776 362 2839 θ’
379 2777 502 2840 ἵπποισι
517 2777 567 2840 καὶ
583 2775 697 2858 άρμασι
713 2782 903 2855 κολλητοῖσι·

150 2884 211 2963 πὰρ
225 2878 259 2944 δέ
275 2881 304 2942 οἱ
319 2876 439 2957 ἑστήκει
454 2877 613 2954 Σθένελος,
630 2877 804 2958 Καπανήϊος
818 2879 892 2944 υἱός.

152 2984 200 3048 καὶ
215 2982 269 3047 τὸν
282 2983 339 3062 μὲν
349 2982 514 3048 νείκεσσεν
530 2981 601 3044 ἰδὼν
616 2982 722 3062 κρείων
737 2980 945 3064 Ἀγαμέμνων,

151 3088 202 3152 καί
213 3112 267 3168 μιν
282 3081 428 3166 φωνήσας
445 3083 521 3148 ἔπεα
536 3084 702 3165 πτερόεντα
717 3084 881 3165 προσηύδα·

151 3191 202 3254 “ὁ
216 3215 278 3270 μοι,
294 3186 408 3253 Τυδέος
422 3188 468 3251 υἱέ
484 3185 648 3268 δαΐφρονος
665 3186 859 3267 ἱπποδάμοιο,
1049 3213 1098 3264 370

150 3296 181 3358 τί
193 3293 355 3368 πτόσσεις,
373 3290 404 3354 τί
418 3289 443 3354 δ’
461 3289 616 3356 ὀπιπεύεις
632 3289 780 3370 πολέμοιο
794 3289 953 3373 γεφύραςτ

151 3397 185 3460 οὑ
197 3398 252 3475 μὲν
267 3393 359 3458 Τυδέϊ
373 3393 401 3476 γ’
418 3395 476 3458 ὁδε
491 3394 585 3475 φίλον
600 3393 813 3472 πτωσκαζέμεν
829 3392 893 3472 ήεν,

150 3500 232 3562 ἀλλὰ
246 3496 326 3561 πολὺ
340 3496 398 3577 πρὸ
413 3497 515 3577 φίλων
529 3494 643 3577 έτόρων
658 3494 772 3574 δηΐοισι
786 3493 954 3579 μάχεσθαι,

151 3599 190 3666 ὣς
204 3597 309 3680 φάσαν
325 3599 357 3662 οἵ
368 3623 421 3677 μιν
434 3599 534 3662 ἴδοντο
550 3597 744 3676 πονεύμενον·
768 3597 802 3660 οὑ
816 3600 875 3679 γὰρ
892 3597 987 3678 ἔγωγε

151 3697 255 3780 ἤντησ’
271 3701 341 3764 οὐδὲ
356 3702 430 3767 ἴδον·
453 3701 521 3782 περὶ
537 3700 561 3764 δ’
579 3700 684 3765 άλλων
699 3699 779 3782 φασὶ
794 3698 947 3782 γενέσθαι.
1047 3719 1096 3770 375

594 3806 618 3854 D
634 3801 654 3868 5
