2746 4228
267 343 310 422 48
587 357 616 405 2.
643 344 814 404 1A1AA02
837 346 872 403 B.

307 510 405 592 Αύτὰρ
418 510 591 588 Ἀλιζάνωυ
604 511 708 579 Ὀδίος
723 513 771 576 καὶ
785 513 995 596 Ἐπίστροφος
1009 513 1104 599 ἦρχον

264 615 393 694 τηλόθεν
409 611 445 691 ἐξ
456 612 602 694 Ἀλύβης,
618 613 689 680 ὅθεν
704 615 832 698 ἀργύρου
848 617 915 681 ἐστὶ
930 616 1070 700 γενέθλη.

308 721 422 781 Μυσῶν
437 717 470 780 δὲ
484 717 599 798 Χρόμις
615 716 689 800 ἦρχε
705 718 753 782 καὶ
765 717 914 799 Ἔννομος
930 717 1099 798 οἰωνιστής·

264 821 332 884 ἀλλ’
349 819 401 883 ούκ
418 820 571 884 οἰωνοῖσιν
587 821 714 901 έρύσατο
731 822 804 903 κῆρα
818 821 977 900 μέλαιναν,

264 923 333 988 ἀλλ’
349 921 442 1001 ε’δάμη
458 921 516 987 δπδ
530 925 620 1006 χερσὶ
635 924 788 992 ποδώκεος
803 926 948 990 Αἰακίδαο
1156 937 1206 988 86ο

262 1031 295 1091 ἐν
309 1027 443 1111 ποταμῷ,
459 1027 508 1090 άθι
523 1051 579 1108 περ
593 1031 698 1106 Τρῶας
714 1025 831 1110 κεράϊζε
847 1031 896 1093 καὶ
912 1028 1036 1096 ἄλλους.

304 1131 420 1211 Φόρκυς
435 1128 472 1193 αύ
486 1129 606 1211 Φρύγας
621 1127 677 1210 ἦγε
692 1130 740 1194 καὶ
754 1128 916 1197 Ἀσκάνιος
931 1131 1067 1210 θεοειδὴς

261 1233 327 1314 τῆλ’
344 1231 381 1311 ἐξ
391 1232 564 1311 Ἀσκανίης·
587 1230 726 1311 μέμασαν
742 1232 766 1297 δ’
781 1235 885 1313 ὑσμῖνι
899 1232 1062 1317 μάχεσθαι.

304 1334 428 1423 Μῄοσιν
443 1335 479 1398 αὖ
495 1333 644 1413 Μέσθλης
658 1359 692 1400 τε
707 1336 756 1399 καὶ
769 1335 917 1418 Ἄντιφος
931 1335 1122 1420 ἡγησάσθην,

259 1443 306 1505 υἶε
320 1437 533 1518 Ταλαιμένεος,
552 1437 592 1501 τῶ
608 1439 720 1520 Γυγαίη
737 1438 804 1504 τέκε
817 1441 919 1519 λίμνη,
1153 1453 1201 1516 865

258 1543 288 1606 οἳ
305 1543 353 1606 καὶ
369 1539 495 1627 Μῄονος
510 1540 585 1623 ἦγον
601 1541 659 1605 ὑπὸ
674 1541 793 1627 Τμάλῳ
808 1547 973 1625 γεγαῶτας.

302 1645 428 1724 Νάστης
443 1644 480 1706 αὖ
495 1649 601 1725 Καρῶν
616 1642 753 1726 ἡγήσατο
767 1645 1031 1728 βαρβαροφώνων,

257 1750 288 1813 οδ
304 1750 444 1826 Μίλητον
459 1749 532 1832 ἔχον
547 1751 668 1828 Φθιρῶν
682 1747 707 1810 τ’
725 1749 793 1832 όρος
808 1749 1034 1832 ἀκριτόφυλλον

259 1852 435 1934 Μαιάνδρου
450 1877 483 1917 τε
496 1851 567 1936 ῥοάς
583 1851 730 1931 Μυκάλης
745 1853 769 1915 τ’
787 1853 907 1918 αίπεινδ
924 1852 1045 1936 κάρηνα·

258 1962 318 2019 τῶν
331 1956 387 2035 μὲν
402 1954 447 2038 ἄρ’
461 1954 657 2038 Ἀμφίμαχος
673 1955 722 2019 καὶ
736 1953 862 2036 Νάστης
877 1955 1067 2039 ἡγησάσθην,
1150 1971 1200 2034 870

256 2057 384 2139 Νάστης
398 2058 501 2139 Ἀμφ,Ι
516 2058 593 2142 ,ηηός
607 2082 649 2130 τε,
666 2058 817 2137 Νομίονος
833 2059 934 2141 άγλιιδ
948 2057 1047 2135 τέκνα,

258 2162 291 2228 δς
307 2163 356 2226 καὶ
370 2161 486 2244 χρυσὸν
502 2161 582 2244 ἔχων
595 2161 757 2241 πόλεμόνδ’
774 2161 820 2224 ίεν
835 2158 906 2240 ἠύτε
922 2160 1021 2243 κούρη,

256 2264 372 2344 νήπιος,
388 2263 457 2328 οὐδέ
471 2264 503 2327 τί
516 2265 545 2328 οἱ
560 2263 597 2325 τό
610 2263 638 2345 γ’
655 2262 804 2343 ἐπήρκεσε
818 2247 1080 2347 λνγρὸνάλεθρον,

257 2368 326 2431 ἀλλ’
342 2365 436 2447 έδάμη
451 2365 509 2431 ύπδ
523 2367 613 2450 χερσὶ
628 2367 778 2433 ποδώκεος
793 2369 937 2432 Αἰακίδαο

258 2473 290 2537 ἐν
306 2473 438 2555 ποταμῷ,
454 2470 570 2554 χρυσὸν
585 2469 610 2533 δ’
625 2468 768 2552 Ἀχιλεὺς
783 2470 929 2549 ἐκόμισσε
943 2468 1088 2551 δαΐφρων.
1145 2483 1195 2548 8⁷⁵

299 2575 464 2655 Σαρπηδὼν
479 2572 504 2636 δ’
520 2571 613 2655 ἦρχεν
627 2573 744 2637 Λυκίων
760 2574 808 2636 καὶ
823 2577 957 2639 Γλαῦκος
972 2572 1093 2653 ἀμύμων

255 2679 384 2757 τηλόθεν
398 2679 431 2742 έκ
446 2676 566 2754 Λυκίης,
584 2675 704 2741 Ξάνθον
719 2675 779 2740 άπο
794 2673 954 2756 δινήεντος.
