2848 4296
248 411 312 476 432
566 407 616 460 αι.
642 394 812 454 ΙΛΙΑΔΟΣ
836 394 874 458 Φ.

243 560 261 637 ἡ
277 562 333 638 μὲν
348 558 422 639 τόξα
435 564 581 639 λαβοῦσα
595 558 691 626 πόλιν
706 562 751 628 κίε
771 559 932 644 θυγατέρος
946 561 991 642 ἥς·

243 663 262 740 ἦ
278 661 303 726 δ’
320 662 365 743 ἀρ’
378 661 540 744 Ὄλυμπον
554 665 640 730 ἵκανε
656 664 730 730 Διὸς
745 666 815 732 ποτὶ
834 667 1027 749 χαλκοβατὲς
1042 669 1094 739 δῶ,
1145 691 1194 739 505

244 767 434 847 δακρυόεσσα
449 769 481 830 δὲ
497 766 609 849 πατρὸς
623 767 750 847 ἐφέζετο
765 767 892 849 γούνασι
908 769 1006 849 κούρη,

245 870 323 950 ἀμφὶ
338 869 363 933 δ’
380 869 425 951 ἀρ’
442 870 611 950 ἀμβρόσιος
627 872 714 936 ἑανὸς
729 868 827 951 τρέμε·
850 871 906 950 τὴν
921 873 954 935 δέ
969 872 1056 953 προτὶ
1071 874 1102 936 οἵ

245 975 310 1036 είλε
325 972 422 1054 πατὴρ
440 975 593 1054 Κρονίδης,
610 973 660 1038 καὶ
676 974 811 1056 ἀνείρετο
829 972 885 1052 ἡδὺ
899 974 1067 1056 γελάσσας·

245 1079 261 1106 “
271 1077 316 1141 τίς
331 1077 367 1140 νύ
382 1103 419 1140 σε
434 1075 528 1140 τοιάδ’
544 1074 638 1160 ἐρεξε,
655 1077 751 1158 φίλον
766 1075 861 1150 τέκος,
878 1077 1081 1158 Οὐρανιώνων

247 1175 420 1265 [μαψιδίωα
438 1180 477 1245 ὡς
497 1184 524 1244 εἵ
538 1204 567 1245 τι
583 1179 674 1245 κακὸν
688 1179 836 1261 ῥέζουσαν
853 1176 968 1267 ἐνωπῇ]
980 1179 1016 1258 ,·”
1147 1207 1196 1255 510

286 1283 349 1346 Τὸν
364 1282 389 1346 δ’
406 1283 476 1348 αύτε
491 1282 674 1364 προσέειπεν
689 1282 876 1364 ἐϋστέφανος
892 1282 1059 1362 κελαδεινή·
1148 1313 1151 1320 ·

247 1393 263 1421 “
274 1383 314 1464 σή
329 1386 359 1463 μ’
376 1386 491 1470 ἄλοχος
506 1385 681 1468 στυφέλιξε,
698 1385 801 1468 πάτερ,
817 1387 1005 1453 λευκώλενος
1016 1385 1111 1468 Ἤρη,

245 1488 281 1567 ἐξ
294 1489 329 1569 ἧς
344 1488 540 1560 ἀθανάτοισιν
556 1490 617 1571 ἔρις
636 1490 686 1553 καὶ
704 1495 803 1556 νεῖκος
818 1488 980 1578 ἐφῆπται.”

282 1595 344 1660 Ὣς
361 1597 389 1658 οἱ
404 1597 461 1674 μὲν
476 1601 599 1658 τοιαῦτα
613 1595 688 1677 πρὸς
704 1593 859 1673 ἀλλήλους
874 1596 1028 1676 ἀγόρευον·

245 1697 337 1778 αὐτὰρ
352 1696 515 1763 Ἀπόλλων
530 1702 648 1778 Φοῖβος
663 1698 787 1770 ἐδύσετο
799 1697 897 1762 Ἴλιον
913 1697 989 1780 ίρήν·
1147 1727 1176 1776 ⁵¹
1182 1727 1197 1775 5

244 1801 400 1881 μέμβλετο
416 1800 473 1884 γάρ
491 1803 521 1866 οἵ
536 1806 638 1884 τεῖχος
653 1800 811 1881 ἐϋδμήτοιο
827 1802 954 1880 πόληος,

244 1905 285 1984 μὴ
302 1906 418 1969 Δαναοὶ
434 1905 579 1985 πέρσειαν
593 1903 760 1986 ὑπέρμορον
774 1903 865 1994 ἤματι
883 1907 980 1990 κείνερ.

246 2011 274 2071 οἵ
290 2007 314 2072 δ’
331 2009 422 2075 ἄλλοι
441 2008 515 2089 πρὸς
527 2006 689 2087 Ὄλυμπον
703 2010 776 2088 ἴσαν
791 2009 856 2076 θεοὶ
875 2010 941 2073 αίὲν
956 2010 1067 2089 ἐόντες,

246 2114 275 2175 οἶ
291 2114 348 2190 μὲν
361 2114 520 2194 χωόμενοι,
537 2114 566 2176 οἵ
582 2113 615 2175 δέ
629 2110 708 2193 μέγα
724 2113 908 2178 κυδιόωντες·

246 2215 300 2278 κὰδ
316 2214 341 2278 δ’
358 2216 421 2292 ἵζον
439 2218 520 2296 παρὰ
534 2213 624 2296 πατρὶ
640 2220 824 2295 κελαινεφεῖ·
847 2215 940 2297 αὐτὰρ
953 2214 1119 2299 Ἀχιλλεὺς
1148 2243 1198 2291 520

244 2324 349 2400 Τρῶας
365 2321 445 2400 όμῶς
459 2320 565 2386 αὐτούς
581 2320 605 2382 τ’
623 2321 730 2386 όλεκεν
749 2320 797 2382 καὶ
811 2320 951 2402 μώνυχας
969 2322 1088 2386 ἵππους.

246 2422 285 2488 ὣς
300 2420 327 2486 δ’
342 2424 393 2487 ὅτε
409 2428 520 2490 καπνδς
536 2424 589 2487 ίιδν
601 2425 644 2488 είς
663 2422 790 2504 οὐρανὸν
805 2421 891 2504 εὐρὺν
905 2425 1006 2503 ἵκηται

245 2525 355 2592 ἀστεος
369 2525 549 2606 αἰθομένοιο,
564 2530 641 2592 θεῶν
655 2524 689 2590 δέ
705 2529 720 2590 ἑ
734 2530 822 2606 μῆνις
837 2527 937 2606 ἀνῆκε,

246 2633 322 2692 πᾶσι
337 2629 362 2694 δ’
380 2630 468 2708 ἐθηκε
483 2630 587 2706 πόνον,
602 2634 752 2694 πολλοῖσι
767 2633 801 2695 δὲ
816 2627 897 2708 κήδε’
913 2632 1037 2712 ἐφῆκεν,

247 2735 285 2799 ὣς
300 2733 442 2816 Ἀχιλεὺς
455 2735 597 2815 Τρώεσσι
614 2734 708 2798 πόνον
724 2734 773 2798 καὶ
789 2728 870 2812 κήδε’
886 2733 1001 2812 ἔθηκεν.
1147 2761 1197 2811 525

288 2836 431 2915 Ἑστήκει
446 2837 471 2900 δ’
488 2835 616 2919 ὁγέρων
631 2837 767 2918 Πρίαμος
783 2837 867 2900 θείου
881 2838 933 2901 ἐπὶ
948 2837 1071 2919 πύργου,

247 2945 278 3008 ἐς
292 2939 319 3006 δ’
335 2942 436 3022 ἐνόησ’
450 2942 585 3025 Ἀχιλῆα
599 2943 759 3024 πελώριον·
785 2940 876 3024 αὐτὰρ
891 2942 940 3006 ὑπ’
958 2942 1048 3006 αὐτοῦ

244 3051 345 3127 Τρῶες
360 3045 443 3127 ἀφαρ
459 3044 620 3111 κλονέοντο
636 3045 810 3126 πεφυζότες,
827 3044 896 3109 ούδέ
911 3070 957 3111 τις
971 3045 1050 3126 ἀλκὴ

245 3148 368 3232 γίγνεθ’·
392 3151 409 3213 δ
424 3149 448 3213 δ’
465 3147 595 3230 οἰμώξας
610 3148 671 3212 ἀπὸ
686 3148 800 3230 πύργου
814 3153 905 3228 βαῖνε
919 3150 1045 3231 χαμᾶζε,

246 3253 376 3335 ὀτρύνων
390 3256 471 3336 παρὰ
486 3257 587 3335 τεῖχος
603 3250 799 3333 ἀγακλειτοὺς
814 3252 998 3333 πυλαωρούς·
1147 3281 1198 3329 530

247 3362 264 3392 “
276 3355 466 3436 πεπταμένας
482 3358 515 3420 ἐν
529 3355 619 3438 χερσὶ
634 3354 733 3420 πύλας
748 3353 837 3436 ἔχετ’,
855 3356 898 3420 είς
914 3355 932 3418 ὅ
947 3379 981 3418 κε
995 3355 1067 3419 λαοὶ

246 3463 360 3524 ἔλθωσι
379 3460 466 3540 προτὶ
482 3459 558 3522 ἄστυ
572 3458 749 3538 πεφυζότες·
771 3457 790 3536 ἦ
812 3460 870 3540 γάρ
888 3456 1053 3539 Ἀχιλλεὺς

246 3564 335 3645 ἐγγύς
350 3564 401 3627 ὅδε
417 3561 559 3626 κλονέων·
583 3567 636 3626 νῦν
650 3564 703 3626 οἵω
722 3560 813 3644 λοίγι’
834 3559 970 3624 ἔσεσθαι.

246 3667 339 3748 αὐτὰρ
354 3667 421 3730 ἐπεί
436 3665 460 3728 κ’
478 3667 508 3730 ἐς
523 3669 625 3749 τεῖχος
641 3665 873 3730 ἀναπνεύσωσιν
891 3663 1023 3741 ἀλέντες,

246 3770 329 3836 αὖτις
343 3765 542 3849 ἐπανθέμεναι
557 3770 683 3852 σανίδας
698 3774 827 3835 πυκινῶς
846 3767 994 3851 ἀραρυίας·
1147 3797 1196 3847 535
