2834 4234
502 366 553 432 13.
576 355 808 414 οοςςςοικν
834 355 872 415 N.
1107 367 1168 434 719

219 526 237 554 “
249 519 329 601 αἴφά
344 519 369 583 κ’
388 521 466 603 ἐγὼν
482 518 608 602 ἔρξαιμι,
625 522 813 602 κελαινεφές,
829 523 868 589 ὡς
884 523 1046 605 ἀγορεόεις·

218 625 300 687 ἀλλά
318 625 375 688 σὸν
390 623 448 689 αἴεὶ
468 625 561 703 θυμδν
576 627 715 703 ὀπίζομαι
731 626 776 704 ἠδ’
792 627 928 690 ἀλεείνω.

218 731 270 792 νῦν
286 727 323 789 αῦ
338 726 479 806 Φαιήκων
495 729 591 793 ἐθέλω
607 728 793 809 περικαλλέα
808 734 865 809 νῆα

218 832 249 892 ἐκ
266 834 388 908 πομπῆς
405 833 551 897 ἀνιοῦσαν
566 835 600 898 ἐν
614 831 759 913 ἠεροειδέϊ
773 833 874 916 πόντῳ
1121 862 1167 910 150

216 936 328 1014 ῥαῖσαι,
344 933 383 998 ἵν’
397 934 453 1014 ήδη
470 941 614 1019 σχῶνται,
631 935 832 1014 ἀπολλήξωσι
847 938 881 999 δέ
896 940 1016 1014 πομπῆς

217 1039 386 1118 ἀνθρώπων,
401 1038 478 1120 μέγα
495 1040 528 1104 δέ
543 1047 621 1120 σφιν
640 1041 709 1120 ὅρος
725 1041 816 1102 πόλει
832 1038 1078 1120 ἀμφικαλύψαι.”

259 1145 322 1205 Τὸν
337 1141 362 1204 δ’
379 1143 623 1221 ἀπαμειβόμενος
638 1142 778 1223 προσέφη
796 1142 1022 1224 νεφεληγερέτα
1038 1143 1122 1209 Ζεός·

218 1250 234 1278 “
248 1241 270 1307 ὦ
286 1244 392 1325 πέπον,
409 1247 448 1312 ὡς
463 1248 519 1324 μέν
535 1248 595 1331 ἐμῷ
613 1246 696 1331 θυμῷ
710 1251 794 1310 δοκεῖ
808 1246 884 1311 εἶναι
901 1247 1020 1327 ἄριστα,

216 1350 331 1412 ὁππότε
346 1376 396 1414 κεν
411 1350 447 1428 δὴ
462 1349 574 1416 πάντες
590 1350 794 1430 ἐλαυνομένην
810 1349 993 1432 προΐδωνται
1121 1379 1166 1426 155

216 1450 286 1516 λαοὶ
302 1453 361 1517 ἀπὸ
377 1456 511 1530 πτόλιος,
528 1459 624 1518 θεῖναι
639 1455 727 1518 λίθον
743 1455 949 1537 ἐγγόθιγαίης

216 1557 266 1634 νηῖ
282 1559 336 1643 θοῆ
351 1560 464 1633 ἴκελον,
480 1559 528 1622 ἵνα
545 1555 737 1635 θαυμάζωσιν
752 1558 883 1625 ἅπαντες

216 1660 378 1741 ἀνθρωποι,
393 1662 472 1745 μέγα
487 1662 520 1726 δέ
536 1670 613 1743 σφιν
628 1665 696 1744 όρος
711 1663 802 1726 πόλει
818 1660 1066 1743 ἀμφικαλύψαι.”

260 1765 358 1847 Αῦτάρ
374 1767 440 1829 ἐπεὶ
456 1766 491 1828 τό
505 1764 533 1848 γ’
552 1767 662 1830 ἀκουσε
677 1764 859 1830 Ποσειδάων
876 1765 1058 1848 ἐνοσίχθων,

215 1870 258 1947 βῆ
273 1867 304 1951 ῥ’
320 1869 386 1946 ἴμεν
401 1871 432 1934 ἐς
447 1870 588 1953 Σχερίην,
607 1870 656 1932 ὅθι
672 1869 802 1946 Φαίηκες
817 1868 974 1950 γεγάασιν.
1118 1883 1166 1932 160

216 1969 277 2034 ἐνθ’
296 1969 386 2050 ἔμεν’·
408 1971 427 2050 ῆ
444 1976 476 2036 δέ
491 1970 574 2049 μάλα
591 1977 703 2054 σχεδδν
719 1969 813 2048 ήλυθε
828 1974 1018 2052 ποντοπόρος
1033 1977 1103 2051 νηῦς

214 2076 312 2156 ῥίμφα
326 2075 501 2152 διωκομένη·
522 2078 575 2154 τῆς
591 2078 624 2138 δέ
639 2075 751 2157 σχεδὸν
767 2073 835 2153 ἦλθ’
852 2077 1034 2159 ἐνοσίχθων,

216 2180 249 2245 ὅς
263 2204 315 2256 μιν
330 2183 409 2243 λᾶαν
424 2179 509 2258 ἔθηκε
526 2180 573 2241 καὶ
589 2178 749 2258 ἐρρίζωσεν
766 2177 868 2259 ἔνερθε

215 2284 294 2365 χειρὶ
310 2288 491 2363 καταπρηνεῖ
507 2282 632 2347 ἐλάσας·
657 2283 673 2344 ὁ
689 2282 722 2344 δέ
738 2281 835 2361 νόσφι
850 2280 989 2362 βεβήκει.

258 2389 299 2450 Οἱ
315 2389 346 2450 δὲ
361 2386 435 2467 πρὸς
450 2384 606 2464 ἀλλήλους
621 2386 695 2449 έπεα
712 2383 865 2467 πτερόεντ’
881 2387 1027 2468 ἀγόρευον
1118 2401 1163 2464 ¹⁶5

216 2490 345 2567 Φαίηκες
360 2487 579 2572 δολιχήρετμοι,
596 2490 792 2552 ναυσίκλυτοι
809 2489 926 2570 ἀνδρες.

217 2596 273 2657 ὦδε
288 2595 322 2659 δέ
336 2619 381 2660 τις
396 2597 538 2657 εἴπεσκεν
555 2593 626 2656 ἰδὼν
643 2593 673 2658 ἐς
688 2593 824 2669 πλησίον
839 2593 946 2659 ἀλλον·

216 2697 269 2759 “d'’
284 2722 344 2774 μοι,
358 2698 404 2762 τίς
419 2698 454 2774 δὴ
471 2699 528 2775 νῆα
544 2697 618 2775 θοῆν
634 2693 757 2774 ἐπέδησ’
773 2697 819 2760 ἐνὶ
834 2697 933 2781 πόντῳ

217 2797 310 2864 οἴκαδ’
325 2801 527 2879 ἐλαυνομένην
542 2824 552 2873 ;
578 2801 627 2863 καὶ
643 2800 679 2878 δή
694 2799 899 2881 προύφαίνετο
916 2798 1031 2862 πᾶσα.”

252 2902 315 2969 Ὣς
329 2903 387 2984 ἀρα
401 2929 447 2970 τις
463 2906 595 2967 εἴπεσκε·
617 2905 655 2966 τὰ
671 2901 695 2966 δ’
712 2902 765 2964 οῦκ
782 2905 852 2966 ἴσαν
869 2903 907 2968 ὡς
923 2901 1069 2966 ἐτέτυκτο.
1116 2928 1164 2978 170

216 3012 314 3071 τοῖσιν
330 3005 355 3071 δ’
371 3005 526 3072 ’Λλκίνοος
542 3004 712 3088 ἀγορήσατο
730 3007 778 3070 καὶ
793 3006 960 3083 μετέειπεν·

216 3110 267 3173 “cb
282 3111 382 3184 πόποι,
401 3110 420 3191 ἦ
434 3109 518 3191 μόλα
533 3109 569 3189 δή
584 3135 622 3188 με
636 3111 815 3190 παλαίφατα
832 3107 964 3190 θέσφαθ’
981 3107 1077 3176 ἴκόνει

217 3221 326 3294 πατρὸς
342 3217 422 3292 ἐμοῦ,
439 3214 472 3280 δς
487 3215 605 3290 ἔφασκε
620 3212 809 3278 Ποσειδάων’
826 3213 997 3296 ἀγόσεσθαι

214 3317 294 3396 ἡμῖν,
311 3319 417 3382 οὕνεκα
431 3319 547 3395 πομποὶ
563 3317 714 3396 ἀπήμονές
731 3321 813 3395 εἶμεν
829 3317 979 3382 ἀπόντων.

217 3425 261 3501 φῆ
276 3423 350 3484 ποτέ
365 3420 508 3500 Φαιήκων
523 3422 637 3500 ἀνδρῶν
652 3422 839 3501 περικαλλέα
855 3423 913 3498 νῆα
1116 3448 1161 3498 ¹75

216 3528 248 3589 ἐκ
264 3529 382 3604 πομπῆς
397 3527 544 3588 ἀνιοῦσαν
559 3527 592 3588 ἐν
607 3523 752 3605 ἠεροειδέϊ
766 3525 866 3608 πόντῳ

214 3628 399 3711 ῥαισέμεναι,
415 3628 493 3707 μέγα
508 3625 533 3691 δ’
548 3628 618 3707 ήμιν
635 3629 704 3708 ὄρος
717 3631 808 3692 πόλει
824 3627 1065 3710 ἀμφικαλύψειν.

216 3735 256 3799 ἀς
272 3729 386 3815 ἀγόρευ’
402 3733 419 3794 ὁ
433 3731 538 3813 γέρων·
563 3733 599 3796 τὰ
615 3734 647 3796 δὲ
663 3731 699 3810 δὴ
712 3735 764 3805 νῦν
781 3729 880 3794 πόντα
895 3736 1037 3796 τελεῖται.
