2834 4234
519 351 567 400 11.
590 339 825 399 ΟΔΎΣΣΕΙΑΣ
856 341 892 400 Λ.
1101 338 1164 419 695

216 501 276 564 οὔτ’
292 502 493 587 αὐτοσχεδίην
509 505 702 584 οὐτασμένος,
718 508 768 571 οἶά
782 534 815 572 τε
830 511 934 570 πολλὰ

216 607 351 687 γίγνεται
367 609 400 672 ἐν
418 608 550 693 πολέμῳ·
575 608 680 689 ἐπιμὶξ
693 611 726 675 δέ
741 635 774 676 τε
788 612 924 689 μαίνεται
938 609 1062 692 Ἀρης.”

254 709 317 776 Ὣς
334 710 462 792 ε’φάμην,
477 713 563 795 φνχῆ
579 715 612 777 δὲ
626 715 779 780 ποδώκεος
793 716 940 778 Αἰακίδαο

219 813 310 893 φοίτα
325 817 422 892 μακρὰ
437 820 560 894 βιβᾶσα
576 814 638 880 κατ’
653 817 830 899 ἀσφοδελὸν
845 825 989 894 λειμῶνα,

217 919 370 1000 γηθοσύνη
387 919 405 980 ὅ
420 921 449 983 οἶ
464 923 530 985 υἱὸν
544 921 624 1001 ἔφην
642 922 823 1002 ἀριδείκετον
838 922 923 986 εἶναι.
1114 951 1164 1002 540

262 1023 301 1084 Αἱ
317 1019 343 1085 δ’
358 1023 450 1087 ἄλλαι
466 1022 565 1105 φνχαὶ
579 1024 690 1088 νεκύων
707 1026 957 1103 κατατεθνηώτων

217 1125 350 1189 ἕστασαν
366 1127 537 1209 ἀχνύμεναι,
553 1131 668 1210 εἴροντο
684 1132 717 1192 δὲ
732 1127 811 1208 κήδε’
826 1113 948 1206 ἑκάστη.

218 1230 266 1307 οίη
283 1227 308 1292 δ’
323 1229 454 1297 Αίαντος
470 1232 554 1312 φυχῆ
569 1231 805 1312 Τελαμωνιάδαο

217 1335 329 1413 νόσφιν
348 1333 523 1415 ἀφεστήκει,
539 1335 731 1418 κεχολωμένη
748 1337 848 1400 εἵνεκα
863 1338 955 1413 νίκης,

219 1436 272 1514 τήν
288 1462 339 1515 μιν
357 1438 415 1519 ἐγώ
432 1440 541 1515 νίκησα
556 1440 746 1518 δικαζόμενος
762 1443 843 1522 παρὰ
858 1439 947 1518 νηυσὶ
1115 1469 1164 1518 545

218 1540 358 1621 τεύχεσιν
373 1539 448 1623 ἀμφ’
462 1538 616 1626 Ἀχιλῆος·
641 1542 729 1622 ἔθηκε
745 1545 776 1608 δὲ
792 1544 901 1607 πότνια
914 1541 1020 1625 μήτηρ.

220 1639 340 1728 [παῖδες
356 1647 389 1708 δὲ
403 1646 517 1726 Τρώων
532 1646 660 1710 δίκασαν
675 1644 724 1710 καὶ
740 1645 870 1713 Παλλὰς
886 1643 1024 1735 Ἀθήνη]

219 1747 259 1812 ὡς
275 1748 311 1825 δή
325 1747 366 1826 μῆ
385 1751 502 1830 ὄφελον
517 1755 605 1815 νικᾶν
619 1747 716 1834 τοιώδ’
733 1748 779 1815 ἐπ’
796 1751 905 1836 ἀέθλῳ·

219 1851 303 1927 τοίην
316 1849 374 1934 γὰρ
390 1852 529 1933 κεφαλὴν
545 1851 621 1917 ἕνεκ’
636 1853 732 1916 αὐτῶν
749 1859 819 1932 γαῖα
836 1855 992 1936 κατέσχεν,
1078 1855 1080 1860 ’

218 1952 332 2030 Αἴανθ’,
351 1953 384 2020 δς
399 1953 466 2034 περὶ
481 1959 537 2034 μὲν
554 1957 639 2030 εἶδος,
657 1957 725 2036 περὶ
741 1954 767 2020 δ’
782 1957 854 2038 ἔργα
869 1955 990 2020 τέτυκτο
1116 1985 1165 2034 55ο

218 2063 278 2120 τῶν
294 2058 399 2120 ἀλλων
416 2063 544 2122 Δαναών
559 2056 623 2138 μετ’
639 2059 775 2141 ἀμύμονα
792 2062 961 2138 Πηλείωνα

220 2168 273 2225 τδν
287 2164 344 2240 μὲν
358 2162 437 2243 ἐγὼν
453 2161 582 2226 ἐπέεσσι
597 2165 999 2246 προσηύδων-μειλιχίοισιν·

262 2270 280 2300 “
291 2265 378 2342 Αἶαν,
393 2270 450 2329 παῖ
462 2269 645 2345 Τελαμῶνος
660 2266 818 2346 ἀμύμονος,
834 2266 885 2330 οάκ
901 2266 947 2350 ἀρ’
962 2268 1090 2346 ἔμελλες

219 2369 287 2434 οὐδὲ
302 2369 400 2434 θανών
414 2367 567 2450 λήσεσθαι
583 2368 649 2450 ἐμοὶ
664 2372 762 2453 χόλον
778 2372 879 2435 είνεκα
893 2371 1024 2456 τευχέων

219 2473 412 2551 οὐλομένων,·
435 2472 472 2536 τά
487 2476 520 2537 δὲ
535 2476 620 2554 πῆμα
637 2476 700 2538 θεοὶ
718 2473 812 2539 θέσαν
827 2471 1002 2556 Ἀργείοισι,
1117 2503 1165 2554 555

219 2580 299 2643 τοῖος
313 2575 371 2661 γάρ
387 2584 465 2658 σφιν
480 2577 592 2658 πύργος
608 2576 739 2656 ἀπώλεο·
764 2582 831 2641 σεῖο
847 2576 872 2642 δ’
887 2576 1007 2662 Ἀχαιοὶ

218 2680 289 2743 ἴσον
303 2678 471 2763 Ἀχιλλῆος
488 2680 608 2765 κεφαλῇ
627 2682 807 2761 Πηληϊάδαο

220 2783 374 2865 ἀχνύμεθα
390 2783 549 2866 φθιμένοιο
567 2783 738 2865 διαμπερές·
762 2783 830 2849 ούδέ
843 2811 888 2852 τις
904 2785 1000 2852 ἀλλος

219 2887 323 2965 αἴτιος,
341 2887 423 2951 ἀλλά
442 2887 518 2953 Ζεὺς
533 2893 661 2950 Δαναῶν
675 2888 806 2969 στρατὸν
820 2889 993 2970 αἰχμητάων

220 2990 378 3072 ἐκπάγλως
394 2989 521 3074 ἤχθηρε,
536 2990 599 3054 τείν
615 2989 640 3054 δ’
657 2993 707 3056 ε’πὶ
722 2997 830 3072 μοῖραν
846 2992 963 3070 ἔθηκεν.
1119 3007 1167 3071 56ο

220 3093 291 3158 ἀλλ’
305 3093 361 3178 ἀγε
376 3101 471 3176 δεῦρο,
483 3093 567 3173 ἀναξ,
584 3092 622 3159 ἵν’
637 3096 709 3162 ἔπος
726 3092 775 3159 καὶ
790 3100 883 3176 μῦθον
898 3097 1029 3184 ἀκούσης

219 3199 371 3280 ἡμέτερον·
396 3198 534 3278 δάμασον
548 3200 581 3263 δὲ
595 3200 686 3277 μένος
701 3199 750 3264 καὶ
765 3198 1036 3282 ἀγήνορα’θυμόν.”

258 3301 321 3369 Ὣς
337 3301 466 3383 ἐφάμην,
482 3305 499 3366 ὁ
515 3301 549 3366 δέ
567 3301 597 3381 μ’
614 3302 700 3367 οὐδὲν
715 3305 869 3384 ἀμείβετο,
884 3307 927 3383 βῆ
944 3305 977 3368 δὲ
991 3303 1054 3384 μετ’
1070 3305 1168 3372 ἄλλος

221 3405 324 3489 ψυχὰς
340 3408 383 3472 εἰς
395 3405 528 3488 Ἔρεβος
543 3406 655 3470 νεκύων
672 3407 929 3486 κατατεθνηώτων.

221 3511 295 3573 ἔνθα
311 3507 340 3594 χ’
357 3511 435 3590 ὁμῶς
451 3510 592 3591 προσέφη
608 3509 824 3593 κεχολωμένος,
838 3508 858 3589 ή
875 3537 926 3576 κεν
943 3511 1000 3592 ἐγὼ
1017 3512 1077 3576 τόν·
1119 3525 1166 3589 565

222 3612 304 3677 ἀλλά
318 3638 369 3693 μοι
384 3612 475 3692 ῆθελε
492 3613 583 3695 θυμὸς
598 3611 644 3676 ε’νὶ
661 3611 811 3692 στήθεσσι
827 3614 951 3694 φίλοισι
1244 3605 1247 3610 ’

221 3722 280 3783 τῶν
295 3716 400 3782 ἀλλων
415 3715 519 3801 φυχάς
537 3717 628 3782 ἰδέειν
644 3717 903 3796 κατατεθνηώτων.

1013 3812 1036 3954 ί
