2746 4228
505 351 533 398 α.
559 337 729 398 ΙΛΙΑΔΟΣ
754 333 787 400 Β.
1069 357 1111 418 45

211 505 304 568 Οὗτοι
320 503 365 586 ἀρ’
381 503 529 586 ἡγεμόνες
545 510 675 570 Δαναῶν
690 507 738 570 καί
755 507 889 587 κοίρανοι
904 506 1007 586 ήσαν·’
1063 522 1112 582 760

167 609 213 672 τίς
227 607 252 668 τ’
269 606 307 687 δρ
321 613 381 670 τῶν
397 607 444 690 ὄχ’
461 607 586 688 ἀριστος
603 608 664 686 ἔην,
681 609 720 671 σά
733 635 786 688 μοι
802 610 918 683 ἔννεπε,
936 614 1056 679 Μοῦσα,

167 709 265 771 αὐτῶν
279 708 324 786 ἥδ’
341 712 451 782 ἵππων,
468 709 496 773 οῖ
512 710 561 790 ἀμ’
577 710 770 798 Ἀτρείδῃσιν
786 713 906 776 ἕποντο.

206 810 312 874 Ἰπποι
326 813 382 891 μὲν
397 811 464 894 μέγ’
481 812 603 894 ἄρισται
620 814 695 878 ἔσαν
710 814 910 896 Φηρητιάδαο,

167 917 221 978 τδς
237 913 376 993 Εὔμηλος
392 914 500 980 ἔλαυνε
515 915 668 982 ποδόκεας
684 917 803 996 ὄρνιθας
819 918 866 991 ὥς,

168 1019 290 1099 ὄτριχας
305 1018 429 1090 οἰέτεας,
447 1019 589 1105 σταφόλῃ
606 1021 656 1082 ἐπὶ
671 1027 766 1085 νῶτον
781 1019 878 1087 ἐίσας·
1065 1037 1112 1096 765

167 1119 221 1184 τὰς
236 1122 270 1183 ἐν
284 1122 399 1206 Πηρείῃ
415 1120 504 1202 θρέψ’
521 1120 721 1204 ἀργυρότοξος
734 1121 910 1195 Ἀπόλλων,

167 1221 258 1300 ὄμφω
275 1223 407 1300 θηλείας,
423 1224 527 1304 φόβον
539 1223 650 1304 Ἀρηος
666 1223 846 1303 φορεούσας.
919 1249 921 1256 ’

168 1325 282 1405 ἀνδρῶν
297 1325 333 1389 αὖ
347 1325 413 1409 μέγ’
430 1327 555 1408 ἀριστος
571 1327 624 1405 έην
639 1327 833 1405 Τελαμώνιος
848 1331 933 1402 Αἰας,

168 1429 235 1508 ὄφρ’
249 1429 392 1512 Ἀχιλεὺς
406 1428 521 1509 μήνιεν·
545 1431 562 1493 ὁ
577 1429 635 1512 γὰρ
651 1429 730 1493 πολὺ
744 1428 891 1510 φέρτατος
906 1431 968 1510 ἦεν,

167 1536 253 1594 ἵπποι
270 1532 307 1604 θ’,
322 1531 351 1595 οῖ
367 1533 537 1613 φορέεσκον
552 1533 689 1613 ἀμύμονα
705 1531 877 1610 Πηλείωνα.
1063 1559 1110 1610 770

167 1635 235 1696 ἀλλ’
253 1637 339 1714 ὄμέν
354 1637 387 1701 ἐν
403 1619 512 1715 νήεσσι
528 1638 671 1716 κορωνίσι
686 1636 904 1716 ποντοπόροισι

167 1738 237 1800 κεῖτ’
254 1739 444 1817 ἀπομηνίσας
461 1739 665 1822 Ἀγαμέμνονι
680 1737 800 1818 ποιμένι
817 1745 901 1804 λαῶν

166 1839 312 1926 Ἀτρεΐδῃ·
336 1843 407 1906 λαοὶ
423 1845 456 1907 δέ
471 1845 553 1922 παρὰ
566 1845 688 1930 ῥηγμῖνι
704 1841 864 1922 θαλάσσης

167 1944 316 2006 δίσκοισιν
331 1942 475 2024 τέρποντο
491 1945 540 2008 καὶ
555 1944 732 2031 αἰγανέῃσιν
748 1945 842 2012 ἰέντες

166 2045 301 2124 τόξοισίν
316 2047 354 2110 θ’·
377 2050 465 2112 ίπποι
480 2049 513 2112 δέ
528 2048 596 2129 παρ’
613 2049 745 2129 άρμασιν
760 2050 843 2114 οίσιν
858 2049 985 2117 ἕκαστος
1060 2073 1106 2127 775

167 2149 262 2212 λωτὸν
278 2151 470 2229 ἐρεπτόμενοι
484 2151 686 2232 ἐλεόθρεπτόν
700 2175 733 2214 τε
748 2149 873 2216 σέλινον

168 2253 309 2317 ἕστασαν·
332 2254 448 2334 ἅρματα
463 2254 488 2317 δ’
505 2253 538 2317 εὖ
551 2253 768 2333 πεπυκασμένα
782 2259 863 2318 κεῖτο
878 2254 1013 2319 ἀνάκτων

167 2359 199 2418 ἐν
213 2359 344 2443 κλισίῃς·
368 2359 398 2422 οἰ
413 2357 438 2421 δ’
455 2357 550 2440 ἀρχὸν
566 2357 731 2439 ἀρηίφιλον
746 2358 907 2426 ποθέοντες

166 2461 280 2538 φοίτων
295 2461 369 2525 ἔνθα
383 2461 432 2524 καὶ
448 2461 521 2526 ἔνθα
536 2465 611 2525 κατδ
627 2461 757 2543 στρατδν
775 2462 834 2526 οὐδ’
852 2462 1010 2546 ἐμάχοντο.

208 2566 248 2626 Οἱ
264 2563 288 2626 δ’
305 2563 350 2645 ἀρ’
367 2566 439 2628 ίσαν
453 2563 493 2628 ὦς
509 2566 538 2628 εί
551 2589 585 2628 τε
600 2566 670 2644 πυρὶ
685 2566 770 2647 χθὼν
785 2569 870 2629 πῖισα
885 2566 1014 2646 νέμοιτο·
1063 2583 1109 2642 780

164 2671 236 2747 γαῖα
251 2667 276 2729 δ’
292 2665 510 2749 ὑπεστενάχιζε
527 2668 579 2730 Διί
596 2669 635 2734 δς
651 2669 869 2753 τερπικεραύνῳ

163 2768 319 2854 χωομένῳ,
335 2770 386 2834 ὅτε
400 2769 426 2831 τ’
443 2770 521 2849 ἀμφὶ
536 2769 659 2850 Τυφωέϊ
674 2775 764 2852 γαῖαν
784 2771 900 2858 ἱμάσσῃ

164 2875 211 2937 εῖν
224 2872 369 2952 Ἀρίμοις,
387 2872 436 2934 ὄθι
451 2872 531 2952 φασὶ
545 2871 692 2952 Τυφωέος
707 2873 831 2953 ἔμμεναι
847 2873 942 2941 εὐνάς·

165 2977 205 3040 ὣς
219 2974 277 3054 άρα
291 2979 351 3040 τῶν
364 2974 423 3038 ὑπὸ
437 2976 534 3040 ποσσὶ
549 2975 628 3057 μέγα
643 2977 838 3060 στεναχίζετο
850 2983 926 3060 Δγαῖα

164 3077 345 3160 ἐρχομένων·
367 3077 451 3156 μάλα
465 3077 490 3142 δ’
507 3075 569 3142 ιδκα
584 3077 770 3160 διέπρησσον
785 3082 910 3147 πεδίοιο.
1063 3097 1110 3160 785

207 3181 329 3260 Τρωσὶν
343 3180 368 3243 δ’
385 3180 516 3263 ἄγγελος
532 3180 608 3260 ήλθε
623 3181 790 3262 ποδήνεμος
806 3183 884 3247 ὠκέα
896 3183 971 3266 Ἰρις

164 3285 225 3362 πὰρ
242 3283 315 3349 Διὸς
330 3284 483 3367 αἰγιόχοιο
499 3285 556 3348 σὺν
571 3285 698 3371 ἀγγελίῃ
716 3287 820 3368 ἀλεγει
839 3287 868 3370 s·

164 3388 195 3446 οἱ
209 3385 234 3448 δ’
250 3386 363 3469 ἀγορδς
379 3388 525 3470 ἀγόρευον
540 3390 590 3452 ἐπὶ
606 3387 757 3468 Πριάμοιο
772 3312 880 3506 06an

164 3487 273 3554 πάντες
288 3489 459 3572 ὁμηγερέες,
477 3491 551 3570 ήμέν
566 3492 630 3554 νέοι
644 3491 696 3569 ἠδὲ
709 3489 857 3578 γέροντες·

163 3593 260 3673 ἀγχοῦ
275 3592 299 3656 δ’
318 3593 464 3673 ἱσταμένη
481 3593 622 3676 προσέφη
639 3595 734 3658 πόδας
750 3594 828 3657 ὠκέα
839 3594 922 3676 Ἶρις·
1061 3621 1109 3673 790

164 3696 266 3756 εἴσατο
282 3697 315 3758 δέ
327 3696 470 3780 φθογγὴν
485 3698 527 3760 υἰι·
542 3697 693 3777 Πριάμοιο
710 3699 839 3782 Πολίτῃ,
