2758 4228
245 307 308 390 918
647 307 793 368 nMNol.

243 475 315 559 ήρά
331 477 365 540 κέ
379 477 424 543 τίς
440 503 476 540 σε
493 479 597 541 ίδοῦσα
612 482 761 560 γυναικῶν
777 473 968 556 θηλυτεράων

244 580 387 659 ζηλόσαι·
409 580 486 643 τόσα
502 579 553 645 κέν
568 605 614 644 τοι
631 583 690 644 ἀπδ
705 578 868 662 θρεπτήρια
881 578 975 657 δοίην.

287 684 352 761 Τὴν
366 684 391 748 δ’
407 684 477 748 αὖτε
492 683 672 765 προσέειπεν
688 685 877 764 ἐϋστέφανος
894 680 1048 763 Δημήτηρ·

244 789 294 852 καὶ
309 787 358 865 σύ,
373 788 471 870 γύναι,
485 785 569 866 μάλα
583 793 680 870 χαῖρε,
692 789 755 851 θεοὶ
771 786 805 851 δέ
820 813 867 850 τοι
883 789 980 851 ἐσθλά
994 785 1125 865 πόροιεν.
1147 809 1196 859 225

244 895 337 955 παῖδα
353 889 385 953 δέ
400 916 447 954 τοι
462 892 607 972 πρόφρων
621 889 871 972 ὑποδέξομαι,τῶς
885 915 925 970 με
936 888 1083 955 κελεύεις·

245 993 356 1076 θρέψω,
374 995 426 1058 κού
439 1021 492 1075 μιν
508 995 605 1057 ἔολπα
621 995 844 1080 κακοφραδίῃσι.
854 991 976 1072 τιθήνης

245 1097 305 1161 οὔτ’
321 1096 366 1180 ἀρ’
383 1099 533 1178 ἐπηλυσίη
549 1095 717 1177 δηλήσεται
731 1097 795 1161 οὔθ’
810 1097 990 1176 ύποταμνόν·

244 1202 310 1266 οἶδα
325 1205 382 1284 γδρ
398 1203 556 1281 ἀντίτομον
570 1200 650 1283 μέγα
665 1200 811 1283 φέρτερον
825 1201 998 1278 ὑλοτόμοιο,

244 1305 310 1369 οἶδα
326 1306 351 1369 δ’
367 1306 533 1383 ἐπηλυσίης
548 1302 761 1383 πολυπήμονος
777 1303 890 1369 ἐσθλὸν
905 1303 1043 1384 ἐρυσμόν.

281 1407 345 1474 Ὣς
362 1408 419 1490 ἀρα
435 1407 607 1487 φωνήσασα
622 1407 729 1472 θυιύδεϊ
743 1405 851 1486 δέξατο
866 1408 969 1490 κόλπῳ

243 1513 351 1594 χερσίν
366 1510 391 1573 τ’
407 1505 586 1597 ἀθανάτῃσι·
607 1509 731 1593 γεγήθει
747 1513 779 1574 δέ
794 1511 892 1592 φρένα
906 1508 1011 1590 μήτηρ.

245 1617 285 1682 ὣς
299 1615 318 1695 ἡ
333 1617 388 1694 μὲν
404 1618 532 1678 Κελεοῖο
547 1611 711 1695 δαΐφρονος
727 1615 844 1694 ἀγλαὸν
859 1613 934 1690 υίόν,

245 1714 507 1798 Δημοφόωνθ’,δν
522 1717 635 1780 ἔτικτεν
647 1713 772 1794 ἐύζωνος
788 1715 969 1798 Μετάνειρα,

246 1823 371 1904 ἔτρεφεν
387 1823 421 1886 ἐν
435 1818 586 1903 μεγάροις·
609 1821 625 1883 ὁ
641 1819 666 1884 δ’
682 1819 787 1900 ἀέξετο
803 1820 921 1899 δαίμονι
935 1820 1013 1896 ίσος,

246 1923 307 1989 οὔτ’
324 1925 376 1989 οὖν
392 1929 478 1989 σῖτον
496 1924 579 2004 ἔδων,
596 1925 629 1988 οὐ
644 1923 814 2003 θησάμενος

767 2026 912 2109 Λανάτου

219 2139 220 2143 ’
247 2128 364 2216 χρίεσκ’
379 2133 533 2218 ἀμβροσίη
550 2130 589 2198 ὧς
606 2133 632 2196 εί
648 2136 717 2195 θεοῦ
732 2133 912 2214 ἐκγεγαῶτα,

245 2236 301 2316 ἡδὺ
317 2235 535 2300 καταπνείουσα
551 2231 599 2298 καὶ
615 2238 648 2300 ἐν
664 2234 826 2298 κόλποισιν
842 2235 966 2317 ἔχουσα·

246 2340 352 2406 νύκτας
368 2342 400 2402 δὲ
415 2337 582 2420 κρύπτεσκε
597 2338 688 2419 πυρὸς
703 2336 785 2418 μένει
801 2335 871 2417 ἠύτε
886 2339 989 2414 δαλόν,

245 2441 344 2525 λάθρα
359 2443 459 2518 φίλων
474 2440 596 2523 γονέων·
619 2447 681 2507 τοῖς
698 2442 730 2504 δέ
744 2439 823 2523 μέγα
840 2439 925 2520 θαῦμ’
941 2440 1077 2506 ἐτέτυκτο

248 2547 286 2612 ὡς
302 2543 456 2627 προθαλὴς
472 2542 644 2622 τελέθεσκε,
660 2549 759 2608 θεοῖσι
774 2547 806 2607 δὲ
821 2543 896 2608 ἀντα
908 2541 1006 2628 ἐῴκει.

248 2651 298 2713 καί
314 2647 361 2713 κέν
375 2672 427 2728 μιν
443 2650 572 2726 ποίησεν
587 2646 706 2729 ἀγήρων
721 2646 747 2711 τ’
764 2648 914 2714 ἀθάνατόν
929 2673 973 2726 τε,

247 2755 274 2817 εί
289 2752 329 2831 μὴ
346 2751 392 2832 ἀρ’
407 2752 593 2838 ἀφραδίῃσιν
608 2748 732 2828 ἐύζωνος
748 2749 918 2832 Μετάνειρα

247 2854 552 2936 νύκτ’,ἐπιτηρήσασο
566 2855 695 2921 θυώδεος
710 2856 743 2918 έκ
759 2854 907 2936 θαλάμοιο

248 2959 395 3040 σκέψατο·
420 2957 554 3023 κώκυσεν
569 2960 601 3022 δέ
618 2960 667 3022 καὶ
686 2958 776 3040 ἄμφω
793 2956 931 3037 πλήξατο
948 2958 1030 3040 μηρὼ

247 3061 365 3126 δείσασ’
382 3059 405 3147 ᾦ
421 3064 489 3144 περὶ
505 3064 590 3127 παιδὶ
606 3060 654 3127 καί
670 3061 769 3139 ἀάσθη
784 3062 862 3145 μέγα
878 3064 969 3146 θυμῷ,

248 3166 299 3229 καί
310 3165 338 3248 ῥ’
352 3167 562 3248 ὀλοφυρομένη
578 3167 652 3230 ἔπεα
667 3167 830 3248 πτερόεντα
845 3166 1009 3248 προσηύδα·

289 3265 402 3334 Τέκνον
419 3268 605 3351 Δημοφόων,
621 3267 703 3348 ξείνη
719 3295 758 3334 σε
771 3267 841 3351 πυρί
856 3270 901 3336 ἔνι
916 3270 1024 3355 πολλῷ

282 3473 328 3524 τιό
353 3475 389 3524 ita
411 3475 560 3540 interpunxit
582 3475 681 3528 Monro.
778 3478 824 3526 228
854 3474 984 3538 ἐπηλσίησι
1005 3475 1049 3537 Μ;
1077 3475 1197 3538 ἐπηλυσίη

248 3552 378 3604 Ruhnken.
474 3553 521 3616 236
538 3554 627 3604 lacuna
646 3570 662 3604 a
683 3553 880 3604 Mitscherlichio
900 3559 1009 3615 ποιοίη
1033 3569 1130 3604 versum
1148 3554 1196 3616 236

247 3631 356 3696 explevit
367 3631 495 3680 Hermann
506 3631 587 3681 verbis
598 3629 665 3694 γάλα
675 3630 769 3696 μητρός.
856 3639 902 3695 257
919 3629 986 3680 ἀλλά
997 3649 1038 3694 μιν
1048 3631 1137 3696 ἠματίη
1149 3631 1196 3693 μέν

248 3707 396 3775 ἐυστέφανος
407 3707 488 3773 suppl.
501 3707 574 3761 Stoll.
677 3749 680 3757 .
1062 3743 1064 3750 .
1127 3737 1130 3750 ·
