2738 4226
252 305 312 368 216
574 324 621 369 11.
647 310 816 370 ΙΛΙΑΔΟΣ
841 311 875 370 Λ.

250 477 297 538 καὶ
312 473 420 554 βάλεν,
437 473 498 552 οόδ’
514 475 571 558 ἀρα
584 500 637 558 μιν
652 477 741 542 ἀλιον
755 476 851 558 βέλος
867 479 979 560 ἔκφυγε
994 477 1104 560 χειρός,

250 578 361 658 ταρσὸν
376 577 537 662 δεξιτεροῖο
552 579 653 648 ποδός·
676 583 726 646 διὰ
740 579 767 644 δ’
783 582 913 662 ἀμπερές
929 580 973 646 ίδς

250 685 282 744 έν
297 683 366 769 γαίῃ
383 681 560 763 κατέπηκτο·
584 685 601 748 ὁ
616 687 649 748 δέ
663 683 747 764 μάλα
760 683 816 761 ἡδὺ
830 683 989 766 γελάσσας

251 788 282 847 ἐκ
297 787 394 869 λόχου
409 786 569 868 ἀμπήδησε
585 789 633 852 καὶ
650 787 811 870 εὐχόμενος
827 787 899 855 έπος
913 787 996 865 ηὔδα·

250 895 268 922 “
278 887 423 969 βέβληαι,
435 887 496 953 οὐδ’
509 890 598 954 όλιον
612 889 709 969 βέλος
724 893 865 972 ἔκφυγεν·
887 889 927 956 ὣς
943 890 1058 976 ὄφελόν
1073 912 1119 952 τοι
1143 899 1194 958 ,ιὸο

249 993 367 1058 νείατον
382 994 412 1059 ές
427 999 557 1060 κενεῶνα
571 994 680 1074 βαλὼν
695 995 729 1058 ἐκ
745 992 838 1073 θυμὸν
853 993 990 1058 ἑλέσθαι.

248 1097 323 1158 οὕτω
340 1122 390 1160 κεν
406 1097 454 1159 καὶ
468 1101 568 1176 Τρῶες
585 1095 773 1162 ἀνέπνευσαν
788 1097 961 1174 κακότητος,

248 1201 279 1263 οί
292 1197 325 1260 τέ
341 1225 378 1262 σε
393 1200 559 1281 πεφρίκασι
573 1197 674 1264 λέονθ’
692 1201 731 1266 ὡς
745 1199 875 1280 μηκάδες
891 1194 1008 1282 αῖγες·”

290 1302 352 1364 Τὸν
367 1299 393 1365 δ’
409 1301 443 1363 οά
459 1300 617 1382 ταρβήσας
632 1302 773 1385 προσέφη
790 1302 930 1384 κρατερὸς
946 1298 1108 1378 Διομήδης·

250 1416 268 1440 “
278 1403 394 1483 τοξότα,
409 1403 563 1486 λωβητήρ,
580 1405 663 1486 κέραι
679 1404 786 1488 ἀγλαέ,
803 1409 1023 1487 παρθενοπῖπα,
1145 1414 1194 1475 385

249 1511 275 1570 εἰ
290 1509 395 1592 μὲνδὴ
413 1510 552 1588 ἀντίβιον
568 1509 626 1574 σὺν
640 1509 764 1592 τείχεσι
779 1509 960 1590 πειρηθείης,

250 1612 300 1676 οὐκ
316 1612 353 1676 ἀν
369 1637 415 1676 τοι
430 1613 601 1698 χραίσμῃσι
617 1611 687 1692 βιδς
703 1613 752 1676 καὶ
768 1618 897 1693 ταρφέες
913 1614 963 1676 ἀοί·

249 1721 301 1778 νῖν
316 1712 348 1778 δέ
362 1713 393 1793 μ’
409 1715 582 1798 ἐπιγράψας
596 1714 710 1794 ταρσὸν
725 1714 817 1780 ποδὸς
833 1715 936 1798 εὔχεαι
951 1714 1054 1780 οὕτως.

250 1817 300 1880 οὐκ
317 1816 426 1899 ἀλέγω,
445 1818 483 1883 ὥς
499 1819 529 1882 εί
539 1843 578 1897 με
592 1818 666 1899 γυνη
682 1817 779 1896 βάλοι
794 1814 812 1894 ἢ
828 1815 899 1884 πάἳς
914 1817 1030 1897 ὀφρων·

250 1919 352 2000 κωφὸν
366 1923 423 2001 γὰρ
439 1919 533 1999 βέλος
549 1920 655 2001 ἀνδρὸς
671 1918 833 1986 ἀνάλκιδος
848 1919 1027 1984 οὐτιδανοῖο.
1142 1943 1196 1994 ¹390

249 2021 267 2100 ἦ
282 2021 308 2084 τ’
324 2023 425 2088 ἄλλως
441 2022 492 2087 ὑπ’
508 2025 601 2101 ἐμεῖο,
619 2024 667 2087 καὶ
684 2025 713 2088 εί
728 2020 753 2086 κ’
769 2023 876 2106 ὀλίγον
891 2047 947 2104 περ
963 2021 1084 2106 ἐπαύρῃ,

248 2124 302 2204 ὀξὺ
316 2125 411 2204 βέλος
426 2126 562 2198 πέλεται,
579 2127 628 2190 καὶ
644 2125 767 2207 ἀκήριον
782 2127 862 2208 αἶψα
876 2127 987 2202 τίθησι.

248 2235 301 2291 τοῦ
315 2231 347 2292 δέ
362 2229 502 2311 γυναικὸς
516 2228 572 2308 μέν
587 2226 614 2292 τ’
630 2229 820 2309 ἀμφίδρυφοί
834 2230 895 2292 εάσι
910 2229 1040 2309 παρειαί,

248 2332 353 2398 παῖδές
368 2328 394 2394 τ’
411 2332 580 2412 ὀρφανικοί·
604 2332 621 2394 ό
637 2330 670 2394 δέ
686 2329 714 2393 θ’
731 2332 834 2408 αἵματι
849 2335 940 2412 γαῖαν
956 2332 1083 2412 ἐρεύθων

249 2435 382 2516 πύθεται,
399 2434 499 2497 οἰωνοὶ
514 2435 547 2496 δέ
562 2434 631 2513 περὶ
647 2431 740 2498 πλέες
754 2432 789 2511 ἠέ
803 2430 971 2514 γυναῖκες.”
1146 2460 1195 2512 ,395

285 2538 348 2620 Ὣς
362 2535 455 2617 φοίτα,
470 2540 523 2612 τοῦ
538 2532 564 2600 δ’
577 2533 722 2601 Ὀδυσεὺς
737 2536 930 2616 δουρικλυτὸς
945 2536 1071 2618 έγγόθεν
1087 2538 1187 2600 ἐλθὼν

249 2642 322 2718 ἔστη
338 2638 456 2720 πρόσθ’·
479 2640 497 2702 ὁ
511 2637 537 2702 δ’
554 2641 663 2703 ὄπισθε
679 2638 876 2715 καθεζόμενος
890 2637 987 2718 βέλος
1003 2639 1062 2702 ὀκὺ

249 2748 282 2808 έκ
298 2742 390 2809 ποδὸς
405 2738 478 2820 ἕλκ’,
493 2741 582 2820 ὀδύνη
598 2744 631 2808 δέ
647 2743 697 2806 διδ
711 2740 802 2823 χροὸς
818 2739 885 2820 ἦλθ’
903 2740 1056 2822 ἀλεγεινή.

250 2850 280 2912 ἐς
294 2848 402 2929 δίφρον
418 2844 443 2910 δ’
459 2847 616 2927 ἀνόρουσε,
633 2846 683 2908 καὶ
697 2844 811 2929 ἡνιόχῳ
827 2843 975 2909 ἐπέτελλε

249 2952 356 3027 νηυσὶν
371 2950 421 3013 ἐπι
436 2950 631 3033 γλαφυρῇσιν
647 2945 819 3026 ἐλαυνέμεν·
843 2945 955 3029 ἤχθετο
970 2949 1027 3028 γάρ
1044 2950 1108 3027 κῆρ.
1147 2976 1197 3019 400

291 3052 394 3129 Οίόθη
411 3050 435 3114 δ’
452 3051 600 3116 Ὀδυσεὺς
614 3050 815 3131 δουρικλυτός,
833 3049 902 3114 οὐδέ
917 3075 962 3116 τις
978 3050 1056 3134 αὐτῷ

248 3156 393 3238 Ἀργείων
409 3153 596 3236 παρέμεινεν,
613 3154 679 3218 ἐπεὶ
698 3153 800 3234 φόβας
816 3151 934 3232 έλλαβε
950 3152 1074 3218 πάντας·

250 3256 387 3340 ὀχθήσας
402 3255 426 3320 δ’
444 3256 501 3336 ἀρα
514 3256 583 3322 εῖπε
597 3254 671 3336 πρὸς
688 3253 723 3320 δν
738 3252 931 3338 μεγαλήτορα
945 3255 1048 3335 θυμόν·

252 3361 303 3423 “ὤ
318 3385 370 3438 μοι
386 3359 455 3441 ἐγό,
472 3359 503 3421 τί
516 3357 626 3434 πόθος
649 3358 728 3441 μέγα
742 3362 798 3438 μέν
814 3359 904 3425 κακὸν
920 3361 953 3424 αί
967 3383 1000 3423 κε
1016 3357 1160 3438 φέβωμαι

251 3462 369 3541 πληθὺν
384 3459 551 3542 ταρβήσας·
574 3460 608 3526 τὸ
623 3461 656 3525 δὲ
670 3463 768 3543 ῥίγιον
783 3463 817 3526 αἵ
831 3487 882 3526 κεν
897 3460 986 3524 ἀλόω
1147 3487 1199 3539 40⁵

250 3570 368 3644 μοῦνος·
392 3563 460 3630 τοὺς
476 3564 500 3626 δ’
517 3563 631 3629 ἀλλους
647 3562 784 3628 Δαναοὺς
799 3563 941 3643 ἐφόβησε
959 3563 1102 3644 Κρονίων.

253 3670 335 3731 ἀλλά
349 3669 397 3747 τίη
412 3692 464 3747 μοι
479 3671 572 3730 ταῦτα
586 3669 678 3746 φίλος
694 3663 850 3742 διελέξατο
866 3665 979 3742 θυμόςς
