2834 4234
480 386 529 431 10.
552 372 788 434 ολτννυιιν
816 375 850 438 ιι.
1082 375 1144 456 673

232 538 295 606 Ὣς
310 539 408 621 ἔφατ’,
424 537 517 619 αύτάρ
532 541 590 621 ἐγώ
606 567 642 621 γε
656 543 732 619 μετὰ
748 540 840 621 φρεσὶ
855 541 1028 623 μερμήριξα,

196 643 415 723 σπασσάμενος
430 643 573 722 τανύηκες
588 643 643 724 ἆορ
658 645 771 727 παχέος
786 643 867 726 παρὰ
880 652 985 724 μηροῦ,

195 747 236 830 τῷ
253 747 281 810 οἶ
297 744 471 826 ἀποτμήξας
487 745 625 826 κεφαλήν
641 745 770 810 οὖδάσδε
788 746 951 826 πελάσσαι,
1094 747 1148 826 440v

197 850 245 913 καὶ
260 852 326 935 πηῷ
342 875 397 930 περ
414 850 494 914 ἐόντι
508 848 591 930 μάλα
607 851 728 933 σχεδόν·
761 849 842 913 ἀλλά
856 850 887 930 μ’
903 855 1014 933 ἑταῖροι

195 954 360 1037 μειλιχίοις
376 952 522 1017 ἐπέεσσιν
536 951 659 1033 ἐρήτυον
674 952 807 1018 ἀλλοθεν
822 953 926 1020 ἄλλος·

240 1061 261 1092 “
271 1055 426 1136 Διογενές,
443 1061 547 1120 τοῦτον
561 1057 618 1135 μὲν
632 1057 770 1136 ἐάσομεν,
788 1059 815 1120 εί
831 1057 869 1120 σὺ
885 1057 1026 1134 κελεύεις,

197 1160 287 1223 αὐτοῦ
301 1163 362 1242 πδρ
379 1158 428 1237 νηί
442 1186 476 1224 τε
490 1158 589 1240 μένειν
607 1159 654 1224 καί
669 1163 726 1238 νῆα
742 1162 874 1242 ἔρυσθαι·

196 1265 267 1346 ἡμῖν
282 1265 308 1329 δ’
323 1264 479 1346 ἡγεμόνευ’
496 1267 561 1345 ίερδ
576 1270 650 1345 πρὸς
665 1265 786 1336 δώματα
802 1263 942 1346 Κίρκης.”
1094 1293 1144 1343 445

234 1367 298 1435 Ὣς
313 1367 444 1448 φάμενοι
459 1366 540 1450 παρὰ
556 1367 626 1446 νηὸς
642 1367 747 1446 ἆνήϊον
761 1368 814 1447 ήδέ
829 1367 1000 1449 θαλάσσης.

198 1474 266 1538 ούδέ
280 1476 337 1553 μὲν
352 1471 525 1554 Εὐρύλοχος
542 1472 629 1558 κοίλῃ
645 1470 726 1554 παρὰ
744 1471 793 1550 νηὶ
807 1472 962 1549 λέλειπτο,

198 1577 268 1640 ἀλλ’
284 1575 375 1640 ἕπετ’·
408 1576 526 1640 ἔδεισεν
543 1577 600 1656 γάρ
617 1575 692 1654 ἐμὴν
707 1575 861 1656 ἔκπαγλον
876 1574 990 1654 ἐνιπήν.

242 1682 351 1760 Τόφρα
366 1681 399 1743 δέ
415 1678 484 1745 τοὺς
499 1679 614 1745 ἄλλους
630 1677 753 1761 ἑτάρους
770 1681 802 1742 ἐν
818 1680 935 1758 δώμασι
952 1681 1045 1761 Κίρκη

199 1781 343 1847 ἐνδυκέως
358 1780 470 1845 λοῦσέν
485 1807 518 1845 τε
535 1778 583 1844 καὶ
599 1782 722 1863 ἔχρισεν
737 1781 801 1846 λίπ’
817 1783 918 1865 ἐλαίῳ,
1096 1810 1146 1858 450

199 1887 278 1967 ἀμφὶ
293 1885 319 1949 δ’
334 1885 391 1966 ἄρα
406 1887 535 1967 χλαίνας
551 1884 644 1949 ούλας
658 1883 758 1964 βάλεν
771 1884 824 1962 ἠδὲ
840 1891 979 1966 χιτῶνας·

200 1987 391 2066 δαινυμένους
406 1987 431 2050 δ’
447 1987 480 2051 εύ
495 1985 610 2052 πάντας
625 1987 791 2068 ἐφεύρομεν
807 1990 840 2051 ἐν
854 1987 1042 2070 μεγάροισιν.

151 2089 161 2106 ’
199 2093 229 2155 οἱ
245 2091 270 2155 δ’
287 2087 352 2154 ἐπεὶ
367 2089 522 2168 ἀλλήλους
538 2090 618 2154 εἶδον
632 2089 815 2172 φράσσαντό
829 2091 854 2154 τ’
871 2090 992 2169 ἐσάντα,

201 2198 306 2259 κλαῖον
321 2193 506 2274 ὀδυρόμενοι,
522 2195 591 2274 περὶ
609 2196 643 2257 δέ
659 2194 853 2276 στεναχίζετο
868 2199 959 2272 δῶμα.

199 2297 218 2376 ἡ
236 2299 269 2362 δέ
282 2324 336 2374 μευ
352 2297 424 2380 άγχι
440 2301 540 2360 στᾶσα
555 2298 710 2378 προσηύδα
726 2302 775 2361 δῖα
791 2297 897 2362 θεάων·
1100 2327 1148 2375 455

246 2408 265 2438 “
276 2401 435 2484 [Διογενὲς
453 2399 631 2482 Λαερτιάδη,
646 2398 835 2481 πολυμήχαν’
850 2395 1027 2487 Ὀδυσσεῢ,]

200 2503 306 2585 μηκέτι
321 2509 374 2568 νῦν
390 2503 518 2584 θαλερὸν
533 2503 606 2585 γόον
622 2505 736 2583 ὄρνυτε·
769 2503 836 2567 οἴδα
852 2504 900 2567 καὶ
915 2503 988 2582 αὐτὴ

201 2607 276 2687 ἠμὲν
291 2606 339 2668 ἀπ’
354 2609 388 2670 ἐν
404 2607 503 2690 πόντῳ
519 2604 623 2672 πάθετ’
639 2606 734 2687 ἀλγεα
751 2608 910 2689 ἰχθυόεντι,

201 2710 247 2788 ἠδ’
263 2710 311 2772 ὅσ’
326 2710 465 2792 ἀνάρσιοι
480 2709 586 2790 ἄνδρες
602 2707 782 2789 ἐδηλήσαντ’
798 2707 846 2774 ἐπὶ
861 2709 984 2793 χέρσου.

202 2814 272 2878 ἀλλ’
287 2813 369 2896 ἄγετ’
385 2814 505 2878 ἐσθίετε
519 2814 646 2894 βρώμην
662 2812 709 2878 καὶ
725 2815 827 2879 πίνετε
841 2814 933 2891 οἶνον,
1099 2827 1149 2891 460

203 2920 245 2985 είς
261 2919 279 2980 ό
295 2944 346 2982 κεν
361 2917 442 2984 αύτις
458 2921 552 2996 θυμὸν
565 2918 610 2981 ἐνὶ
627 2914 775 2996 στήθεσσι
790 2916 919 2998 λάβητε,

203 3022 268 3084 οἷον
283 3022 333 3084 ὅτε
349 3021 519 3102 πρώτιστον
533 3021 672 3084 ἐλείπετε
687 3021 815 3100 πατρίδα
829 3025 919 3103 γαῖαν

203 3126 344 3206 τρηχείης
358 3123 485 3204 Ἰθάκης·
515 3127 569 3188 νῦν
584 3123 609 3186 δ’
625 3122 767 3189 ἀσκελέες
782 3121 831 3188 καὶ
845 3123 963 3206 ἀθυμοι,

205 3229 269 3291 αίέν
285 3226 363 3307 άλης
377 3229 517 3310 χαλεπῆς
532 3227 722 3308 μεμνημένοι·
756 3228 824 3294 ούδέ
837 3228 905 3293 ποθ’
919 3231 990 3310 ύμῖν

204 3331 296 3411 θυμὸς
310 3333 345 3396 ἐν
360 3331 539 3418 εὐφροσύνῃ,
555 3332 621 3394 ἐπεὶ
637 3329 655 3409 ή
670 3331 754 3411 μάλα
769 3331 874 3395 πολλὰ
888 3331 1055 3396 πέπασθε.”
1101 3336 1149 3408 4δ5

242 3433 305 3500 Ὠς
321 3434 420 3516 ἔφαθ’,
435 3434 506 3515 ἡμῖν
521 3434 547 3499 δ’
564 3433 626 3498 αὖτ’
642 3435 817 3498 ἐπεπείθετο
833 3436 924 3516 θυμὸς
939 3434 1068 3518 ἀγήνωρ.

205 3539 278 3601 ἔνθα
292 3540 347 3619 μέν
361 3535 459 3618 ἤματα
473 3535 572 3603 πάντα
586 3537 777 3618 τελεσφόρον
792 3540 835 3605 εἰς
851 3541 986 3604 ἐνιαυτὸν

204 3641 310 3721 ἥμεθα,
327 3640 496 3721 δαινύμενοι
512 3640 583 3723 κρέα
597 3641 623 3705 τ’
638 3640 757 3705 ἄσπετα
773 3642 821 3703 καὶ
835 3639 908 3721 μέθυ
922 3641 985 3722 ἡδύ·

206 3745 278 3808 ἀλλ’
294 3745 345 3809 ὅτε
360 3743 396 3823 δή
412 3744 438 3827 ῤ’
454 3746 586 3812 ἐνιαυτὸς
601 3744 664 3823 ἔην,
678 3745 748 3826 περὶ
763 3744 788 3809 δ’
804 3744 933 3830 ἔτραπον
948 3749 1031 3829 ὧροι,

668 3863 687 3912 Ζ
