2760 4232
567 309 732 369 ΝΟΣΤΟΙ.

640 516 667 559 1.

180 637 350 722 Θησείδῃσι
366 637 397 698 δὲ
415 641 493 718 δῶρα
509 635 582 715 πόρε
599 636 702 714 κρείων
716 634 912 717 Ἀγαμέμνων

178 741 229 819 ἠδὲ
247 741 406 817 Μενεσθῆἴ
420 738 603 821 μεγαλήτορι
618 737 735 816 πόιμένι
751 744 843 803 λαῶν.
936 740 939 745 ’

534 858 618 909 Schol.
631 857 688 906 vat.
701 865 725 907 et
736 858 816 922 Neap.
831 859 864 906 ad
875 859 932 906 Eur.
946 859 1037 908 Troad.
1051 873 1089 921 31.

634 1030 663 1076 2.

178 1141 237 1222 Ἐξ
250 1143 356 1224 ὀλίγον
373 1144 480 1222 διαβὰς
497 1142 640 1226 προφόριρ
657 1142 738 1218 ποδί,
754 1137 823 1221 ὄφρ’
838 1142 867 1202 οἱ
885 1145 955 1222 γυῖα

181 1248 338 1325 τεινόμενα
352 1247 459 1328 ῥαίοιτο
475 1242 523 1308 καὶ
540 1245 678 1310 εὐσθενὲς
694 1245 772 1311 εἶδος
788 1245 888 1332 έχησι.
942 1261 943 1264 ’

329 1367 445 1416 Diomed.
461 1383 486 1430 p.
499 1376 547 1429 473
560 1366 658 1415 Putsch.
672 1365 798 1430 [Gramm.
810 1365 866 1413 Lat.
882 1365 898 1412 i.
912 1381 935 1428 p.
953 1377 1001 1427 477
1014 1363 1095 1424 Keil]

183 1639 278 1704 Αὐτὸς
293 1639 350 1721 γάρ
368 1647 445 1720 σφιν
460 1640 552 1703 ἔδωκε
567 1640 665 1721 πατὴρ
684 1635 787 1728 [γέρα]
804 1637 1013 1721 Ἐννοσίγαιος

183 1741 373 1822 ἀμφοτέροις,
390 1743 491 1825 έτερον
507 1743 532 1806 δ’
549 1744 651 1823 ἑτέρου
666 1743 776 1807 κυδίον’
792 1742 890 1820 ἔθηκε·

182 1847 225 1931 τῷ
237 1849 293 1925 μὲν
308 1845 490 1928 κουφοτέρας
505 1851 610 1929 χεῖρας
623 1846 717 1926 πόρεν
733 1847 766 1909 ἔκ
781 1870 815 1908 τε
829 1845 967 1926 βέλεμνα

183 1949 295 2030 σαρκὸς
310 1952 392 2012 έλεῖν
408 1949 520 2028 τμήξαί
532 1975 566 2013 τε
582 1947 631 2013 καὶ
647 1949 738 2013 έλκεα
754 1947 840 2013 πάντ’
855 1947 1032 2026 ἀκέσασθαι,

183 2054 223 2139 τῷ
236 2050 262 2116 δ’
277 2050 322 2133 ἄρ’
338 2055 465 2133 ἆκριβέα
480 2052 578 2118 πάντα
594 2055 639 2117 ένὶ
656 2052 825 2132 στήθεσσιν
840 2054 947 2132 έθηκεν

184 2157 305 2222 ἄσκοπά
319 2182 353 2220 τε
367 2161 480 2240 γνῶναι
497 2154 544 2221 καὶ
564 2156 694 2220 ιἰνολθέα
711 2157 866 2237 ἰήσασθαι·

184 2261 217 2326 ὅς
231 2263 269 2342 ῥα
286 2261 334 2323 καὶ
350 2262 478 2326 Αἴαντος
493 2267 609 2341 πρῶτος
623 2259 701 2339 μάθε
715 2262 881 2343 χωομένοιο

186 2364 303 2444 ὄμματά
319 2363 344 2426 τ’
359 2363 570 2448 ἀστράπτοντα
585 2365 791 2445 βαρυνόμενόν
805 2392 838 2429 τε
854 2366 957 2442 νόημα.

455 2483 538 2532 Schol.
551 2484 615 2533 Ven.
627 2485 655 2534 B.
668 2485 732 2534 vict.
746 2485 813 2548 Lips.
827 2486 859 2533 ad
872 2484 950 2534 Hom.
958 2485 988 2533 11.
1001 2490 1028 2534 Δ.
1043 2499 1099 2548 515.

456 2566 568 2616 Eustath.
581 2581 605 2630 p.
618 2569 676 2630 859,
687 2581 717 2631 41
732 2582 784 2632 sqq.
796 2568 871 2616 Rom.

578 2825 742 2885 ΝΟΣΤΟΙ.

232 2965 381 3031 Συνάπτει
397 2969 429 3030 δὲ
444 2966 560 3032 τούτοις
582 2965 618 3030 τὰ
634 2973 693 3030 τῶν
710 2969 840 3032 Νόστων
857 2969 970 3049 βιβλία
991 2968 1015 3033 ε’
1030 2968 1135 3052 Ἀγίου

101 3099 103 3103 ’
131 3097 132 3100 ’
188 3071 375 3151 Τροιζηνίου,
396 3070 576 3153 περιέχοντα
597 3069 677 3134 τάδε.
721 3071 837 3150 Ἀθηνᾶ
854 3071 1063 3154 Ἀγαμέμνονα
1086 3077 1134 3138 καὶ

190 3172 349 3238 Μενέλαον
372 3176 415 3240 είς
438 3175 500 3255 ἔριν
524 3176 685 3252 καθίστησι
706 3172 774 3256 περὶ
800 3179 852 3237 τοῦ
879 3176 999 3241 ἔκπλου.
1043 3174 1134 3259 Ἀγα-

188 3279 308 3357 μέμνων
333 3279 389 3358 μὲν
415 3277 467 3341 οὖν
493 3278 546 3341 τὸν
569 3282 622 3356 τῆς
643 3276 774 3355 Ἀθηνᾶς
797 3277 1014 3357 ἐξιλασάμενος
1036 3281 1134 3363 χόλον

189 3380 333 3459 ἐπιμένει,
357 3380 509 3461 Διομήδης
532 3383 564 3445 δὲ
585 3383 635 3444 καὶ
656 3381 785 3463 Νέστωρ
811 3381 993 3465 ἀναχθέντες
1016 3385 1058 3448 είς
1080 3384 1134 3462 τὴν

191 3485 305 3549 οἰκείαν
330 3485 534 3562 διασώζονται·
571 3483 637 3565 μεθ’
659 3483 709 3550 οὓς
738 3485 907 3550 ἐκπλεύσας
932 3485 949 3546 δ
976 3487 1134 3554 Μενέλαος

190 3585 265 3664 μετὰ
287 3587 378 3652 πέντε
393 3596 468 3653 νεῶν
487 3590 529 3655 είς
548 3590 701 3671 Αἴγυπτον
723 3587 925 3670 παραγίνεται,
946 3595 1005 3653 τῶν
1021 3596 1136 3654 λοιπῶν

193 3696 420 3774 διαφθαρεισῶν
434 3699 511 3758 νεῶν
526 3693 559 3756 ἐν
574 3694 615 3776 τῷ
627 3692 763 3774 πελάγει.
795 3693 824 3754 οἱ
840 3694 872 3755 δὲ
888 3690 956 3773 περὶ
972 3691 1136 3775 Κάλχαντα
