2758 4228
475 332 542 390 ΕΙΣ
567 332 814 392 ΔΗΜΗΤΡΑΝ.
1053 346 1114 410 919

171 495 299 578 κρύπτει,
316 493 381 574 ἐμοὶ
396 495 428 557 δὲ
444 495 518 576 γόον
533 496 583 558 καὶ
599 492 688 572 κήδεα
702 493 800 576 λυγρὰ
815 494 946 572 τίθησιν.

207 595 271 664 Ὣς
286 595 357 679 φάτ’
372 596 543 679 ὀδυρομένη·
570 600 622 674 τῆς
638 598 663 660 δ’
679 597 727 662 άϊε
741 603 792 660 δῖα
806 595 909 663 θεάων.
1066 625 1116 674 ²50

170 704 204 786 τῇ
221 705 254 764 δὲ
269 700 469 784 χολωσαμένη
486 701 731 782 καλλιστέφανος
748 699 891 782 Δημήτηρ

170 810 263 868 παῖδα
278 805 382 886 φίλον,
399 805 452 870 τὸν
467 805 600 869 ἄελπτον
616 803 659 869 ἐνὶ
670 802 848 886 μεγάροισιν
862 804 967 881 ἔτικτε,

169 906 306 992 χείρεσσ’
322 907 508 994 ἀθανάτῃσιν
523 910 582 972 ἀπὸ
598 908 630 972 έο
647 912 718 987 θῆκε
735 906 869 982 πέδονδε,

171 1011 355 1092 ἐξανελοῦσα
370 1017 470 1094 πυρός,
487 1015 567 1098 θυμῷ
585 1011 734 1076 κοτέσασα
748 1011 820 1091 μάλ’
835 1013 934 1089 αίνῶς,

171 1117 221 1180 καί
234 1116 260 1197 ῤ’
275 1115 380 1197 ἄμυδις
395 1115 577 1198 προσέειπεν
592 1113 720 1193 ἐύζωνον
736 1114 933 1196 Μετάνειραν·
1069 1146 1116 1194 ²55

214 1217 327 1299 Νήϊδες
341 1219 492 1301 ἄνθρωποι
510 1216 558 1283 καὶ
574 1219 765 1300 ἀφράδμονες
781 1218 842 1281 οὔτ’
857 1221 982 1301 άγαθοῖο

171 1323 262 1387 αἶσαν
278 1322 479 1406 ἐπερχομένου
494 1323 702 1405 προγνώμεναι
717 1322 784 1386 οὔτε
800 1327 914 1386 κακοῖο·

171 1429 220 1490 καὶ
236 1427 274 1490 σὺ
289 1426 347 1509 γὰρ
363 1428 531 1514 ἀφραδίῃσι
548 1425 779 1514 τεῇς-μήκιστον
795 1425 918 1504 ἀάσθης.

170 1530 245 1593 ἵστω
260 1529 318 1612 γὰρ
335 1535 411 1594 θεῶν
427 1531 522 1613 ὅρκος,
539 1531 712 1607 ἀμείλικτον
728 1535 842 1611 Στυγδς
857 1531 945 1610 ὕδωρ,
1041 1571 1043 1578 ·

171 1632 317 1697 ἀθάνατον
334 1632 382 1697 κέν
397 1659 443 1698 τοι
462 1631 510 1698 καί
526 1632 658 1716 ἀγήραον
672 1631 770 1712 ἤματα
786 1631 883 1697 πάντα

170 1743 261 1801 παῖδα
277 1738 372 1819 φίλον
387 1738 500 1818 ποίησα
517 1739 565 1801 καὶ
579 1738 709 1819 ἀφθιτου
725 1737 833 1816 ὤπασα
848 1736 945 1818 τιμήν·

171 1845 223 1906 νῦν
240 1839 265 1904 δ’
281 1842 331 1905 οὐκ
348 1840 413 1903 ἐσθ’
428 1842 468 1906 ὥς
484 1867 536 1906 κεν
552 1838 679 1904 θάνατον
696 1843 745 1904 καὶ
761 1841 852 1920 κῆρας
868 1839 985 1920 ἀλύξαι.

170 1943 240 2023 τιμή
256 1944 281 2008 δ’
297 1944 423 2024 ἀφθιτος
439 1945 504 2008 αίὲν
519 1943 693 2018 ἐπέσσεται,
709 1945 817 2006 οὕνεκα
831 1943 946 2025 γούνων

170 2046 318 2129 ἡμετέρων
334 2047 431 2127 ἐπέβη
448 2047 497 2110 καὶ
516 2048 548 2110 ἐν
564 2047 742 2132 ἀγκοίνῃσιν
756 2048 871 2110 ἴαυσεν.

171 2153 285 2238 ὥρῃσιν
300 2148 325 2216 δ’
342 2154 399 2231 ἄρα
414 2150 455 2234 τῷ
471 2175 506 2233 γε
521 2151 748 2230 περιπλομένων
762 2152 904 2214 ἐνιαυτῶν

171 2261 276 2321 παῖδες
290 2254 489 2322 Ἐλευσινίων
503 2253 637 2332 πόλεμον
653 2255 701 2318 καὶ
717 2253 852 2335 φύλοπιν
867 2254 953 2334 αἰνὴν

171 2362 237 2424 αίέν
253 2361 286 2424 ἐν
302 2355 468 2437 ἀλλήλοισι
483 2355 647 2436 συνάξουσ’
660 2355 760 2437 ἤματα
774 2357 882 2423 πάντα.

172 2464 232 2542 είμὶ
248 2464 280 2526 δέ
298 2459 440 2544 Δημήτηρ
455 2460 609 2543 τιμάοχος,
625 2461 644 2540 ἤ
660 2485 691 2525 τε
704 2460 850 2544 μέγιστον

173 2564 333 2631 ἀθανάτοις
349 2569 468 2644 θνητοῖς
485 2561 509 2625 τ’
525 2565 613 2647 ὄνεαρ
630 2562 678 2630 καὶ
692 2563 794 2646 χάρμα
809 2562 955 2628 τέτυκται.

173 2666 243 2732 ἀλλ’
259 2669 315 2752 άγε
329 2694 380 2748 μοι
396 2671 470 2749 νηόν
483 2695 516 2734 τε
531 2667 627 2750 μέγαν
642 2665 690 2731 καὶ
705 2667 812 2747 βωμὸν
825 2665 875 2731 ὑπ’
890 2667 967 2753 αὐτῷ

171 2773 340 2855 τευχόντων
354 2776 413 2838 πάς
429 2774 521 2851 δῆμος
535 2769 607 2835 ὑπαὶ
622 2772 714 2836 πόλιν
728 2772 802 2834 αίπύ
817 2795 850 2835 τε
868 2776 979 2854 τεῖχος,

174 2875 368 2959 Καλλιχόρου
385 2875 577 2958 καθύπερθεν,
593 2873 642 2940 ἐπὶ
659 2874 823 2968 προύχοντι
837 2879 972 2960 κολωνῷ·

174 2979 262 3062 ὄργια
277 2976 302 3041 δ’
317 2978 391 3058 αύτὴ
407 2981 485 3062 ἐγὼν
500 2976 700 3059 ὑποθήσομαι,
718 2979 756 3044 ὧς
771 2969 809 3044 αν
825 2977 928 3043 ἔπειτα

174 3082 301 3165 εὐαγέως
317 3087 452 3164 ἔρδοντες
468 3084 540 3162 ἐμὸν
556 3083 627 3146 νόον
643 3083 833 3147 ἱλάσκοισθε.

209 3184 272 3252 Ὦς
289 3189 416 3251 είποΰσα
431 3184 486 3250 θεά
499 3184 626 3268 μέγεθος
641 3191 690 3250 καὶ
706 3186 784 3252 εἶδος
800 3186 924 3267 άμειψε,

172 3293 266 3374 γῆρας
281 3289 473 3371 ἀπωσαμένη,
489 3290 560 3370 περί
571 3285 596 3351 τ’
613 3290 693 3371 ἀμφί
705 3315 738 3355 τε
754 3289 868 3356 κάλλος
882 3289 966 3367 ἀητο·

173 3394 248 3476 ὀδμή
264 3393 289 3457 δ’
306 3395 471 3474 ἱμερόεσσα
486 3391 635 3470 θυηέντων
649 3392 709 3457 ἀπὸ
724 3394 849 3458 πέπλων

209 3591 254 3646 257
272 3579 434 3644 προγνώμεναι
455 3581 497 3641 Μ;
523 3597 586 3631 corr.
606 3580 738 3630 Matthiae.
840 3580 885 3643 258
910 3551 1028 3642 νήκεστον
1047 3581 1119 3630 Voss.

175 3659 222 3723 263
238 3657 340 3723 ἄφθιτον
357 3661 401 3718 Μ;
418 3676 480 3711 οοιτ.
496 3660 626 3710 Ruhnken.
711 3658 758 3723 σόη
776 3657 950 3722 συνσοξήσονθ
962 3661 1007 3718 M:
1023 3658 1118 3709 emend.

173 3740 284 3805 Ignarra.
370 3737 416 3802 269
433 3737 557 3802 θνητοῖσιν
569 3735 648 3800 ὄνειαρ
659 3737 704 3799 Μ;
721 3737 817 3789 emend.
828 3737 907 3802 Ilgen.
1005 3767 1008 3774 -
