2788 4230
480 331 530 394 19.
554 316 786 377 ΟΔΎΣΣΕΙΑΣ
810 316 847 376 Τ.
1082 312 1143 394 823

196 483 249 549 τὸν
264 481 289 547 δ’
305 481 350 564 ἄρ’
366 483 415 547 ἐπὶ
431 485 552 565 τρόπιος
567 489 633 550 νεὸς
648 485 763 564 ἔκβαλε
778 483 842 563 κῶμ’
859 485 907 547 ἐπὶ
922 484 1044 566 χέρσου,

196 585 339 665 Φαιήκων
355 589 386 652 ἐς
405 593 504 669 γαῖαν,
522 587 550 650 οἳ
567 588 707 670 ἀγχίθεοι
722 587 880 668 γεγάασιν,

198 690 226 753 οἳ
243 689 279 769 δή
296 715 348 769 μιν
363 692 431 771 περὶ
447 695 512 770 κῆρι
529 690 599 756 θεὸν
615 692 654 757 ῶς
669 689 832 770 τιμήσαντο
1095 705 1142 752 τ8ο

197 796 249 858 καί
262 796 291 857 οἱ
308 795 411 858 πολλὰ
427 795 522 858 δόσαν
537 795 666 871 πέμπειν
681 793 714 857 τέ
726 819 777 872 μιν
790 792 903 871 ἤθελον
918 794 1002 857 αὐτοὶ

196 896 289 962 οἴκαδ’
305 897 487 978 ἀπήμαντον.
522 899 573 961 καί
587 925 637 962 κεν
653 899 749 962 πάλαι
765 896 862 962 ἐνθάδ’
877 895 1043 963 Ὀδυσσεὺς

195 1002 261 1081 ἤην·
286 1000 356 1065 ἀλλ’
371 1003 429 1083 ἄρα
445 1004 474 1064 οἱ
489 1003 526 1064 τό
540 1029 576 1084 γε
591 1004 709 1082 κέρδιον
725 1005 829 1065 εἵσατο
844 1001 936 1085 θυμῷ,

195 1103 321 1186 χρήματ’
337 1103 510 1186 ἀγυρτάζειν
526 1105 649 1183 πολλὴν
663 1102 713 1168 ἐπὶ
728 1109 819 1187 γαῖαν
835 1105 920 1168 ίόντι·

175 1265 179 1278 ,,
197 1210 236 1275 ῶς
253 1206 319 1290 περὶ
336 1210 441 1286 κέρδεα
455 1208 559 1273 πολλὰ
575 1214 765 1287 καταθνητῶν
780 1209 946 1290 ἀνθρώπων
1096 1225 1141 1284 285

199 1310 254 1376 οἶδ’
268 1312 425 1389 Ὀδυσεύς,
440 1312 501 1376 οὐδ’
516 1311 553 1375 όν
574 1338 620 1378 τις
634 1314 767 1393 ἐρίσσειε
782 1311 892 1392 βροτὸς
907 1312 1010 1377 ἄλλος.

137 1409 139 1412 ’
196 1419 236 1482 ῶς
250 1441 300 1495 μοι
317 1417 513 1496 Θεσπρωτῶν
527 1416 677 1495 βασιλεὺς
692 1414 848 1494 μυθήσατο
864 1417 989 1480 Φείδων·

196 1517 292 1612 ι’ύμννε
307 1523 340 1584 δὲ
356 1525 428 1601 πρὸς
444 1518 489 1600 ἔμ’
506 1519 604 1598 αὐτόν,
621 1520 821 1584 ἀποσπένδων
836 1521 881 1584 ἐνὶ
897 1521 976 1604 οίκιρ,

196 1623 461 1705 νῆωκατειρύσθαι
478 1620 525 1686 καὶ
542 1623 687 1704 ἐπαρτέας
703 1624 795 1702 ἔμμεν
810 1623 953 1704 ἑταίρους,

197 1727 225 1792 οἳ
242 1725 277 1806 δή
293 1754 345 1808 μιν
361 1726 520 1808 πέμψουσι
535 1726 633 1807 φίλην
649 1728 679 1794 ἐς
695 1727 823 1807 πατρίδα
838 1731 937 1808 γαῖαν.
1092 1755 1141 1807 290

196 1829 266 1894 ἀλλ’
282 1833 333 1909 ἐμὲ
349 1833 420 1912 πρὶν
436 1829 606 1910 ἀπέπεμψε·
628 1829 743 1912 τύχησε
757 1831 815 1910 γὰρ
831 1830 978 1913 ἐρχομένη
995 1834 1064 1907 νηῦς

195 1937 311 2016 ἀνδρῶν
326 1937 520 2013 Θεσπρωτῶν
535 1935 565 1998 ἐς
582 1934 749 2014 Δουλίχιον
764 1933 946 2013 πολύπυρον.

197 2039 247 2101 καί
261 2063 312 2115 μοι
328 2035 448 2116 κτήματ’
466 2033 587 2114 ἔδειξεν,
603 2037 662 2098 ὅσα
678 2034 865 2117 ξυναγείρατ’
878 2037 1054 2104 Ὀδυσσεύς·

198 2142 248 2205 καί
263 2143 299 2206 νύ
315 2168 366 2206 κεν
381 2142 410 2206 ἐς
427 2138 551 2218 δεκάτην
568 2139 677 2221 γενεὴν
691 2139 793 2221 ἕτερόν
807 2138 834 2222 γ’
853 2141 898 2204 ἔτι
912 2141 1032 2220 βόσκοι,

197 2248 279 2308 ὅσσα
295 2248 324 2309 οἱ
341 2248 374 2310 ἐν
386 2243 527 2328 μεγάροις
543 2243 779 2322 κειμήλιακεῖτο
793 2242 927 2310 ἄνακτος.
1093 2271 1140 2324 ²95

200 2355 253 2413 τὸν
268 2349 294 2413 δ’
311 2353 340 2415 ἐς
357 2349 508 2426 Δωδώνην
524 2348 604 2428 φάτο
617 2345 756 2426 βήμεναι,
776 2349 857 2428 ὄφρα
872 2350 953 2412 θεοῖο

197 2455 229 2516 ἐκ
246 2453 332 2534 δρυὸς
347 2453 508 2533 ὑψικόμοιο
524 2456 599 2516 Διὸς
613 2450 733 2530 βουλὴν
748 2452 923 2530 ἐπακούσαι,

198 2559 302 2623 ὅππως
317 2556 477 2633 νοστήσειε
493 2555 589 2632 φίλην
605 2557 635 2620 ἐς
650 2555 777 2635 πατρίδα
792 2559 881 2638 γαῖαν

197 2659 252 2740 ήδη
269 2661 323 2740 δὴν
339 2661 448 2736 άπεόν,
464 2656 482 2736 ἢ
500 2658 639 2739 άμφαδδν
654 2656 689 2735 ἦε
706 2659 866 2739 κρυφηδόν.

197 2765 235 2829 ῶς
252 2767 337 2842 όμέν
354 2765 447 2828 οὕτως
462 2763 529 2826 ἐστὶ
546 2767 618 2827 σόος
634 2763 682 2824 καὶ
698 2761 853 2825 ἐλεύσεται
869 2761 923 2840 ήδη
1091 2790 1140 2837 300

195 2867 268 2951 ἄγχι
282 2865 364 2946 μόλ’,
380 2862 440 2929 οὐδ’
458 2866 502 2929 έτι
516 2868 591 2943 τῆλε
607 2866 707 2946 φίλων
723 2866 771 2928 καὶ
787 2867 928 2946 πατρίδος
944 2865 1010 2942 αἴης

196 2971 287 3052 δηρδν
302 2971 492 3035 ἀπεσσεῖται·
515 2969 611 3047 ἐμπης
626 2968 657 3032 δέ
673 2993 718 3032 τοι
734 2969 820 3050 ὅρκια
835 2969 931 3034 δεύσω.

196 3077 271 3138 ίστω
287 3079 339 3137 νῦν
356 3074 431 3138 Ζεδς
446 3077 557 3150 πρῶτα,
573 3074 650 3137 θεῶν
664 3073 775 3138 ὕπατος
791 3069 839 3136 καὶ
854 3072 986 3153 ἄριστος,

197 3178 276 3255 ἱστίη
292 3177 318 3240 τ’
333 3177 482 3254 Ὀδυσῆος
498 3175 654 3254 ἀμύμονος,
671 3172 709 3252 ἣν
724 3174 870 3254 ἀφικάνω·

196 3280 215 3360 ἦ
229 3282 284 3361 μέν
299 3307 346 3344 τοι
361 3279 431 3344 τάδε
447 3277 545 3342 πάντα
560 3279 708 3342 τελείεται
724 3277 763 3344 ῶς
778 3279 920 3359 ἀγορεύω.
1068 3325 1070 3332 ,
1091 3305 1139 3356 305

195 3385 274 3448 τοῦδ’
290 3384 380 3447 αύτοῦ
395 3383 585 3463 λυκάβαντος
601 3382 758 3446 ἐλεύσεται
773 3382 871 3445 ἐνθάδ’
885 3383 1059 3461 Ὀδυσσεύς,

195 3488 246 3547 τοῦ
261 3487 316 3563 μὲν
334 3484 494 3563 φθίνοντος
509 3481 611 3562 μηνός,
626 3485 678 3544 τοῦ
694 3481 720 3543 δ’
736 3479 940 3561 ίσταμένοιο.”

237 3591 301 3651 Τδν
315 3586 340 3650 δ’
356 3585 425 3650 αὖτε
441 3584 607 3667 προσέειπε
622 3585 779 3665 περίφρων
793 3585 998 3664 Πηνελόπεια·

195 3695 213 3724 “
223 3689 254 3755 αἲ
269 3692 327 3773 γδμ
341 3693 439 3765 τοῦτο,
455 3689 545 3769 ξεῖνε,
560 3690 633 3756 ἔπος
649 3687 867 3768 τετελεσμένον
883 3691 938 3769 είη·
