2738 4226
487 907 702 980 ΙΛΙΑΔΟΣ
736 905 783 983 Κ.

554 1109 728 1120 ——n—-u

551 1252 727 1325 Δολόνεια.

166 1453 278 1518 Ἀλλοι
292 1453 347 1534 μέν
363 1455 444 1536 παρδ
460 1453 566 1534 νηυσὶν
581 1456 721 1537 ἀριστῆες
736 1459 920 1538 Παναχαιῶν

170 1559 255 1623 εὗδον
269 1559 438 1641 παννύχιοι,
454 1561 579 1643 μαλακῷ
595 1557 771 1638 δεδμημένοι
785 1560 877 1642 ὕπνῳ·

169 1658 239 1724 ἀλλ’
255 1661 307 1724 οὐκ
322 1659 480 1742 Ἀτρείδην
495 1659 712 1743 Ἀγαμέμνονα,
729 1659 858 1740 ποιμένα
872 1665 964 1731 λαῶυ,

168 1766 260 1828 ὕπνος
275 1763 328 1844 ἔχε
341 1763 486 1845 γλυκερὸς
499 1766 603 1827 πολλὰ
618 1764 729 1845 φρεσὶν
751 1764 935 1845 ὁρμαίνοντα

170 1865 208 1931 ὡς
223 1864 248 1928 δ’
264 1864 308 1928 ὅτ’
323 1863 361 1930 ἀν
375 1864 531 1952 ἀστράπτῃ
546 1866 637 1932 πόσις
647 1865 746 1949 Ἥρης
761 1867 911 1946 ἠϋκόμοιο,
1092 1889 1107 1942 5

170 1968 283 2052 τεύχων
297 1966 315 2046 ή
331 1969 429 2032 πολὺν
444 1971 560 2050 ὄμβρον
574 1967 750 2051 ἀθέσφατον
765 1969 800 2048 ήέ
814 1968 951 2052 χάλαζαν

170 2068 188 2150 ἢ
205 2071 337 2152 νιφετόν,
354 2072 405 2136 ότε
422 2071 478 2154 πέρ
493 2097 527 2136 τε
541 2073 617 2156 χιδν
632 2070 780 2138 ἐπάλυνεν
796 2071 930 2153 ἀρούρας,

170 2173 205 2252 ήέ
220 2179 290 2237 ποθι
305 2172 470 2254 πτολέμοιο
484 2173 563 2256 μέγα
579 2175 677 2253 στόμα
691 2179 893 2250 πευκεδανοῖο,

172 2279 210 2342 δς
224 2277 320 2341 πυκίν’
335 2279 371 2341 ἐν
386 2275 781 2362 στήθεσσινάνεστενόχιζ’
796 2275 993 2359 Ἀγαμέμνων

172 2382 286 2445 νειόθεν
301 2383 334 2443 ἐκ
350 2380 479 2461 κραδίης,
495 2380 657 2461 τρομέοντο
673 2380 707 2445 δέ
723 2384 751 2445 οἱ
771 2380 880 2463 φρένες
895 2381 989 2447 ἐντός.
1078 2407 1108 2443 10

171 2481 190 2562 ή
204 2507 249 2546 τοι
264 2479 309 2546 ὅτ’
326 2484 357 2548 ἐς
371 2483 477 2546 πεδίον
492 2482 527 2546 τδ
541 2483 676 2565 Τρωϊκὸν
691 2483 843 2566 ἀθρήσειε,

171 2585 317 2664 θαύμαζεν
331 2586 409 2666 πυρὰ
424 2581 536 2660 πολλά,
553 2589 591 2648 τδ
607 2587 707 2650 καίετο
721 2585 830 2651 Ἰλιόθι
845 2587 912 2668 πρό,

171 2689 270 2752 οὐλῶν
285 2688 438 2771 συρίγγων
452 2685 478 2749 τ’
492 2687 607 2766 ἐνοπὴν
624 2688 737 2768 όμαδόν
751 2687 778 2751 τ’
794 2689 966 2770 ἀνθρώπων.

76 2819 78 2824 ·
171 2793 261 2873 ούτδρ
277 2790 323 2855 ἀπ’
339 2795 371 2858 ἐς
386 2791 460 2870 νῆός
473 2816 506 2856 τε
520 2793 581 2856 ίδοι
600 2793 648 2855 καὶ
662 2792 739 2856 λαὸν
752 2791 894 2877 Ἀχαιῶν,

170 2896 288 2959 πολλδς
303 2896 336 2957 ἐκ
352 2897 488 2975 κεφαλῆς
503 2894 726 2976 προθελύμνους
741 2893 846 2958 έλκετο
861 2895 969 2975 χαίτας
1079 2922 1107 2971 ¹5

170 2995 260 3077 ὑψόθ’
276 2997 357 3060 ἐόντι
374 2997 436 3069 Διί,
451 2995 530 3078 μέγα
545 2995 572 3060 δ’
589 2997 693 3062 έστενε
708 2995 871 3076 κυδόλιμον
886 2999 948 3077 κήρ.

169 3099 222 3177 ήδε
236 3099 270 3163 δέ
284 3101 315 3164 οἱ
330 3102 405 3163 κατὰ
419 3098 512 3180 θυμὸν
527 3100 634 3181 ἀρίστη
651 3102 777 3182 φαίνετο
792 3099 903 3180 βουλή,

170 3200 298 3284 Νέστορ’
314 3202 364 3266 ἔπι
379 3207 497 3283 πρῶτον
512 3202 651 3282 Νηλήϊον
666 3202 793 3282 ἐλθέμεν
808 3204 931 3284 ἀνδρῶν,

171 3308 199 3369 εἴ
211 3304 278 3368 τινό
293 3307 322 3368 οἱ
338 3304 394 3369 σὺν
408 3307 498 3384 μῆτιν
513 3305 649 3386 ἀμύμονα
663 3305 847 3384 τεκτήναιτο,

168 3408 189 3484 ἥ
202 3432 247 3473 τις
262 3405 440 3486 ἀλεξίκακος
455 3412 550 3473 πᾶσιν
565 3414 716 3472 Δαναοῖσι
730 3407 859 3490 γένοιτο.
1077 3434 1108 3470 το

170 3511 310 3592 ὀρθωθεὶς
325 3509 352 3575 δ’
368 3511 471 3575 ἔνδυνε
487 3512 554 3592 περὶ
570 3509 721 3591 στήθεσσι
734 3518 858 3595 χιτῶνα,

170 3615 265 3677 ποσσὶ
281 3610 307 3676 δ’
322 3611 381 3692 ὑπὸ
396 3617 574 3694 λιπαροῖσιν
590 3614 719 3692 ἐδήσατο
735 3613 814 3677 καλὰ
828 3613 947 3687 πέδιλα,

168 3715 245 3797 ἀμφὶ
260 3713 287 3781 δ’
303 3716 409 3780 ἔπειτα
420 3715 571 3798 δαφοινὸν
587 3716 717 3782 ἑέσσατο
733 3716 826 3799 δέρμα
839 3717 963 3783 λέοντος
