2874 4234
297 345 361 418 590
580 344 610 411 5.
631 305 865 406 οΔνΣΣσΙΑΣ
894 334 939 395 ν.-

298 505 396 568 πάντα
410 500 491 580 μάλ’,
508 503 616 565 ούνεκα
630 505 696 566 σεῖο
713 502 868 582 περίφρων
883 502 1078 578 Πηνελόπεια

298 609 378 672 εἶδος
394 605 566 686 ἀκιδνοτέρη
582 604 709 686 μέγεθός
724 604 749 668 τ’
767 604 892 668 εἰσάντα
910 605 1038 669 ἰδέσθαι·

297 711 315 788 ἡ
331 713 387 789 μὲν
402 711 459 792 γάρ
474 707 585 788 βροτός
600 709 676 786 ἐστι,
692 707 730 770 σὺ
745 705 771 770 δ’
786 708 934 777 ἀθάνατος
951 706 999 771 καὶ
1016 706 1144 791 ἀγήρως.

299 813 380 877 ἀλλά
396 814 445 877 καὶ
461 813 501 877 ῶς
516 811 611 876 ἐθέλω
628 812 677 875 καὶ
694 809 834 890 ἐέλδομαι
850 810 949 890 ἤματα
963 811 1064 876 πάντα

298 915 400 980 οἴκαδέ
414 914 440 978 τ’
455 914 615 995 ἐλθέμεναι
631 910 678 977 καὶ
695 915 839 994 νόστιμον
855 914 933 996 ήμορ
949 915 1075 980 ἰδέσθαι.
1198 945 1246 980 220

299 1023 325 1082 εἰ
342 1019 366 1082 δ’
384 1019 421 1082 αδ
435 1044 480 1084 τις
494 1019 598 1103 ῥαίῃσι
615 1023 692 1082 θεῶν
708 1013 751 1082 ἐνί
767 1018 865 1082 οἰνοπι
881 1019 990 1103 πόντιρ,

298 1123 450 1203 τλήσομαι
466 1123 499 1187 ἐν
514 1121 681 1199 στήθεσσιν
698 1125 778 1204 ἔχων
793 1123 982 1188 ταλαπενθέα
998 1123 1100 1202 θυμόν

298 1225 352 1304 ήδη
369 1225 426 1309 γάρ
441 1224 525 1306 μάλα
542 1224 633 1288 πόλλ’
649 1225 762 1289 ἔπαθον
778 1221 826 1288 καί
842 1224 933 1288 πόλλ’
951 1226 1088 1307 ἐμόγησα

300 1332 408 1409 κύμασι
424 1326 472 1392 καὶ
488 1328 621 1412 πολέμῳ·
642 1331 717 1407 μετά
736 1330 784 1392 καὶ
800 1329 868 1392 τάδε
883 1334 964 1392 τοῖσι
978 1327 1145 1410 γενέσθω.”

335 1431 398 1498 Ὣς
416 1432 512 1513 ἔφατ’,
525 1432 627 1510 ἠέλιος
639 1431 663 1496 δ’
676 1430 721 1512 ἀρ’
733 1435 783 1496 ἔδυ
800 1429 847 1495 καὶ
864 1430 912 1496 ἐπὶ
925 1431 1037 1513 κνέφας
1049 1432 1151 1511 ἦλθεν·
1200 1459 1246 1510 2²5

299 1537 438 1602 ἐλθόντες
454 1535 480 1600 δ’
496 1536 552 1616 ἀρα
567 1537 608 1598 τό
626 1562 660 1617 γε
675 1538 762 1620 μυχῷ
779 1538 901 1602 σπείους
917 1543 1087 1618 γλαφυροῖο

299 1641 465 1720 τερπέσθην
479 1639 633 1720 φιλότητι,
649 1637 718 1720 παρ’
734 1637 899 1717 ἀλλήλοισι
916 1641 1065 1719 μένοντες.

338 1743 439 1824 Ἦμος
456 1741 482 1806 δ’
497 1742 647 1826 ἠριγένεια
662 1741 744 1824 φάνη
759 1743 977 1824 ῥοδοδάκτυλος
992 1741 1082 1817 Ἠτός,

246 1893 247 1898 1
299 1845 395 1929 αὐτίχ’
411 1849 427 1910 ὁ
442 1849 496 1927 μὲν
510 1845 640 1929 χλαῖνάν
655 1873 688 1911 τε
703 1845 817 1928 χιτῶνά
832 1871 864 1910 τε
880 1844 973 1912 ἕννυτ’
984 1847 1159 1925 Ὀδυσσεύς,

299 1952 372 2029 αὐτή
389 1949 414 2014 δ’
431 1951 581 2032 ἀργύφεον
599 1954 696 2031 φᾶρος
710 1949 787 2032 μέγα
802 1949 905 2014 έννοτυ
921 1950 1032 2032 νύμφη,
1197 1979 1246 2026 230

298 2055 411 2118 λεπτὸν
428 2055 476 2119 καὶ
491 2056 608 2136 χαρίεν,
624 2053 691 2133 περὶ
707 2055 739 2118 δὲ
756 2055 851 2132 ζώνην
866 2055 973 2133 βάλετ’
990 2055 1049 2133 ίξνῖ
1260 2053 1263 2060 ’

297 2160 395 2237 καλὴν
410 2158 565 2240 χρυσείην·
589 2157 709 2244 κεφαλῇ
724 2159 749 2222 δ’
765 2159 916 2239 ἐφύπερθε
931 2159 1111 2240 καλύπτρην·

300 2261 348 2326 καὶ
364 2260 425 2325 τότ’
439 2259 591 2340 Ὀδυσσῆϊ
605 2261 789 2343 μεγαλήτορι
803 2260 914 2340 μήδετο
930 2262 1060 2342 πομπήν.

300 2365 393 2430 δῶκέν
411 2368 440 2428 οἰ
456 2364 585 2429 πέλεκυν
600 2364 705 2446 μέγαν,
720 2366 849 2446 ἄρμενον
864 2367 897 2428 ἐν
913 2365 1080 2452 παλάμῃσι,

298 2471 440 2551 χάλκεον,
457 2467 670 2549 ἀμφοτέρωθεν
685 2468 867 2550 ἀκαχμένον·
889 2470 981 2550 αύτάρ
998 2473 1031 2533 ἐν
1046 2471 1123 2554 αὐτῷ
1198 2499 1246 2546 ²35

300 2578 451 2637 στειλειὸν
466 2573 648 2651 περικαλλὲς
664 2572 842 2645 ἐλάϊνον,εΰ
858 2573 1008 2653 ἐναρηρός·

299 2682 374 2739 δῶκε
391 2673 415 2740 δ’
431 2676 534 2739 ἔπειτα
551 2674 720 2756 σκέπαρνον
737 2673 851 2753 ἐύξοον·
876 2675 951 2759 ήρχε
965 2676 992 2740 δ’
1008 2679 1088 2741 ὁδοῖο

299 2777 394 2858 νήσου
409 2776 454 2841 ἐπ’
470 2782 625 2860 ἐσχατιῆς,
642 2779 691 2842 ὅθι
706 2778 829 2862 δένδρεα
843 2783 941 2861 μακρὰ
957 2781 1094 2860 πεφύκει,

300 2882 413 2963 κλήθρη
429 2882 454 2945 τ’
469 2883 600 2964 αἴγειρός
615 2883 650 2959 τ’,
667 2882 760 2962 ἐλάτη
777 2885 803 2947 τ’
819 2883 854 2962 ήν
870 2883 1080 2966 οὐρανομήκης,

300 2987 357 3049 αὖα
373 2986 478 3062 πάλαι,
495 2987 654 3068 περίκηλα,
670 2986 707 3050 τά
722 2989 751 3051 οἱ
769 2989 898 3052 πλώοιεν
913 2991 1063 3068 ἐλαφρῶς.
1197 3015 1246 3066 ²40

300 3089 391 3170 αὐτὰρ
408 3088 473 3154 ἐπεὶ
489 3091 525 3170 δή
541 3090 617 3171 δεῖξ’
633 3094 681 3155 ὅθι
697 3092 819 3168 δένδρεα
833 3096 931 3172 μακρὰ
946 3090 1083 3170 πεφύκει,

299 3194 317 3271 ἡ
333 3196 390 3272 μὲν
406 3194 463 3272 ἔβη
480 3196 553 3276 πρὸς
569 3201 652 3275 δῶμα
668 3196 814 3275 Καλυψώ,
830 3201 879 3258 δῖα
895 3193 999 3272 θεάων,

301 3296 391 3380 αὐτὰρ
407 3300 424 3360 ὁ
439 3300 567 3380 τάμνετο
583 3302 681 3379 δοῦρα·
706 3303 783 3364 θοῶς
797 3299 830 3362 δέ
844 3301 874 3362 οἰ
889 3298 978 3378 ἤνυτο
994 3297 1091 3378 ἔργον.

301 3405 398 3466 εἰκοσι
413 3401 439 3466 δ’
455 3402 570 3479 ἔκβαλε
584 3400 691 3475 πάντα,
707 3400 893 3481 πελέκκησεν
911 3401 935 3466 δ’
952 3401 1009 3481 άρα
1023 3403 1141 3486 χαλκῶ,

301 3505 395 3583 ξέσσε
413 3503 438 3568 δ’
454 3504 659 3584 ἐπισταμένως
675 3507 722 3568 καὶ
738 3504 788 3569 ἐπί
803 3504 939 3585 στάθμην
953 3507 1064 3570 ἴθυνεν.
1200 3535 1247 3584 ²45

300 3610 399 3688 τόφρα
414 3607 440 3670 δ’
456 3609 552 3672 ἔνεικε
567 3608 688 3690 τέρετρα
706 3610 853 3690 Καλυψώ,
868 3613 918 3672 δῖα
933 3608 1040 3674 θεάων·
1083 3673 1085 3680 ,

300 3711 440 3792 τέτρηνεν
457 3709 482 3774 δ’
498 3711 556 3792 άρα
571 3711 669 3776 πάντα
685 3710 732 3777 καί
748 3713 881 3793 ἥρμοσεν
897 3711 1074 3790 ἀλλήλοισι,
