2728 4230
279 302 339 386 138
600 321 628 386 7.
654 307 824 370 ΙΛΙΑΔΟΣ
849 307 892 368 Ην

277 470 543 555 είςἈγαμέμνονα
557 476 622 536 δίον
637 473 721 555 ἄγον,
737 473 906 556 κεχαρηότα
921 473 997 559 νίκῃ.

318 580 359 642 Oi
374 574 402 641 δ’
418 577 469 642 ὅτε
484 577 520 656 δὴ
537 576 694 662 κλισίῃσιν
711 579 743 640 ἐν
759 575 914 658 Ἀτρείδαο
928 576 1064 660 γένοντο,

274 689 355 747 τοῖσι
370 685 404 747 δέ
417 687 496 764 βοῦν
511 679 646 762 ἱέρευσεν
661 680 740 760 ἄναξ
752 683 867 762 ἀνδρῶν
883 680 1080 765 Ἀγαμέμνων

275 788 388 867 ἄρσενα
402 783 602 866 πενταέτηρον
616 783 774 866 ὑπερμενέϊ
790 786 948 868 Κρονίωνι.
989 821 992 829 ·

275 890 327 954 τὸν
342 887 428 971 δέρον
443 888 523 968 ἀμφί
537 885 565 952 θ’
581 887 664 960 έπον,
681 888 732 952 καί
744 914 796 968 μιν
811 887 950 972 διέχευαν
965 889 1091 962 ἅπαντα,

274 993 443 1075 μίστυλλόν
457 989 484 1057 τ’
499 992 544 1074 ἀρ’
561 990 766 1072 ἐπισταμένως
781 991 888 1075 πεῖρόν
902 990 927 1056 τ’
944 993 1113 1072 ὀβελοῖσιν,

275 1095 419 1177 ὤπτησάν
432 1121 466 1161 τε
480 1093 697 1177 περιφραδέως,
712 1095 861 1178 ἐρύσαντό
874 1122 908 1161 τε
922 1095 1029 1161 πάντα.

274 1200 366 1282 αύτάρ
381 1201 448 1264 ἐπεί
462 1199 617 1265 παύσαντο
632 1199 727 1264 πόνον
742 1200 900 1265 τετύκοντό
913 1225 947 1264 τε
961 1204 1056 1274 δαῖτα,

274 1303 411 1380 δαίνυντ’,
428 1301 497 1366 οάδέ
512 1328 541 1366 τι
557 1301 648 1383 θυμὸς
664 1303 781 1368 ἐδεύετο
797 1303 897 1371 δαιτὸς
913 1302 1007 1381 ἐίσης·

274 1406 415 1471 νότοισιν
429 1410 455 1469 δ’
466 1407 586 1471 Ἀίαντα
600 1404 789 1480 διηνεκέεσσι
803 1405 941 1490 γέραιρεν

273 1511 350 1592 ήρως
363 1507 529 1591 Ἀτρείδης,
546 1509 721 1590 εύρνκρείων
735 1508 933 1592 Ἀγαμέμνων

274 1614 366 1695 αάπάρ
382 1613 448 1678 ἐπεὶ
463 1612 571 1679 πόσιος
587 1613 636 1676 καὶ
653 1613 776 1692 ἐδητύος
791 1611 827 1692 ἐξ
840 1616 909 1694 ἐρον
924 1613 1002 1684 ἕντο,

274 1720 335 1781 τοῖς
350 1716 367 1778 ὀ
381 1713 478 1797 γέρων
495 1712 676 1796 πάμπρωτος
690 1715 829 1796 ὑφαίνειν
843 1713 953 1798 ἤρχετο
967 1718 1057 1792 μῆτιν

273 1817 410 1899 Νέστωρ,
427 1819 462 1882 οὗ
477 1820 526 1882 καὶ
542 1818 676 1899 πρόσθεν
690 1818 797 1900 ἀρίστη
814 1817 940 1899 φαίνετο
954 1814 1064 1896 βουλή·

274 1922 291 1984 ό
306 1919 569 2003 σφινέϋφρονέων
584 1920 756 2003 ἀγορήσατο
771 1919 820 1984 καί
834 1918 1000 2001 μετέειπεν·

274 2035 294 2061 “
302 2023 439 2107 Ἀτρείδη
454 2048 488 2089 τε
503 2023 552 2090 καί
567 2024 659 2089 ἄλλοι
674 2025 815 2105 ἀριστῆες
829 2027 1024 2107 Παναχαιῶν,

273 2129 386 2191 πολλοὶ
399 2129 457 2210 γάρ
472 2131 598 2192 τεθνᾶσι
613 2124 686 2207 κόρη
704 2127 870 2207 κομόωντες
885 2124 1015 2210 Ἀχαιοί,

272 2238 331 2297 τῶν
346 2237 399 2296 νῦν
414 2232 488 2311 οἶμα
503 2230 645 2295 κελαινὸν
660 2227 782 2312 ἐύρροον
800 2230 879 2311 ἀμφὶ
894 2229 1088 2313 Σκάμανδρον

272 2331 411 2397 ἐσκέδασ’
428 2330 498 2410 ὀξὺς
510 2330 611 2412 Ἀρης,
628 2334 728 2414 ψυχαὶ
743 2329 769 2396 δ’
782 2331 926 2398 Ἀϊδόσδε
941 2336 1100 2411 κατῆλθον·

272 2438 312 2520 τῷ
329 2460 366 2499 σε
379 2435 438 2517 χρή
455 2435 590 2514 πόλεμον
603 2436 659 2513 μὲν
674 2434 724 2514 ἀμ’
740 2434 791 2514 ήοῖ
804 2439 919 2499 παῦσαι
935 2431 1077 2518 Ἀχαιῶν,

272 2538 355 2602 αὐτοὶ
370 2537 394 2602 δ’
411 2538 572 2620 ἀγρόμενοι
587 2535 778 2618 κυκλήσομεν
793 2537 899 2603 ἐνθόδε
913 2539 1034 2621 νεκροὺς

270 2643 364 2720 βουσὶ
380 2640 428 2705 καὶ
442 2639 625 2720 ἡμιόνοισιν·
648 2642 723 2722 ἀτάρ
738 2640 924 2721 κατακήομεν
939 2642 1045 2708 αὐτοὺς

270 2742 377 2808 τυτθὸν
391 2742 510 2825 ἀποπρὸ
526 2749 610 2818 νεῶν,
629 2743 669 2811 ῶς
685 2743 710 2808 κ’
726 2742 820 2808 ὀστέα
834 2745 942 2810 παισὶν
957 2744 1084 2812 ἕκαστος

270 2846 365 2914 οἴκαδ’
379 2847 447 2933 ἄγῃ,
464 2844 508 2910 ὅτ’
524 2846 562 2910 δν
577 2847 648 2912 αύτε
663 2847 798 2927 νεύμεθα
812 2849 940 2929 πατρίδα
953 2853 1054 2931 γαῖαν.

270 2953 385 3033 τύμβον
400 2948 427 3015 δ’
443 2951 521 3031 ἀμφὶ
537 2949 634 3032 πυρήν
649 2950 703 3016 ἕνα
716 2950 846 3034 χεύομεν
861 2950 1061 3033 ἐξαγαγόντες

270 3052 391 3135 ἀκριτον
406 3054 439 3116 ἐκ
455 3053 568 3116 πεδίου·
591 3054 661 3118 ποτὶ
675 3050 702 3117 δ’
718 3052 807 3117 αὐτὸν
822 3051 963 3134 δείμομεν
977 3050 1041 3116 ῶκο

270 3155 398 3237 πύργους
413 3156 560 3238 ὑψηλούς,
577 3158 662 3238 εἶλαρ
677 3163 757 3237 νηῶν
771 3181 805 3220 τε
820 3158 870 3221 καί
884 3156 990 3220 αὐτῶν.

270 3260 303 3323 ἐν
317 3257 342 3322 δ’
359 3259 477 3323 αὐτοῖσι
491 3259 589 3340 πύλας
604 3258 772 3341 ποιήσομεν
788 3259 821 3324 εὖ
835 3261 986 3343 ἀραρυίας.

270 3363 351 3444 όφρα
365 3358 405 3426 δι’
419 3360 536 3427 αιἰτόων
552 3364 723 3444 ἱππηλασίη
740 3364 809 3430 ὁδὸς
824 3366 880 3445 είη·

270 3464 413 3529 ἔκτοσθεν
429 3465 461 3528 δὲ
476 3468 606 3544 βαθεῖαν
621 3463 766 3546 ὀρύξομεν
782 3465 885 3548 ἐγγύθι
900 3464 1028 3546 τάφρον,

267 3565 288 3644 ἤ
302 3565 334 3650 χ’
349 3569 459 3634 ίπποος
473 3568 523 3631 καὶ
536 3567 614 3632 λαδν
629 3570 766 3652 ἐρυκάκοι
782 3569 875 3650 ἀμφὶς
890 3570 994 3644 ἐοῦσα,

266 3669 306 3749 μή
324 3669 388 3735 ποτ’
407 3671 552 3758 ἐπιβρίσῃ
569 3672 702 3755 πόλεμος
717 3673 829 3754 Τρόων
844 3668 1037 3755 ἀγεριίχων.”
