2746 4228
273 313 313 388 4⁶
604 330 633 377 2.
659 317 829 379 {AIAA02
852 321 887 380 B.

273 482 307 549 δς
319 483 430 566 Τρόμν
446 482 559 550 σκοπὸς
571 484 625 561 ἰζε,
642 487 824 572 ποδωκείῃσι
838 487 1000 560 πεποιθός,

272 584 375 669 τύμβῳ
392 584 438 649 ἐπ’
454 583 606 670 ἀκροτάτῳ
622 585 775 666 Αἰσυήταο
792 586 941 670 γέροντος,

272 687 414 770 δέγμενος
429 690 544 754 ὁππότε
559 696 670 772 ναῦφιν
685 692 887 772 ἀφορμηθεῖεν
901 691 1038 776 Ἀχαιοί·

272 791 313 873 τῷ
327 815 379 868 μιν
394 790 553 870 ἐεισαμένη
570 792 710 875 προσέφη
726 795 821 860 πόδας
837 793 915 858 ὠκέα
926 794 1011 876 Ἰρις·
1120 804 1121 808 ’
1165 817 1211 874 795

274 889 325 956 ¹⁸3)
340 892 436 975 γέρον,
454 895 515 958 αἰεί
528 921 575 959 τοι
589 901 677 974 μῦθοι
693 897 781 978 φίλοι
792 893 915 980 Ιάκριτοί
929 900 1019 970 εἰσιν,

273 996 312 1060 ὥς
327 994 392 1058 ποτ’
410 993 458 1059 ἐπ’
474 995 600 1077 εἰρήνης·
624 998 757 1078 πόλεμος
772 999 797 1063 δ’
814 1001 960 1065 ἀλίαστος
975 1002 1095 1080 ὄρωρεν.

273 1097 292 1176 ἦ
305 1099 361 1177 μὲν
376 1099 412 1178 δὴ
427 1098 511 1179 μάλα
528 1102 631 1163 πολλὰ
644 1100 744 1183 μάχας
759 1101 922 1182 εἰσήλυθον
937 1103 1060 1182 ἀνδρῶν,

272 1201 342 1264 ἀλλ’
359 1203 394 1264 οὔ
409 1228 456 1266 πω
470 1203 587 1266 τοιόνδε
602 1205 729 1268 τοσόνδε
744 1230 777 1270 τε
794 1205 871 1270 λαὸν
886 1207 1004 1270 ὄπωπα·

270 1306 344 1382 λίην
358 1309 416 1386 γὰρ
431 1305 597 1386 φύλλοισιν
612 1308 743 1375 ἐοικότες
760 1305 779 1387 ἢ
794 1309 985 1390 ψαμάθοισιν
1165 1321 1214 1371 800

274 1409 413 1492 ἔρχονται
428 1410 544 1472 πεδίοιο
558 1411 767 1493 μαχησόμενοι
782 1413 851 1492 περὶ
866 1413 952 1476 ἄστυ.

269 1509 389 1591 Ἕκτορ,
406 1513 457 1574 σοὶ
471 1512 505 1574 δέ
518 1510 642 1590 μάλιστ’
658 1513 856 1594 ἐπιτέλλομαι
872 1513 930 1578 ὧδέ
944 1540 980 1595 γε
994 1511 1087 1595 ῥέξαι·

273 1614 386 1676 πολλοὶ
400 1617 458 1695 γὰρ
474 1615 548 1678 κατὰ
563 1615 639 1679 ἄστυ
656 1613 735 1697 μέγα
751 1616 888 1696 Πριάμου
904 1617 1066 1696 ἐπίκουροι,

274 1717 353 1793 άλλη
370 1716 395 1780 δ’
411 1717 516 1781 ἀλλων
529 1723 660 1799 γλῶσσα
674 1719 892 1799 πολυσπερέων
907 1719 1081 1799 ἀνθρώπων·

273 1823 371 1882 τοῖσιν
386 1819 513 1885 ἔκαστος
528 1819 602 1901 ἀνὴρ
618 1821 788 1899 σημαινέτω
805 1823 870 1886 οῖσί
883 1847 940 1902 περ
956 1821 1054 1905 άρχει,
1167 1833 1214 1896 805

273 1921 372 1985 τῶνδ’
389 1920 556 2003 ἐξηγείσθω
572 1923 803 2002 κοσμησάμενος
817 1922 996 2004 πολιήτας.”

310 2023 373 2089 Ὣς
389 2023 487 2106 ἔφαθ’,
500 2023 617 2106 Ἕκτωρ
632 2026 657 2089 δ’
675 2025 710 2088 οθ
724 2052 753 2091 τι
769 2031 838 2093 θεῖις
855 2027 927 2093 ἔπος
941 2027 1111 2108 ἠγνοίησεν,

274 2129 353 2209 αἶψα
368 2127 393 2191 δ’
411 2127 494 2192 ἔλοπ’
512 2127 634 2210 ἀγορήν·
657 2131 707 2194 ἐπί
722 2131 831 2213 τεύχεα
846 2131 871 2194 δ’
887 2131 1061 2195 ἐσσεύοντο·

274 2237 370 2295 πᾶσαι
385 2231 409 2295 δ’
427 2231 570 2315 ὦίγνυντο
585 2233 688 2308 πύλαι,
705 2235 738 2296 ἐκ
753 2234 778 2297 δ’
796 2234 908 2298 ἔσσυτο
922 2237 1008 2305 λαός,

274 2335 359 2412 πεζοί
373 2334 400 2397 θ’
417 2334 527 2414 ἰππῆές
541 2355 584 2398 τε·
607 2335 702 2401 πολὺς
717 2336 742 2399 δ’
760 2335 926 2419 ὀρυμαγδὸς
941 2337 1056 2416 ἀρόρει.
1167 2347 1217 2398 8ιο

312 2436 404 2500 Ἔστι
418 2435 452 2500 δέ
466 2463 512 2503 τις
526 2435 711 2518 προπάροιθε
726 2441 833 2504 πόλιος
848 2441 951 2504 αἰπεῖα
966 2439 1093 2515 κολώνη,

275 2540 307 2601 ἐν
322 2541 414 2623 πεδίῳ
430 2537 590 2616 ἀπάνευθε,
606 2543 784 2621 περίδρομος
800 2541 872 2604 ἔνθα
888 2541 937 2603 καὶ
954 2539 1035 2615 ἔνθα,

274 2640 329 2719 τὴν
344 2640 363 2720 ή
377 2667 424 2705 τοι
439 2643 544 2722 ἀνδρες
559 2643 700 2706 Βατίειαν
716 2641 941 2721 κικλήσκουσιν,

274 2743 417 2808 ἀθάνατοι
432 2743 465 2809 δέ
480 2771 513 2809 τε
528 2749 610 2824 σῆμα
625 2744 870 2825 πολυσκάρθμοιο
887 2745 1031 2826 Μυρίνης·

275 2847 347 2910 ἔνθα
363 2848 433 2912 τότε
447 2847 549 2928 Τρῶές
563 2874 596 2912 τε
611 2847 758 2929 διέκριθεν
773 2848 817 2928 ἠδ’
835 2849 996 2929 ἐπίκουροι.
1167 2861 1216 2922 815

316 2951 419 3032 Τρωσὶ
433 2953 489 3031 μὲν
505 2951 669 3032 ἡγεμόνευε
683 2950 777 3033 μέγας
793 2953 988 3032 κορυθαίολος
999 2951 1116 3032 Ἕκτωρ

275 3055 450 3135 Πριαμίδης·
460 3051 461 3055 ¹
473 3053 534 3133 ἅμα
548 3057 589 3139 τῷ
605 3081 641 3136 γε
655 3054 735 3118 πολὺ
750 3060 893 3119 πλεῖστοι
909 3057 957 3120 καὶ
973 3057 1092 3135 ἄριστοι

273 3157 344 3220 λαοὶ
360 3154 555 3237 θωρήσσοντο
570 3156 717 3234 μεμαότες
732 3158 882 3242 ἐγχείῃσι.

319 3259 495 3339 Δαρδανίων
510 3258 572 3320 αὖτ’
589 3258 682 3341 ήρχεν
696 3257 746 3325 ἐὺς
760 3264 831 3326 παῖς
845 3260 1005 3342 Ἀγχίσαο,

274 3363 404 3438 Αἰνείας,
420 3361 473 3425 τὸν
487 3360 536 3424 ὑπ’
552 3361 686 3447 Ἀγχίση
702 3359 770 3426 τέκε
787 3360 832 3426 δῖ’
847 3363 1022 3443 Ἀφροδίτη,
1168 3376 1218 3425 820

272 3465 352 3542 Ἴδης
367 3466 401 3529 ἐν
417 3469 556 3543 κνημοῖσι
572 3466 627 3527 θεδ
641 3466 744 3547 βροτῷ
760 3465 929 3543 εὐνηθεῖσα,

275 3571 326 3636 οὐκ
342 3570 415 3642 οἶος,
432 3570 493 3647 ἅμα
507 3571 548 3653 τῷ
563 3594 600 3650 γε
614 3568 673 3631 δόω
688 3568 869 3648 Ἀντήνορος
883 3570 939 3640 υῖε,

273 3669 461 3754 Ἀρχέλοχός
476 3671 500 3731 τ’
514 3670 649 3749 Ἀκάμας
664 3696 705 3746 τε,
720 3669 819 3753 μάχης
835 3669 866 3734 εὖ
882 3672 978 3734 εἰδότε
994 3667 1103 3744 πάσης.
