2848 4296
236 293 301 369 4⁶4
557 305 606 372 23.
629 290 800 350 ΙΛΙΑΔΟΣ
821 290 860 351 Ψ.

233 463 261 524 εἵ
276 459 335 544 γάρ
352 460 377 525 κ’
394 462 428 528 ἐν
443 461 542 546 νύσσῃ
557 484 593 542 γε
609 455 865 544 παρεξελάσῃσθα
881 459 1003 536 διώκων,

232 565 284 627 οὐκ
300 565 365 628 ἐσθ’
383 565 416 630 ὅς
432 563 465 627 κέ
481 561 512 626 α’
526 563 618 649 ἕλῃσι
632 560 821 642 μετάλμενος
836 562 904 625 ούδέ
920 561 1065 647 παρέλθῃ,
1133 586 1180 637 545

233 667 295 731 οὐδ’
313 670 342 731 εί
356 694 407 732 κεν
421 668 607 746 μετόπισθεν
620 665 746 746 Ἀρίονα
760 670 826 728 δῖον
842 665 974 737 ἐλαύνοι,

231 769 401 851 Ἀδρήστου
417 770 512 853 ταχὺν
527 772 631 842 ἵππον,
649 767 681 834 ὃς
691 771 729 831 ἐκ
747 769 855 849 θεόφιν
870 767 959 851 γένος
973 767 1035 848 ήεν,

231 871 250 952 ἢ
267 874 334 940 τοὺς
350 873 565 953 Λαομέδοντος,
581 873 613 937 οἵ
624 871 735 938 »ἐνθάδε
750 871 778 955 γ’
797 873 927 953 ἔτραφεν
942 871 1092 937 ἐσθλοί.”Ι

269 976 332 1043 Ὣς
349 978 441 1043 εἰπὸν
456 976 585 1058 Νέστωρ
601 974 738 1055 Νηλήϊος
753 974 802 1057 ἂψ
819 975 865 1040 ἐνὶ
879 975 964 1060 χώρῃ

233 1081 318 1160 ἕζετ’,
336 1081 401 1146 ἐπεὶ
417 1079 440 1167 φ
457 1079 541 1146 παιδὶ
555 1079 686 1144 ἑκάστου
701 1078 816 1162 πείρατ’
832 1080 925 1145 ἐειπε.
1039 1083 1043 1156 j
1080 1107 1085 1118 ¹
1131 1105 1181 1155 350

276 1187 432 1265 Μηριόνης
447 1184 472 1248 δ’
489 1185 546 1266 ἄρα
562 1184 695 1263 πέμπτας
711 1181 849 1266 ἐΰτριχας
864 1181 1014 1246 ὧπλίσαθ
1031 1183 1150 1249 ἵππους.
1198 1186 1201 1192 ’

208 1276 212 1284 ’
232 1288 269 1354 δν
285 1286 310 1353 δ’
327 1289 404 1367 ἔβαν
419 1288 450 1354 ἐς
466 1289 599 1369 δίφρους,
617 1289 651 1350 ἐν
666 1289 699 1351 δὲ
716 1286 845 1368 κλήρους
862 1284 1024 1366 ἐβάλοντο·

232 1391 325 1456 πάλλ’
340 1391 493 1475 Ἀχιλεύς,
511 1393 545 1454 ἐκ
560 1393 593 1454 δέ
609 1395 720 1471 κλῆρος
735 1389 806 1471 θόρε
821 1391 1011 1472 Νεστορίδαο

231 1493 422 1578 Ἀντιλόχου·
446 1493 521 1574 μετὰ
540 1493 592 1558 τὸν
607 1492 633 1557 δ’
651 1493 745 1576 έλοχε
761 1493 868 1574 κρείων
883 1493 1032 1573 Εὔμηλος·

232 1599 272 1682 τῷ
290 1597 315 1661 δ’
332 1595 377 1678 ἄρ’
393 1595 442 1660 ἐπ’
458 1594 620 1678 Ἀτρείδης,
635 1595 839 1676 δουρικλειτὸς
855 1595 1021 1670 Μενέλαος,
1130 1622 1178 1671 555

232 1701 272 1785 τῷ
288 1700 313 1764 δ’
332 1697 382 1764 ἐπὶ,
397 1700 553 1781 Μηριόνης
567 1698 640 1781 λάχ’
657 1697 828 1778 ἐλαυνέμεν·
850 1700 980 1765 ύστατος
994 1698 1065 1763 αύτε

231 1802 376 1883 Τυδείδης
391 1802 439 1886 ὄχ’
456 1803 579 1884 άριστος
595 1803 654 1868 ἐδν
669 1800 742 1886 λάχ’
753 1801 926 1883 ἐλαυνέμεν
942 1803 1060 1868 ἵππους.

232 1908 308 1971 στὰν
324 1908 356 1971 δέ
370 1907 559 1989 μεταστοιχί,
575 1905 693 1986 σήμηνε
708 1908 741 1970 δέ
756 1905 872 1987 τέρματ’
888 1905 1050 1988 Ἀχιλλεὺς

231 2011 359 2090 τηλόθεν
375 2013 408 2075 ἐν
421 2011 496 2096 λείῳ
513 2011 616 2095 πεδίῳ·
640 2011 722 2091 παρὰ
737 2011 770 2073 δὲ
786 2009 904 2073 σκοπὸν
921 2011 1006 2074 εἷσεν

231 2115 369 2179 ἀντίθεον
384 2116 521 2190 Φοίνικα,
537 2112 655 2178 ὀπάονα
670 2119 781 2195 πατρὸς
796 2117 868 2190 ἑοῖο,
1130 2125 1180 2188 56ο

230 2216 270 2285 ὣς
284 2217 436 2302 μεμνέῳτο
453 2218 579 2299 δρόμους
595 2219 644 2282 καὶ
660 2218 807 2296 ἀληθείην
824 2217 975 2283 ἀποείποι

273 2324 314 2386 Οἱ
330 2321 355 2384 δ’
372 2321 433 2401 ἅμα
448 2320 558 2388 πάντες
573 2319 625 2404 ἐφ’
640 2323 760 2386 ἵπποιιν
773 2319 924 2402 μάστιγας
939 2320 1051 2403 άειρον,

230 2422 387 2507 πέπληγόν
402 2429 429 2488 θ’
446 2427 559 2503 ἵμᾶσιν,
578 2424 755 2506 ὁμόκλησάν
768 2423 793 2486 τ’
810 2422 956 2488 ἐπέεσσιν

230 2526 413 2607 ἐσσυμένως·
436 2531 465 2592 οἵ
481 2524 508 2591 δ’
523 2525 586 2592 ὦκα
601 2527 786 2610 διέπρησσον
801 2527 918 2592 πεδίοιο

230 2631 325 2712 νόσφι
342 2637 418 2696 νεῶν
433 2629 560 2714 ταχέως·
582 2631 689 2694 ὑπὸδὲ
705 2629 859 2712 στέρνοισι
875 2632 957 2708 κονίη
1123 2643 1178 2706 ,565

230 2733 325 2798 ἵστατ’
344 2733 501 2816 ἀειρομένη
517 2735 557 2800 ὥς
571 2759 606 2798 τε
621 2732 715 2814 νέφος
729 2733 764 2812 ήέ
779 2733 903 2812 θύελλα,

228 2842 333 2920 χαῖται
348 2835 374 2900 δ’
390 2838 536 2918 ἐρρύσατο
554 2840 629 2916 μετὰ
644 2838 750 2923 πνοιῇς
766 2835 897 2916 άνέμοιο.

230 2940 347 3022 ἅρματα
362 2941 387 3005 δ’
404 2941 518 3006 ἄλλοτε
536 2944 592 3020 μὲν
605 2939 695 3024 χθονὶ
711 2941 840 3006 πίλνατο
852 2939 1088 3026 πούλυβατείρῃ,

229 3045 343 3109 ἄλλοτε
358 3041 392 3108 δ”
401 3045 528 3125 ἀΐξασκε
542 3045 682 3128 μετήορα·
706 3045 753 3107 τοί
767 3043 792 3108 δ’
804 3046 953 3126 ἐλατῆρες

230 3148 366 3211 ἔστασαν
381 3149 415 3213 ἐν
429 3149 576 3230 δίφροισι,
584 3148 735 3212 πάτασσε
750 3149 783 3210 δὲ
795 3143 1030 3226 θυμὸςὲκάστου
1113 3169 1179 3223 v370

230 3250 314 3329 νίκης
329 3249 464 3331 ἱεμένων·
488 3251 630 3316 κέκλοντο
646 3252 679 3314 δέ
695 3252 778 3314 οἶσιν
793 3250 920 3315 ἕκαστος

230 3357 345 3426 ἵπποις,
362 3355 391 3416 οἵ
407 3351 592 3420 δ’-ἐπέτοντα
609 3354 761 3420 κονίοντες
775 3353 901 3417 πεδίαιοι

273 3457 360 3520 Ἀλλ’
377 3459 427 3522 ὅτε
443 3457 479 3536 δή
495 3457 630 3536 πύματον
645 3455 749 3522 τέλεον
764 3456 875 3538 δρόμον
891 3453 981 3521 ύκέες
996 3456 1084 3520 ἵπποι

230 3563 278 3645 δή
293 3562 340 3643 ἐφ’
358 3559 432 3626 ἁλὸς
447 3564 566 3638 πολιῆς,
582 3559 651 3624 τότε
666 3560 703 3640 δή
719 3557 809 3642 άρετή
824 3585 861 3641 γε
877 3557 1005 3624 ἑκάστου

231 3664 359 3746 φαίνετ’,
375 3665 458 3748 άφαρ
472 3659 500 3732 δ’
514 3664 637 3727 ἵπποισι
651 3660 727 3742 τάθη
743 3664 859 3744 δρόμος·
883 3660 946 3728 θικα
961 3661 985 3727 δ’
1003 3663 1107 3730 ἔπειτα
1130 3687 1178 3742 575
