2760 4232
248 339 311 422 9⁶8
611 385 614 390 .
647 342 794 402 ςιιυοι.

249 515 282 580 ός
298 510 324 577 τ’
340 511 445 578 άδοτός
460 537 516 593 περ
531 514 590 576 ἐῶν
605 511 698 576 δόσει
713 509 803 594 γέρας
819 510 869 574 οὐκ
889 509 1064 593 ἐλάχιστον.

293 619 380 680 Οὕτω
396 616 534 682 Μαιάδος
549 615 614 680 υἱδν
629 613 707 694 άναξ
720 615 869 696 ἐφίλησεν
882 611 1045 677 Ἀπόλλων

250 721 375 807 παντοίῃ
392 719 544 801 φιλότητι,
558 718 648 802 χάριν
664 715 690 782 δ’
706 716 833 797 ἐπέθηκε
849 718 993 798 Κρονίων.
1149 743 1200 794 575

252 828 329 887 πᾶσι
345 819 370 886 δ’
385 825 403 886 ό
416 850 453 906 γε
468 828 605 900 θνητοῖσι
621 818 671 886 καὶ
686 823 883 886 ἀθανάτοισιν
898 823 1013 900 ὁμιλεῖ·

251 931 349 1008 παῦρα
362 928 417 1005 μὲν
433 927 485 991 οὖν
500 927 629 1005 ὀνίνησι,
644 927 679 990 τὸ
695 926 720 990 δ’
735 926 855 1008 ἄκριτον
870 926 1048 1008 ἠπεροπεύει

252 1031 343 1094 νύκτα
360 1027 398 1095 δι’
414 1031 560 1111 ὀρφναίην
575 1035 660 1110 φῦλα
676 1036 793 1108 θνητῶν
808 1030 982 1112 ἀνθρώπων.

297 1133 355 1198 Καὶ
370 1134 410 1197 σὺ
424 1137 481 1213 μὲν
496 1135 572 1196 οὕτω
587 1138 686 1216 χαῖρε,
703 1133 778 1199 Διὸς
794 1135 843 1197 καὶ
864 1132 1000 1199 Μαιάδος
1015 1132 1075 1197 υἱέ·

253 1237 346 1319 αὐτὰρ
363 1238 421 1321 ἐγὼ
438 1238 487 1302 καὶ
504 1242 570 1302 σεῖο
587 1235 635 1300 καὶ
651 1238 748 1316 ἄλλης
762 1235 891 1318 μνήσομ’
907 1238 1018 1314 ἀοιδῆς.
1151 1251 1202 1310 580

707 1711 752 1784 V.

576 1929 636 2007 Εἰς
660 1893 892 2028 Ἀφροδίτην.

303 2122 415 2184 Μοῦσά
428 2145 479 2198 μοι
495 2121 600 2184 ἔννεπε
616 2121 689 2202 ἔργα
704 2121 897 2204 πολυχρύσου
912 2118 1101 2202 Ἀφροδίτης,

261 2227 419 2306 Κύπριδος,
435 2225 455 2304 ἥ
470 2247 503 2288 τε
518 2229 634 2288 θεοῖσιν
650 2223 700 2288 ε’πὶ
716 2225 829 2307 γλυκὺν
845 2227 947 2307 ἵμερον
962 2222 1050 2306 ῶρσε,

262 2330 311 2393 καί
324 2325 349 2391 τ’
363 2327 557 2407 ἐδαμάσσατο
573 2332 658 2409 φῦλα
673 2332 865 2408 καταθνητῶν
881 2329 1054 2408 ἀνθρώπων,

262 2433 385 2499 οἰωνούς
399 2458 432 2496 τε
451 2430 601 2497 διιπετέας
617 2429 666 2494 καὶ
683 2432 771 2512 θηρία
786 2431 892 2510 πάντα,

262 2537 337 2617 ἠμὲν
352 2534 400 2597 δυ’
415 2532 538 2616 ἤπειρος
553 2534 657 2598 πολλὰ
671 2534 777 2616 τρέφει
792 2531 838 2614 ἠδ’
853 2537 912 2599 ὅσα
927 2537 1046 2601 πόντος·
1196 2563 1209 2610 5

263 2643 357 2703 πᾶσιν
374 2636 398 2702 δ’
415 2639 486 2720 ἔργα
501 2638 635 2718 μέμηλεν
651 2638 839 2718 ἐϋστεφάνου
856 2639 1026 2717 Κυθερείης.

264 2741 391 2822 τρισσὰς
407 2739 432 2804 δ’
447 2743 481 2805 οὐ
496 2742 618 2805 δύναται
634 2746 773 2807 πεπιθεῖν
792 2741 905 2822 φρένας
920 2739 981 2804 οὐδ’
998 2743 1160 2819 άπατῆσαι·

265 2846 372 2926 κούρην
387 2843 413 2908 τ’
429 2847 579 2928 αίγιόχοιο
596 2847 679 2924 Διός,
694 2851 869 2928 γλαυκῶπιν
882 2842 1022 2923 Ἀθήνην·

266 2948 300 3010 οὗ
316 2949 373 3031 γάρ
389 2950 418 3012 οἱ
434 2949 538 3013 εύαδεν
553 2950 627 3032 ἔργα
641 2948 834 3032 πολυχρύσου
848 2948 1041 3030 Ἀφροδίτης,

266 3050 337 3113 ἀλλ’
353 3053 411 3133 άρα
426 3055 455 3115 οἱ
470 3053 599 3133 πόλεμοί
612 3078 645 3116 τε
661 3052 733 3117 άδον
750 3055 798 3115 καὶ
813 3053 902 3135 ἔργον
913 3051 1034 3134 Ἀρηος,
1183 3079 1214 3115 ιο

265 3157 392 3233 ὑσμῖναί
404 3181 437 3218 τε
451 3155 546 3239 μάχαι
561 3183 602 3232 τε,
619 3156 668 3219 καὶ
683 3154 783 3239 ἀγλαά
799 3155 860 3237 ἔργ’
877 3157 1042 3238 ἀλεγύνειν.

268 3258 368 3339 τρότη
384 3259 524 3325 τέκτονας
540 3259 648 3340 ἄνδρας
664 3259 856 3342 ἐπιχθονίους
871 3257 988 3338 ἐδίδαξε

269 3364 395 3438 ποιῆσαι
410 3364 533 3429 σατίνας
550 3364 597 3426 καὶ
613 3362 730 3445 άρματα
745 3364 870 3427 ποικίλα
885 3363 1002 3446 χαλκῷ·

269 3466 287 3544 ἡ
304 3465 337 3530 δέ
352 3489 384 3529 τε
400 3469 580 3546 παρθενικὰς
595 3467 789 3550 ἁπαλόχροας
806 3470 839 3531 ἐν
854 3465 1032 3549 μεγάροισιν

271 3570 371 3651 ἀγλαὰ
386 3565 447 3650 ἔργ’
464 3569 600 3649 ἐδίδαξεν
616 3571 666 3634 ἐπὶ
683 3572 776 3651 φρεσὶ
792 3574 880 3633 θεῖσα
896 3567 1018 3655 ἑκάστῃ.
1188 3597 1195 3631 ι
1201 3597 1215 3645 5

270 3736 285 3781 8
303 3733 444 3797 γλαυκῶπιν
455 3732 502 3790 Μ;
516 3731 664 3792 γλαυκῶπιθ
675 3749 716 3797 xp.
797 3747 827 3794 13
843 3729 931 3780 σάπινα
943 3732 1028 3791 codd.;
1045 3719 1107 3783 ςοττ.
1120 3733 1217 3782 Βκιοιιςι
