2848 4296
262 363 326 444 388
608 384 658 448 19.
683 369 854 428 1A1AA02
877 371 912 430 τ.

264 541 281 570 “
290 534 437 617 Ἀτρεΐδη,
455 535 473 616 ή
489 536 525 617 ἀρ
541 562 569 600 τι
585 535 645 600 τόδ’
663 534 881 618 ἀμφοτέροισιν
896 536 997 616 ἄρειον

264 641 384 719 ἔπλετο,
401 640 452 704 σοὶ
469 640 518 703 καὶ
533 641 608 719 ἐμοί,
624 640 642 701 ὅ
658 665 690 703 τε
707 638 761 702 νῶΐ
776 666 832 721 περ
849 640 1004 722 ἀχνυμένω
1023 646 1077 722 κῆρ

264 744 424 828 θυμοβόρῳ
441 743 516 825 ἔριδι
530 741 717 822 μενεήναμεν
732 745 833 807 εἵνεκα
849 745 971 826 κούρης,·

264 847 319 925 τὴν
335 846 423 927 ὄφελ’
441 848 474 910 ἐν
490 844 599 924 νήεσσι
616 845 803 926 κατακτάμεν
815 845 957 928 Ἀρτεμις
974 850 1018 931 ἰῷ,

264 949 353 1029 ἤματι
370 953 410 1034 τῷ
428 950 470 1013 ὅτ’
488 952 566 1032 ἔγάν
582 950 695 1029 ἑλόμην
710 951 892 1031 Λυρνησσὸν
908 950 1053 1018 ὀλέσσας·

265 1056 306 1138 τῷ
324 1053 349 1116 κ’
366 1054 400 1118 ού
416 1055 525 1117 τόσσοι
539 1053 662 1136 Ἀχαιοὶ
678 1052 755 1131 ὀδὰξ
769 1054 841 1117 ἔλον
856 1054 992 1118 ἄσπετον
1007 1054 1096 1120 οὖδας

265 1156 437 1236 δυσμενέων
453 1159 511 1221 ὑπὸ
526 1158 643 1240 χερσίν,
660 1159 731 1236 ἔμεῦ
747 1158 1001 1236 ἀπομηνίσαντος.

261 1260 385 1342 Ἕκτορι
399 1262 455 1339 μὲν
472 1261 521 1325 καὶ
534 1261 638 1341 Τρωσὶ
651 1259 685 1323 τὸ
701 1260 828 1341 κέρδιον·
861 1260 953 1341 αύτάρ
968 1260 1112 1344 Ἀχαιοὺς

266 1371 356 1447 δηρὸν
372 1367 444 1444 ἐμῆς
456 1365 509 1429 καὶ
526 1368 582 1443 σῆς
597 1365 694 1446 ἔριδος
709 1363 881 1444 μνήσεσθαι
896 1363 927 1427 di
952 1415 959 1429 .

266 1468 348 1530 ἀλλά
364 1470 401 1530 τά
415 1470 472 1548 μὲν
486 1467 686 1551 προτετύχθαι
702 1467 832 1546 ἐάσομεν
848 1467 1014 1550 ἀχνύμενοί
1026 1494 1091 1549 περ,

266 1575 360 1650 θυμὸν
376 1572 420 1634 ένὶ
438 1569 587 1650 στήθεσσι
604 1573 698 1652 φίλον
716 1571 906 1650 δαμάσαντες
921 1569 1046 1656 ἀνάγκη·

267 1681 318 1739 νῦν
335 1675 359 1737 δ’
377 1674 395 1754 ἦ
411 1700 458 1738 τοι
472 1676 528 1754 μὲν
545 1676 604 1757 ε’γά
620 1675 704 1738 παύω
719 1675 826 1757 χόλον,
843 1673 911 1738 ούδέ
927 1679 956 1736 τί
971 1701 1009 1754 με
1024 1675 1083 1756 χρὴ

267 1777 422 1845 ἀσκελέως
437 1780 496 1843 αἰεὶ
510 1777 714 1859 μενεαινέμεν·
745 1777 814 1842 ἀλλ’
833 1778 888 1860 άγε
904 1782 1024 1842 θᾶσσον

268 1885 391 1963 ὄτρυνον
406 1883 576 1961 πόλεμόνδε
592 1881 665 1964 κόρη
683 1882 854 1962 κομόωντας
868 1880 1021 1963 Ἀχαιούς,

268 1985 336 2067 ὄφρ’
353 1987 397 2049 ἔτι
413 1984 461 2050 καὶ
475 1987 588 2067 Τρώων
603 1985 786 2068 πειρήσομαι
802 1987 905 2051 ἀντίον
920 1985 1027 2062 ἐλθόν,

268 2091 301 2152 αἵ
315 2087 341 2151 κ’
357 2088 483 2152 έθέλωσ’
500 2091 550 2153 έπὶ
566 2091 673 2167 νηυσὶν
689 2089 792 2154 ἰαύειν·
825 2089 907 2152 ἀλλά
922 2086 979 2152 τιν’
995 2091 1048 2151 οἴω

232 2245 235 2252 .
268 2194 428 2259 ἀσπασίως
443 2193 539 2257 αὐτῶν
554 2194 628 2275 γόνυ
644 2192 785 2275 κάμψειν,
801 2194 834 2258 ός
850 2219 883 2255 κε
899 2191 1015 2278 φύγῃσι

269 2294 353 2374 δηΐου
369 2297 402 2358 ἐκ
418 2295 564 2374 πολέμοιο
580 2297 628 2360 ὑπ’
646 2298 754 2380 ἔγχεος
768 2295 954 2377 ἡμετέροιο.”

305 2397 369 2465 ΑΩς
385 2397 482 2479 ἔφαθ’,
501 2402 529 2462 αἱ
546 2399 571 2462 δ’
590 2399 745 2483 ἐχάρησαν
761 2397 934 2478 ἐϋκνήμιδες
950 2398 1070 2481 Ἀχαιοὶ

268 2505 358 2581 μῆνιν
373 2504 554 2569 ἀπειπόντος
568 2503 740 2586 μεγαθύμου
755 2500 941 2582 Πηλεΐωνος.

270 2611 350 2668 τοῖσι
366 2608 398 2670 δὲ
414 2607 463 2670 καὶ
477 2606 635 2686 μετέειπεν
650 2605 729 2685 ἄναξ
742 2607 857 2688 ἀνδρῶν
874 2603 1071 2687 Ἀγαμέμνων

271 2703 412 2796 [αὐτόθεν
427 2708 573 2792 ἔξέδρης,
591 2711 651 2775 οὔδ’
668 2711 701 2772 ἔν
717 2707 882 2790 μέσσοισιν
899 2705 1057 2795 ἀναοτάς]·

272 2810 325 2875 “ἀ
341 2815 428 2894 φίλοι
443 2814 537 2892 ἥρωες
554 2815 679 2892 Δαναοί,
696 2812 878 2895 θεράποντες
890 2811 1010 2894 Ἀρηος,

271 2919 416 2983 ἑσταότος
430 2920 486 2997 μὲν
501 2923 596 2981 καλὸν
613 2917 740 2994 ἀκούειν,
757 2916 825 2982 οὐδὲ
844 2917 942 2982 ἔοικεν
991 2923 992 2928 '

270 3020 455 3100 ὑββάλλειν·
482 3021 621 3105 χαλεπὸν
636 3021 694 3104 γὰρ
710 3019 900 3105 ἐπισταμένη)
916 3046 972 3101 περ
988 3021 1079 3084 ἔόντι.
1185 3037 1219 3085 8ο

272 3124 387 3205 ἀνδρῶν
402 3124 427 3187 δ’
443 3126 477 3189 ἔν
492 3127 599 3207 πολλῷ
617 3123 717 3209 ὁμάδιρ
733 3130 796 3191 πῶς
814 3123 866 3189 κέν
881 3149 926 3190 τις
942 3123 1069 3187 ἀκούσαι

271 3223 289 3305 ἢ
307 3229 407 3306 εἵποι;
430 3227 588 3309 βλάβεται
604 3229 637 3292 δὲ
651 3229 738 3312 λιγύς
753 3254 809 3311 περ
826 3229 884 3294 έάν
902 3225 1061 3310 ἀγορητής.

272 3329 409 3417 Πηλεΐδη
425 3334 480 3411 μὲν
496 3334 574 3414 ἐγὼν
589 3331 769 3412 ἐνδείξομαι·
800 3332 892 3414 αάτδρ
909 3333 937 3394 οἶ
953 3331 1045 3394 άλλοι

273 3433 413 3498 σύνθεσθ’
429 3435 573 3519 Ἀργεῖοι,
586 3438 682 3515 μῦθόν
696 3433 722 3501 τ’
739 3435 771 3501 εὖ
786 3441 882 3518 γνῶτε
896 3434 1033 3499 ἕκαστος.

273 3538 405 3602 πολλάκι
421 3538 457 3618 δή
472 3565 524 3620 μοι
539 3545 645 3606 τοῦτον
661 3537 781 3624 Ἀχαιοὶ
796 3543 890 3620 μῦθον
906 3538 1018 3614 ἔειπον,

274 3643 324 3706 καί
338 3641 371 3705 τέ
385 3670 424 3723 με
440 3645 631 3708 νεικείεσκον·
665 3645 723 3726 ἐγὼ
740 3643 764 3708 δ’
782 3644 833 3706 ούκ
850 3643 945 3708 αἴτιός
962 3643 1030 3721 εἰμι,

274 3748 355 3810 ἀλλά
371 3746 446 3813 Ζεὺς
461 3749 510 3812 καὶ
527 3752 629 3828 Μοῖρα
645 3749 693 3811 καὶ
709 3748 883 3828 ἠεροφοῖτις
897 3745 1024 3827 Ἐρινύς,
