2908 4232
304 366 367 435 500
628 364 678 424 24.
703 349 872 409 ΙΛΙΑΔΟΣ
896 350 935 408 Ω.

307 520 348 602 τῷ
366 522 417 581 νῦν
432 515 472 599 μή
487 542 538 597 μοι
552 521 674 599 μᾶλλον
690 521 722 581 ἐν
737 516 848 599 άλγεσι
864 517 957 598 θνμδν
972 519 1081 604 ὀρίνῃς,

307 619 347 700 μή
363 648 410 697 σε,
425 620 524 704 γέρον,
542 621 602 685 οὐδ’
619 621 709 686 αὐτὸν
725 624 770 685 ἐνὶ
788 622 946 708 κλισίῃσιν
964 621 1044 685 ἐάσω

308 725 357 787 καὶ
375 723 475 803 ἱκέτην
489 751 544 807 περ
560 726 658 797 ἐόντα,
677 724 751 791 Διὸς
767 724 791 789 δ’
809 727 957 806 ἀλίτωμαι
973 722 1134 805 ἐφετμάς.”
1204 745 1250 800 5ηο

343 824 407 894 Ὠς
423 827 518 909 ἔφατ’,
535 829 652 891 ἔδεισεν
667 827 691 892 δ’
709 827 837 910 ὀγέρων
851 827 901 892 καὶ
917 829 1055 892 ἐπείθετο
1074 827 1167 912 μύθῳ.

307 929 461 1010 Πηλείδης
477 931 502 994 δ’
519 932 612 993 οἴκοιο
627 929 708 993 λέων
723 931 763 996 ὣς
777 931 853 993 ἀλτο
869 931 983 1012 θύραζε,

308 1034 360 1097 οὐκ
377 1035 448 1111 οἶος,
464 1033 524 1113 άμα
539 1035 580 1118 τῷ
595 1059 631 1116 γε
647 1033 705 1098 δύω
725 1033 906 1114 θεράποντες
925 1035 1043 1110 ἕποντο,

307 1139 385 1219 ἥρως
404 1136 582 1218 Αὐτομέδων
596 1135 642 1217 ἠδ’
656 1137 811 1218 Ἀλκιμος,
829 1141 879 1205 ούς
892 1141 931 1221 ῥα
945 1138 1080 1217 μάλιστα

307 1240 344 1304 τῖ’
360 1240 502 1324 Ἀχιλεὺς
517 1240 630 1322 ἑτάρων
644 1244 720 1322 μετὰ
735 1240 916 1323 Πάτροκλόν
929 1269 965 1324 γε
982 1242 1121 1319 θανόντα,
1203 1261 1250 1316 575

307 1344 336 1407 ολ
351 1345 413 1407 τόθ’
429 1346 487 1406 ὑπὸ
504 1344 631 1426 ζυγόφιν
645 1345 720 1407 λύον
734 1347 844 1410 ἵππους
858 1344 1000 1425 ἡμιόνους
1015 1370 1056 1421 τε,

307 1449 338 1512 ἐς
354 1444 378 1510 δ’
395 1447 510 1528 ἄγαγον
526 1447 638 1528 κήρυκα
653 1446 806 1529 καλήτορα
820 1452 885 1510 τοῖο
900 1446 1049 1530 γέροντος,

308 1549 360 1613 κάδ
377 1550 402 1613 δ’
419 1551 469 1613 ἐπὶ
485 1551 593 1632 δίφρον
609 1551 706 1614 εἷσαν·
730 1549 873 1629 ἐϋξέστου
889 1556 914 1614 δ’
929 1549 979 1614 ἀπ’
995 1550 1111 1630 ἀπήνης

305 1651 395 1739 ᾕρεον
408 1651 569 1734 Ἑκτορέης
584 1656 720 1734 κεφαλῆς
735 1650 884 1734 ἀπερείσι’
900 1653 1019 1718 ἄποινα.

307 1755 360 1819 κάδ
377 1755 401 1819 δ’
418 1756 526 1820 ἔλιπον
537 1755 588 1820 δύο
604 1754 691 1838 φάρε’
708 1755 851 1836 ἐΰννητόν
865 1782 898 1821 τε
914 1762 1036 1840 χιτῶνα,
1202 1772 1250 1835 580

307 1861 387 1941 ὄφρα
402 1858 490 1924 νέκυν
505 1859 641 1925 πυκάσας
656 1860 722 1937 δοίη
739 1860 857 1926 οἶκόνδε
872 1857 1027 1942 φέρεσθαι.

306 1966 405 2043 δμωᾶς
420 1961 447 2027 δ’
464 1963 632 2029 ἐκκαλέσας
645 1967 758 2026 λοῦσαι
773 1960 871 2029 κέλετ’
887 1964 968 2044 ἀμφί
985 1963 1010 2026 τ’
1026 1965 1164 2046 ἀλεῖψαι,

306 2050 419 2149 νόσφιν
434 2065 585 2150 ἀειράσας,
601 2067 641 2134 ὣς
654 2067 695 2147 μὴ
715 2067 852 2150 Πρίαμος
866 2067 925 2130 ίδοι
939 2069 1015 2144 υἱόν,

305 2171 346 2252 μὴ
363 2173 379 2234 ὁ
393 2173 449 2253 μὲν
464 2170 615 2259 ἀχνυμένη
631 2172 735 2258 κραδίη
750 2173 847 2254 χόλον
862 2171 914 2236 οὐκ
931 2171 1070 2252 ἐρύσαιτο

306 2279 398 2340 παῖδα
413 2275 493 2352 ίδιύν,
508 2275 633 2359 Ἀχιλῆϊ
647 2276 672 2339 δ’
689 2275 820 2357 ὀρινθείη
836 2275 931 2357 φίλον
946 2272 1026 2358 ἦτορ,
1202 2289 1249 2352 585

307 2380 358 2442 καί
371 2382 386 2442 έ
401 2378 612 2454 κατακτείνειε,
629 2378 703 2444 Διὸς
718 2375 745 2442 δ’
761 2378 900 2457 ἀλίτηται
916 2377 1058 2460 ἐφετμάς.

306 2487 358 2547 τὸν
374 2477 399 2544 δ’
417 2482 483 2545 ἐπεὶ
499 2480 551 2544 οὖν
566 2481 662 2560 δμωαὶ
676 2486 795 2544 λοῦσαν
811 2481 860 2545 καὶ
875 2485 988 2564 χρῖσαν
1003 2483 1105 2567 ἐλοίιρ,

307 2584 384 2664 ἀμφὶ
398 2582 432 2647 δέ
445 2610 498 2665 μιν
513 2588 609 2666 φᾶρος
624 2584 719 2648 καλὸν
732 2583 835 2665 βόλον
850 2585 902 2664 ἠδὲ
917 2591 1039 2668 χιτῶνα,

306 2687 393 2753 αὐτὸς
408 2689 461 2752 τόν
475 2687 503 2770 γ’
521 2685 663 2771 Ἀχιλεὺς
676 2689 794 2771 λεχέων
809 2687 953 2770 ἐπέθηκεν
968 2690 1077 2771 ἀείρας,

307 2789 363 2855 σὺν
377 2789 406 2855 δ’
421 2791 521 2874 έταροι
536 2791 640 2873 ἤειραν
656 2791 799 2872 ἐϋξέστην
814 2793 860 2856 ἐπ’
878 2791 1005 2872 ἀπήνην.
1202 2821 1251 2870 590

307 2893 431 2978 ᾤμωξέν
443 2896 468 2958 τ’
485 2895 530 2978 ἀρ’
547 2896 662 2973 ἔπειτα,
678 2897 773 2976 φίλον
787 2897 811 2960 δ’
829 2897 975 2976 ὀνόμηνεν
994 2900 1121 2976 ἑταῖρον·

306 3005 322 3032 “
330 2997 372 3078 μή
387 3025 447 3078 μοι,
463 2997 631 3080 Πάτροκλε,
647 2999 872 3080 σκυδμαινέμεν,
890 3001 923 3064 οἵ
937 3027 970 3066 κε
985 3000 1095 3078 πύθηαι

307 3104 351 3165 εἰν
363 3101 467 3170 Ἀϊδός
481 3129 536 3185 περ
552 3104 611 3168 ἐδυ
624 3105 670 3180 ὅτι
683 3101 814 3184 Ἕκτορα
830 3107 895 3167 δῖον
911 3104 1007 3168 ἔλυσα

306 3207 396 3287 πατρὶ
412 3207 502 3292 φίλῳ,
520 3209 585 3271 ἐπεὶ
602 3207 636 3270 ού
650 3233 701 3287 μοι
717 3205 817 3270 ἀεικέα
832 3212 926 3270 δῶκεν
941 3207 1059 3270 ἀποινα.

306 3311 357 3372 σοὶ
372 3307 398 3372 δ’
411 3310 448 3372 ού
464 3312 522 3393 ἐγὼ
539 3311 588 3374 καὶ
603 3309 688 3374 τῶνδ’
706 3309 920 3391 ἀποδάσσομαι
936 3310 1005 3372 ὅσσ’
1018 3308 1185 3375 ἐπέοικεν.’-’
1201 3337 1251 3390 595

345 3410 390 3474 Ἦ
404 3415 451 3495 ῥα,
470 3415 518 3477 καὶ
533 3416 564 3479 ἐς
579 3416 702 3492 κλισίην
716 3413 812 3479 πόλιν
826 3412 874 3492 ἤϊε
890 3418 953 3480 δῖος
966 3411 1139 3496 Ἀχιλλεύς,

306 3516 389 3593 ἕζετο
405 3513 429 3578 δ’
447 3518 480 3579 ἐν
496 3519 613 3602 κλισμῷ
630 3515 854 3601 πολυδαιδάλῳ,
870 3516 957 3581 ένθεν
972 3515 1092 3596 ἀνέστη,

306 3621 410 3704 τοίχου
425 3625 478 3682 τοῦ
495 3618 604 3701 ἑτέρου,
619 3618 689 3685 ποτὶ
704 3622 737 3684 δ’(
753 3620 889 3701 Πρίαμον
904 3617 991 3701 φάτοι
1000 3624 1102 3699 μῦθον·

308 3729 324 3759 “
334 3726 398 3791 υἱὸς
413 3711 469 3804 θέν
483 3721 520 3801 δύ
536 3748 582 3788 τοι
597 3722 732 3801 λέλυται,
747 3721 848 3806 γέρον,
861 3722 900 3800 ὣς
916 3721 1063 3802 ἐκέλευες,
