2738 4226
267 283 330 356 264
577 293 627 359 13.
653 280 823 340 ΙΛΙΑΔΟΣ
847 280 885 342 Ν.

261 448 381 510 αἰδοίων
397 472 429 510 τε
443 444 562 529 μεσηγὺ
579 447 627 509 καὶ
643 447 793 527 ὀμφαλοιῖ,
811 445 883 509 ἔνθα
896 443 1031 523 μάλιστα

260 548 372 632 γίγνετ’
384 548 477 630 Ἀρης
494 548 649 629 ἀλεγεινὸς
665 549 810 628 ὀϊζυροῖσι
828 552 996 628 βροτοῖσιν.

262 652 334 716 ἔνθα
349 653 377 714 οί
393 651 483 733 ἔγχος
499 648 617 729 ἔπηξεν·
640 651 657 712 ὁ
672 646 698 713 δ’
716 649 883 727 ἑσπόμενος
897 650 965 730 περὶ
983 651 1064 731 δουρὶ
1155 673 1204 723 570

260 751 385 834 ἤσπαιρ’
400 753 440 820 ὡς
455 754 506 816 ὅτε
521 758 605 832 βοῦς,
620 753 673 816 τόν
688 751 712 814 τ’
730 753 831 833 οὔρεσι
846 753 992 830 βουκόλοι
1008 753 1111 831 ἀνδρες

259 855 384 922 ἰλλάσιν
402 856 454 919 οὐκ
471 855 615 919 ἐθέλοντα
629 855 685 940 βίῃ
701 853 847 933 δήσαντες
862 854 998 936 ἄγουσιν·

262 961 301 1025 ὣς
317 961 334 1022 ό
349 961 450 1024 τυπεὶς
465 957 596 1040 ἤσπαιρε
609 957 737 1037 μίνυνθά
752 984 817 1038 περ,
834 957 869 1020 οιῖ
884 983 913 1020 τι
927 957 1010 1037 μάλα
1024 958 1087 1036 δήν,

263 1064 343 1144 ὄφρα
358 1065 387 1126 οἱ
403 1065 435 1125 ἔκ
450 1063 542 1145 χροδς
557 1063 648 1144 ἔγχος
664 1058 851 1126 ἀνεσπάσατ’
868 1061 994 1144 ἔγγάθεν
1010 1064 1107 1126 ἐλθὼν

261 1167 339 1246 ἥρως
354 1167 519 1246 Μηριόνης·
542 1165 595 1230 τὸν
610 1165 643 1227 δέ
658 1165 768 1230 σκότος
783 1165 861 1227 ὄσσε
880 1163 1009 1245 κάλυψε.
1155 1190 1204 1241 575

307 1266 461 1348 Δηίπυρον
476 1266 503 1330 δ’
515 1265 645 1332 Ἕλενος
661 1265 745 1346 ξίφεϊ
761 1266 872 1347 σχεδὸν
887 1264 986 1343 ἤλασε
1002 1268 1114 1347 κόρσην

264 1371 397 1453 Θρηϊκίῳ
412 1368 545 1452 μεγάλῳ,
561 1369 621 1435 ἀπὸ
636 1372 669 1432 δὲ
684 1367 868 1448 τρυφάλειαν
884 1367 1002 1450 ἄραξεν.

262 1474 280 1550 ἡ
296 1475 352 1553 μὲν
368 1474 624 1553 ἀποπλαγχθεῖσα
638 1471 732 1553 χαμαὶ
747 1469 833 1543 πέσε,
850 1473 901 1536 καί
914 1497 958 1538 τις
977 1470 1109 1554 Ἀχαιῶν

262 1574 457 1657 μαρναμένων
471 1576 546 1652 μετά
562 1575 659 1638 ποσσὶ
676 1571 890 1652 κυλινδομένην
905 1576 1059 1653 ἐκόμισσε·

264 1679 315 1742 τδν
330 1679 363 1740 δέ
380 1674 443 1740 κατ’
459 1677 626 1757 ὀφθαλμῶν
641 1676 785 1758 ἐρεβεννῆ
800 1673 857 1754 νὺξ
870 1675 1033 1757 ἐκάλυψεν.
1157 1695 1206 1754 58ο

306 1777 464 1862 Ἀτρείδην
479 1779 504 1843 δ’
521 1779 596 1862 ἄχος
612 1781 684 1857 είλε,
699 1779 779 1859 βοὴν
794 1780 909 1860 ἀγαθὸν
924 1779 1093 1844 Μενέλαον·

263 1885 305 1963 βῆ
321 1881 347 1946 δ’
363 1880 570 1960 ἐπαπειλήσας
584 1880 700 1967 Ἑλένῳ
715 1882 789 1964 ἥρωϊ
804 1883 918 1956 ἄνακτι,

264 1985 317 2064 ὀξὺ
333 1988 403 2068 δόρυ
419 1986 563 2068 κραδάων·
587 1988 651 2051 ὅδὲ
666 1985 755 2065 τόξου
771 1989 870 2070 πῆχυν
884 1989 1004 2054 άνελκε.

264 2090 305 2151 τδ
321 2087 348 2153 δ’
364 2087 411 2171 ἀρ’
427 2088 595 2171 ὁμαρτήδην
611 2092 626 2153 ό
642 2093 698 2171 μὲν
714 2092 799 2175 ἔγχεϊ
814 2089 949 2169 ὀξυόεντι

265 2188 318 2254 ἵετ’
335 2193 521 2269 ἀκοντίσσαι,
539 2195 556 2255 ὁ
571 2190 597 2258 δ’
614 2192 673 2260 ἀπὸ
689 2197 833 2275 νευρῆφιν
848 2194 951 2278 ὀϊστιγῖ.
1158 2211 1207 2274 535

266 2297 433 2376 Πριαμίδης
447 2296 502 2373 μὲν
518 2294 622 2359 ἔπειτα
637 2298 712 2358 κατὰ
728 2298 837 2372 στῆθος
851 2295 950 2375 βάλεν
965 2297 1000 2381 ἰῷ

266 2398 399 2478 θόρηκος
414 2398 539 2479 γύαλον,
556 2397 617 2464 ἀπὸ
632 2397 655 2461 δΙ
674 2398 783 2462 ἔπτατο
799 2397 903 2479 πικρὸς
918 2399 1029 2465 ὀϊστός.

266 2500 305 2565 ὣς
320 2499 345 2564 δ’
362 2497 405 2562 ὅτ’
422 2500 481 2563 ἀπὸ
496 2498 627 2566 πλατέος
643 2501 775 2581 πτυόφιν
788 2499 926 2583 μεγάλην
941 2499 1004 2563 κατ’
1020 2502 1123 2581 ἀλωὴν

266 2602 444 2683 θριάσκωσιν
459 2602 565 2684 κόαμοι
579 2605 784 2686 μελανόχροες
797 2601 816 2683 ῆ
833 2602 995 2685 ἐρέβινθοι,

267 2707 356 2792 πνοιῇ
372 2707 429 2769 άπο
444 2709 552 2794 λιγνρῆ
569 2708 617 2770 καὶ
632 2709 813 2786 λικμητῆρος
829 2707 915 2791 ἐρωῆ,

268 2811 306 2874 ὣς
322 2808 381 2873 ἀπὸ
397 2809 528 2891 θόρηκος
544 2807 704 2878 Μενελάου
720 2807 894 2886 κυδαλίμοιο

266 2911 385 2975 πολλὸν
400 2913 631 2994 ἀποπλαγχθεὶς
646 2912 716 2976 ἑκὰς
731 2911 842 2974 ἔπτατο
857 2909 960 2992 πικρδς
975 2913 1086 2980 ὀϊστός.

268 3012 421 3095 Ἀτρείδης
436 3014 461 3077 δ’
478 3014 535 3094 άρα
550 3019 645 3097 χεῖρα,
660 3013 741 3093 βοὴν
756 3014 868 3096 ἀγαθὸς
882 3014 1049 3092 Μενέλαος,

267 3117 322 3197 τῆν
336 3116 469 3204 βάλενῇ
483 3114 518 3199 ῥ’
534 3117 586 3200 ἔχε
600 3115 690 3195 τόξον
705 3114 818 3195 ἐΰξοον·
842 3120 876 3182 ἐν
890 3117 915 3182 δ’
932 3118 989 3199 ἄρα
1003 3116 1080 3204 τόξῳ

269 3221 388 3302 ἀντικρὺ
403 3222 452 3284 διδ
466 3219 569 3303 χειρὸς
584 3217 715 3297 ἐλήλατο
730 3218 863 3301 χάλκεον
879 3221 976 3303 ἔγχος.
1162 3251 1210 3302 595

268 3322 315 3403 δή
330 3322 355 3385 δ’
374 3321 487 3404 ἑτάρων
503 3324 546 3387 εἰς
562 3322 648 3386 ἔθνος
664 3320 789 3404 ἐχάζετο
805 3321 868 3404 κῆρ’
884 3323 1038 3395 ἀλεείνων,

268 3430 356 3508 χεῖρα
370 3423 612 3507 παρακρεμάσας·
636 3424 671 3487 τὸ
686 3422 711 3488 δ’
728 3423 875 3506 ἐφέλκετο
890 3426 1030 3505 μείλινον
1042 3426 1144 3509 ἔγχος.

270 3528 318 3590 καὶ
333 3525 367 3591 τδ
382 3528 438 3606 μέν
453 3529 485 3591 ἐκ
501 3525 602 3610 χειρὸς
619 3526 725 3608 ἔρυσεν
738 3527 908 3610 μεγάθυμος
923 3525 1070 3610 Ἀγήνωρ,

269 3630 361 3710 αὐτὴν
376 3631 409 3694 δέ
424 3628 588 3710 ξυνέδησεν
603 3631 763 3710 ἐϋστρεφεῖ
777 3630 840 3694 οίδς
856 3627 949 3714 ἀότιρ,
1101 3635 1104 3642 “
