2760 4232
498 353 809 414 EIIIFPAMMATA.
1048 370 1131 435 1003

597 588 716 662 XIII.

396 789 457 870 Εἰς
483 785 585 862 οἶκον
609 787 680 896 τῶν
706 790 908 890 φρατόρων.

225 962 349 1044 Ἀνδρὸς
363 966 418 1042 μὲν
433 963 585 1043 στέφανος
600 971 714 1044 παῖδες,
731 967 840 1049 πύργοι
855 968 888 1030 δέ
904 969 1029 1046 πόληος,

183 1070 270 1133 ἵπποι
287 1066 312 1131 δ’
328 1069 364 1131 έν
380 1069 470 1153 πεδίῳ
488 1070 611 1146 κόσμος,
626 1071 695 1146 νῆες
713 1071 744 1133 δὲ
761 1068 932 1149 θαλάσσης,

183 1167 320 1251 χρήματα
336 1167 361 1234 δ’
376 1169 459 1250 αὔξει
476 1171 570 1244 οἶκον,
587 1171 662 1252 ἀτὰρ
677 1173 798 1254 γεραραὶ
813 1177 966 1252 βασιλῆες

182 1274 287 1353 ἥμενοι
303 1277 348 1339 είν
364 1276 466 1360 ἀγορῇ,
483 1277 595 1353 κόσμος
610 1280 734 1340 λαοῖσιν
750 1277 888 1357 ὁρᾶσθαι·

183 1376 339 1455 αἰθομένου
354 1379 387 1442 δὲ
402 1384 493 1460 πυρὸς
508 1379 709 1461 γεραρώτερος
725 1379 806 1446 οἶκος
822 1382 941 1443 ἰδέσθαι
1119 1405 1132 1455 5

183 1479 271 1562 ἤματι
287 1482 437 1567 χειμερίῳ,
455 1482 538 1545 ὁπότ’
555 1481 592 1546 ἀν
607 1485 718 1568 νίφῃσι
734 1485 877 1563 Κρονίων.

603 1888 715 1960 XIV.

444 2088 605 2185 Κάμινος
630 2087 654 2184 ἦ
682 2090 869 2188 Κεραμεῖς.

228 2269 265 2338 m
280 2276 335 2355 μὲν
351 2275 464 2339 δεύσετε
478 2275 598 2353 μισθόν,
614 2273 716 2349 ἀείσω,
733 2272 756 2338 ὦ
774 2277 925 2357 κεραμῆες·

63 2403 66 2408 ·
184 2374 261 2457 δεῦρ’
276 2374 324 2460 ἄγ’
338 2377 491 2457 Ἀθηναίη,
507 2379 557 2442 καὶ
571 2379 713 2460 ὑπείρεχε
727 2382 815 2460 χεῖρα
832 2379 965 2456 καμίνου,

184 2481 216 2545 εδ
231 2484 264 2546 δὲ
280 2486 460 2546 πεπαυθεῐεν
476 2481 596 2546 κότυλοι
611 2482 659 2546 καὶ
675 2481 773 2546 πάντα
789 2480 950 2563 κάναστρα,

184 2587 358 2669 φρυχθῆναί
371 2609 402 2648 τε
419 2591 517 2652 καλῶς
533 2583 582 2650 καὶ
598 2587 682 2662 τιμῆς
699 2583 777 2650 ὦνον
794 2583 927 2665 ἀρέσθαι,

184 2691 286 2751 πολλὰ
301 2689 355 2768 μὶν
372 2690 416 2752 είν
432 2689 526 2776 ἀγορῇ
542 2679 729 2767 πωλεύμενα,
745 2687 849 2751 πολλὰ
864 2687 889 2751 δ’
907 2689 1033 2768 ἀγυιαῖς,
1116 2713 1130 2762 5

184 2788 204 2833 *
220 2790 370 2855 πολλὰδὲ
387 2796 533 2872 κερδῆναι,
549 2791 621 2871 ἡμῖν
636 2795 669 2856 δὲ
684 2791 731 2870 δή,
748 2794 787 2858 ὥς
805 2800 882 2873 σφιν
897 2793 1008 2854 ἀεῖσαι.

183 2892 221 2972 ἢν
236 2895 261 2958 δ’
277 2893 324 2958 ἐπ’
341 2895 493 2974 ἀναιδείην
507 2879 684 2976 τρεῷθέντες
699 2895 802 2978 ψεύδε’
819 2896 954 2986 ἀρησθε,Ι

184 2999 342 3082 σογκαλέω
361 3000 397 3078 δὴ
414 2999 516 3063 ἔπειτα
532 3002 644 3084 καμίνῳ
660 3004 838 3080 δηλητῆρας,

184 3100 324 3185 Σύντριβ’
340 3105 418 3183 ὁμῶς
435 3102 594 3184 Σμάραγόν
609 3130 641 3167 τε
658 3101 706 3167 καὶ
717 3102 873 3183 Ἀσβετον
888 3103 941 3182 ἠδὲ
957 3088 1120 3183 Σαβάκτην

182 3206 357 3286 Ὠμύδαμόν
372 3206 407 3282 θ’,
423 3205 456 3273 δς
471 3209 540 3292 τῇδε
556 3207 647 3293 τέχνῃ
665 3210 740 3271 κακδ
754 3211 858 3271 πολλὰ
874 3207 996 3287 πορίζει.
1100 3234 1130 3270 10

183 3310 274 3391 πέρθε
290 3311 495 3392 πυραίθουσαν
510 3309 558 3374 καὶ
578 3309 708 3391 δείματα,
723 3311 779 3375 σὺν
794 3314 827 3376 δὲ
843 3311 964 3391 κάμινος

183 3418 267 3478 πάσα
283 3415 431 3492 κυκηθείη,
449 3403 597 3494 κεραμέαν
612 3413 691 3497 μέγα
707 3415 911 3479 κωκυσάντων.

184 3517 222 3584 ὣς
237 3516 347 3598 γνάθος
364 3519 468 3597 ἱππείη
483 3518 599 3598 βρύκει,
615 3519 720 3598 βρύκοι
736 3519 769 3582 δὲ
788 3517 921 3595 κάμινος,

183 3619 268 3686 πάντ’
285 3619 404 3687 ἔντοσθ’
419 3622 510 3700 αὐτῆς
528 3620 670 3703 κεραμήῖα
685 3624 783 3687 λεπτά
799 3627 937 3686 ποιοῦσα.

183 3732 268 3808 δεῦρο
285 3728 334 3791 καὶ
348 3726 474 3791 Ἠελίου
490 3713 630 3811 θυγάτηρ,
647 3725 864 3808 πολυφάρμακε
880 3728 982 3808 Κίρκη,
1099 3751 1128 3802 15

605 3845 631 3894 κ
647 3830 705 3914 k5
