2760 4232
575 345 739 404 ΚὙΠΡΙΑ.
1048 355 1127 402 1011

184 514 320 578 τοιοῦτόν
346 540 375 577 τι
402 513 483 579 έπος·
517 513 626 578 Πυθέω
657 515 800 592 στρατιῦς
830 511 991 592 ὀφθαλμὸν
1020 510 1128 598 lusan!

184 618 355 698 ἀμφότερον
376 615 483 698 μάντιν
506 613 532 678 τ’
551 616 669 697 ιἰγαθδν
692 614 740 678 καὶ
767 613 849 696 δουρὶ
871 616 1051 697 μάρνασθαι,
1075 615 1130 678 ubi

185 721 295 786 Schol.
310 723 380 784 :-6
394 718 621 799 Ἀσκληπιάδης
642 718 720 800 φησὶ
739 723 832 782 ταῦτα
852 718 1009 800 εἰληφέναι
1030 723 1062 784 ἐκ
1078 721 1131 796 τῆς

184 829 325 904 κυκλικῆς
340 822 507 904 Θηβαίδος.

556 999 767 1084 οτιιτοΝοι.

185 1163 251 1225 Νῦν
265 1158 328 1222 αὖθ’
349 1157 521 1239 ὁπλοτέρων
536 1159 652 1237 ἆνδρῶν
669 1158 838 1241 ἀρχώμεθα,
857 1163 989 1221 Μοῦσαι.
1083 1171 1086 1180 “

806 1278 872 1326 Cert.
883 1278 988 1326 Homer.
1001 1283 1025 1327 et
1035 1277 1097 1326 Hes.

575 1467 736 1526 ΚΎΠΡΙΑ.

440 1623 708 1676 ARGUMENTUM
733 1623 876 1674 PROCLI.

228 1747 417 1827 Ἐπιβύλλει
432 1746 546 1812 τούτοις
568 1750 607 1810 τὰ
626 1748 776 1829 λεγόμενα
797 1749 914 1829 Κύπρια
938 1749 969 1812 ἐν
991 1749 1131 1828 βιβλίοις

186 1853 338 1934 φερόμενα
350 1852 463 1928 ἕνδεκα,
473 1853 515 1914 ὧν
530 1852 598 1930 περὶ
610 1853 662 1928 τῆς
672 1854 791 1931 γραφῆς
801 1852 929 1931 ὕστερον
941 1853 1071 1932 ἐροῦμεν,
1078 1853 1131 1914 Ιἵνα

183 1955 292 2035 μῆτδν
308 1953 376 2035 ἑξῆς
392 1955 555 2036 λόγουνῦν
577 1953 789 2033 έμποδίζωμεν·
819 1952 856 2016 τὰ
874 1955 906 2017 δὲ
930 1954 1130 2036 περιεχύμενά

185 2063 250 2123 ἐστι
265 2064 365 2122 ταῦτα.
404 2057 479 2123 Ζεὺς
492 2057 672 2136 βουλεύεται
688 2060 764 2135 μετὰ
779 2061 831 2135 τῆς
847 2058 978 2135 Θέμιδος
994 2059 1062 2137 περὶ
1077 2062 1130 2120 τοῦ

183 2166 318 2242 Τρωϊκοῦ
340 2160 484 2238 πολέμου.
531 2159 757 2241 παραγενομένη
773 2164 806 2223 δὲ
818 2157 909 2240 Ἔρις
920 2159 1130 2242 εὐωχουμένων

183 2273 243 2331 τῶυ
266 2271 343 2330 θεῶν
365 2267 397 2329 ἐν
419 2270 481 2330 τοῖς
500 2263 629 2344 Πηλέως
655 2263 762 2345 γάμοις
785 2268 883 2330 νεῖκος
906 2265 973 2344 περὶ
998 2263 1130 2330 κάλλους

183 2371 339 2448 ένίσιησιν
355 2369 468 2452 Ἀθηνᾷ
480 2367 563 2452 Ἥρη
583 2365 631 2431 καὶ
646 2367 817 2455 Ἀφροδίτῃ,
839 2367 870 2431 αῖ
892 2374 966 2448 πρὸς
981 2366 1128 2446 Ἀλέξαν-

183 2481 253 2554 δρον
269 2475 301 2536 ἓν
313 2470 378 2558 Ἴδῃ
394 2475 468 2536 κατὰ
490 2472 564 2538 Διὸς
586 2471 762 2554 προσταγὴν
783 2471 835 2551 ὑφ’
851 2471 962 2552 Ἑρμοῦ
981 2472 1055 2551 πρὸς
1075 2471 1130 2552 τῆν

183 2581 283 2658 κρίσιν
305 2577 438 2658 ἄγονται·
468 2577 517 2638 καὶ
540 2577 691 2656 προκρίνει
713 2576 767 2654 τῆν
787 2576 969 2656 Ἀφροδίτην
990 2574 1130 2656 ἐπαρθείς

182 2687 245 2749 τοῖς
259 2680 385 2758 Ἑλένης
405 2680 512 2763 γάμοις
527 2677 733 2760 Ἀλέξανδρος.
780 2680 882 2745 ἔπειτα
901 2683 934 2744 δὲ
947 2679 1129 2760 Ἀφροδίτης

182 2785 365 2863 ὑποθεμένης
382 2788 585 2864 ναυπηγεῖται·
618 2785 667 2846 καὶ
677 2781 808 2849 Ἕλενος
831 2785 899 2863 περὶ
922 2788 981 2846 τῶν
996 2785 1127 2862 μελλόν-

183 2915 242 2953 των
268 2889 347 2974 αύτῆ
371 2888 577 2968 προθεσπίζει·
612 2887 660 2949 καὶ
682 2885 700 2964 ῆ
720 2885 884 2968 Ἀφροδίτη
909 2888 1031 2951 Αἰνείαν
1054 2913 1128 2967 συμ-

183 2997 270 3055 πλεῖν
285 2992 362 3077 αύτῷ
379 2990 504 3055 κελεύει·
529 2991 577 3053 καὶ
592 2989 775 3070 Κασσάνδρα
790 2993 858 3071 περὶ
879 2997 939 3053 τῶν
952 2992 1128 3069 μελλόντων

183 3101 336 3176 προδηλοῖ.
398 3094 509 3172 ἐπιβὰς
546 3095 580 3156 δὲ
616 3093 651 3178 τῆ
682 3095 901 3178 Λακεδαιμονίᾳ
929 3091 1128 3175 Ἀλέξανδρος

182 3199 325 3280 ξενίζεται
348 3197 428 3279 παρὰ
450 3202 512 3264 τοῖς
534 3197 738 3278 Τυνδαρίδαις,
757 3199 806 3262 καὶ
829 3201 903 3278 μετὰ
925 3203 1016 3261 ταῦτα
1038 3200 1070 3263 ἓν
1093 3200 1128 3285 τῇ

182 3302 304 3389 Σπάρτη
319 3307 399 3385 παρὰ
422 3301 582 3385 Μενελάῳ·
617 3303 666 3364 καὶ
687 3299 799 3387 Ἑλένῃ
822 3304 902 3381 παρὰ
923 3301 978 3379 τὴν
1000 3304 1128 3386 εὐωχίαν

181 3409 286 3471 δίδωσι
306 3411 386 3488 δῶρα
401 3406 418 3466 ὁ
434 3402 646 3486 Ἀλέξανδρος.
694 3406 742 3468 καὶ
759 3405 835 3484 μετὰ
855 3411 948 3467 ταῦτα
969 3407 1128 3471 Μενέλαος

182 3514 224 3577 είς
240 3508 359 3591 Κρήτην
378 3511 495 3584 ἐκπλεῖ,
513 3508 659 3573 κελεύσας
679 3509 735 3585 τὴν
749 3507 878 3586 Ἑλένην
897 3513 960 3574 τοῖς
979 3507 1076 3587 ξένοις
1091 3508 1127 3570 τὰ

181 3612 333 3693 ἐπιτήδεια
356 3612 501 3696 παρέχειν
522 3611 577 3678 ἕως
598 3610 636 3675 δν
658 3613 886 3693 ἀπαλλαγῶσιν.
933 3615 965 3676 έν
987 3613 1079 3696 τούτῳ
1095 3610 1131 3673 δὲ

181 3717 344 3799 Ἀφροδίτη
376 3714 501 3797 συνάγει
532 3716 587 3794 τῆν
616 3711 747 3793 Ἑλένην
776 3718 817 3799 τῷ
841 3713 1042 3798 Ἀλεξάνδρῳ·
1081 3711 1127 3776 καὶ
