2792 4232
490 371 540 437 17.
565 359 790 424 ικικαονν.
984 458 986 464 Α
1058 385 1122 454 359

175 527 317 605 κείμενον·
349 525 527 608 Αὐτομέδων
542 529 577 591 δὲ
593 532 654 612 θοῷ
669 527 836 596 ἀτάλαντος
848 522 939 615 Ἀρηί
961 528 965 536 “

174 628 280 712 τεύχεά
294 627 321 692 τ’
336 627 492 712 ἐξενάριξε
509 631 558 694 καὶ
575 629 739 714 εὐχόμενος
750 633 823 700 ἔτος
837 633 922 712 ηὔδα·

175 731 218 811 ’ίύ
232 732 268 812 δὴ
283 731 343 812 μάν
358 733 464 814 ὀλίγον
479 759 516 816 γε
531 735 737 802 Μενοιτιάδαο
752 737 897 804 θανόντος

175 837 225 917 κῆρ
243 837 335 919 άχεος
350 836 483 917 μεθέηκα
501 837 642 920 χερείονά
659 863 715 921 περ
731 839 960 922 καταπέφνων.”

207 937 270 1006 Ὧς
288 941 382 1006 είπδν
399 942 430 1007 ἔς
446 942 557 1023 δίφρον
572 943 653 1006 έλδν
667 942 758 1025 ἔναρα
771 944 940 1024 βροτόεντα
1069 971 1120 1024 540

174 1039 245 1121 θῆκ’,
261 1042 300 1108 ἀν
314 1043 341 1108 δ’
358 1042 447 1111 αὐτὸς
462 1045 571 1125 ἔβαινε
586 1047 682 1112 πόδας
698 1049 746 1111 καὶ
761 1052 866 1130 χείρας
879 1049 1010 1128 ὕπερθεν

173 1147 326 1226 αἱματόεις
341 1149 381 1214 άς
396 1149 441 1216 τίς
456 1173 490 1216 τε
505 1148 586 1214 λέων
602 1149 677 1213 κατὰ
693 1155 801 1231 ταδρον
819 1151 939 1228 ἔδηδάς.

209 1246 280 1332 *Αφ
294 1248 320 1314 δ’
337 1252 386 1314 ἐπὶ
402 1253 571 1338 Πατρόκλῳ
587 1249 693 1316 τέτατο
709 1252 834 1334 κρατερὴ
849 1252 961 1332 ὑσμίνη

172 1353 303 1436 ἀργαλέη
323 1355 519 1436 πολύδακρυς,
537 1355 635 1439 ἔγειρε
650 1357 684 1420 δέ
698 1359 796 1422 νεῖκος
815 1353 927 1436 Ἀθήνη

172 1457 330 1537 οὐρανόθεν
345 1463 517 1540 καταβᾶσα·
550 1464 664 1542 προῆκε
677 1463 735 1543 γάρ
752 1459 881 1540 εὐρύοπα
897 1459 974 1526 Ζεύς
1067 1487 1118 1538 545

174 1561 330 1642 ὀρνύμεναι
346 1564 493 1630 Δαναούς·
525 1565 562 1644 δὴ
577 1565 635 1647 γάρ
652 1566 720 1630 νόος
736 1561 871 1644 ἐτράπετ’
887 1563 987 1628 αὐτοῦ.

171 1661 240 1743 ἠύτε
256 1665 429 1748 πορφυρέην
443 1667 506 1750 ἶριν
521 1672 661 1748 θνητοῖσι
676 1667 814 1752 τανύσσῃ

171 1767 244 1834 Ζεὺς
260 1766 297 1846 ἔξ
309 1770 479 1852 οὐρανόθεν,
497 1769 586 1853 τέρας
600 1771 724 1851 ἔμμεναι
739 1767 759 1850 ἢ
774 1768 933 1850 πολέμοιο,

169 1866 187 1948 ἢ
204 1870 252 1934 καί
269 1879 419 1955 χειμδνος
435 1873 638 1950 δυσθαλπέος,
655 1875 689 1940 ὅς
702 1873 742 1956 ῥά
757 1899 789 1940 τε
805 1875 902 1956 ἔργων

170 1975 344 2055 ἀνθρώπους
359 1975 532 2043 ἀνέπαυσεν
548 1977 599 2041 ἀπὶ
614 1977 713 2060 χθονί,
729 1978 811 2056 μῆλα
825 1978 859 2041 δὲ
875 1975 967 2056 κήδει,
1067 2003 1119 2054 550

170 2077 209 2143 δς
223 2077 241 2156 ἡ
257 2078 412 2166 πορφυρέῃ
428 2079 544 2166 νεφέλῃ
563 2079 727 2145 πυκάσασα
742 2081 757 2144 ἔ
776 2079 869 2159 αὐτην

168 2180 266 2246 δύσετ’
283 2183 417 2267 Ἀχαιῶν
435 2186 531 2261 ἔθνος,
549 2185 647 2268 ἔγειρε
662 2185 695 2252 δέ
710 2189 798 2265 φδτα
813 2183 953 2248 ἕκαστον.

168 2291 286 2366 πρῶτον
301 2287 327 2351 δ’
344 2286 466 2368 Ἀτρέος
481 2288 548 2355 υίδν
563 2288 769 2369 ἐποτρύνουσα
784 2285 949 2368 προσηύδα

168 2391 294 2470 ἴφθιμον
309 2389 531 2459 Μενέλαον-ά
546 2391 604 2474 γάρ
621 2390 660 2474 ῥά
675 2392 704 2454 οἱ
719 2390 847 2473 ἔγγύθεν
861 2389 958 2470 ἦεν-

168 2492 311 2572 εἰσαμένη
328 2495 446 2558 Φοίνικι
462 2493 554 2574 δέμας
570 2495 619 2558 καὶ
635 2493 754 2576 ἀτειρέα
769 2492 884 2576 φωνην·
1069 2519 1116 2572 sss

169 2598 187 2628 “
199 2597 249 2659 σοὶ
263 2599 320 2677 μὲν
335 2596 381 2676 δή,
398 2596 551 2670 Μενέλαε,
569 2601 717 2679 κατηφείη
737 2597 787 2661 καὶ
805 2599 921 2664 ὄνειδος

168 2697 301 2774 ἔσσεται,
319 2703 348 2766 εί
361 2683 387 2764 κ’ΙῚ
406 2698 553 2784 Ἀχιλῆος
567 2703 680 2782 ἀγαυοῦ
695 2701 806 2766 πιστδν
823 2705 943 2783 ἑταῖρον

167 2803 262 2886 τείχει
280 2805 338 2868 ὐπο
352 2805 465 2886 Τράων
480 2803 589 2888 ταχίες
604 2805 693 2872 κύνες
704 2804 902 2884 έλκήσουσιν.

168 2904 238 2968 ἀλλ’
253 2907 326 2989 ἔχεο
342 2913 496 2988 κρατερός,
514 2909 620 2988 ότρυνε
635 2909 669 2971 δὲ
683 2907 762 2972 λαδν
776 2904 927 2972 ἀπαντο.”

210 3009 275 3089 Τὴν
290 3009 315 3074 δ’
332 3011 404 3079 οὐτε
421 3009 585 3092 προσέειπε
599 3011 681 3091 βοὴν
696 3011 811 3093 ἀγαθάς
826 3009 996 3076 Μενέλαος·
1066 3021 1116 3086 560

167 3117 187 3148 “
197 3111 313 3192 Φοῖνιξ,
329 3114 403 3176 άττα
418 3115 521 3196 γεραιὲ
536 3113 728 3197 παλαιγενές,
745 3116 772 3178 εί
786 3113 844 3195 γάρ
859 3111 973 3192 Ἀθήνη

165 3217 233 3296 δοίη
249 3215 356 3298 κάρτος
370 3219 447 3297 ἐμαί,
463 3215 585 3297 βελέων
600 3217 626 3280 δ’
643 3217 788 3298 ἀπερύκοι
804 3215 910 3298 ἐρωήν·

164 3320 207 3403 τῷ
224 3344 275 3383 κεν
290 3321 348 3402 ἔγά
359 3319 387 3403 γ’
400 3319 537 3402 ἐθέλοιμι
552 3319 778 3402 παρεστάμεναι
795 3321 843 3383 καὶ
859 3321 982 3400 ἀμύνειν

165 3425 347 3510 Πατρόκλῳ·
377 3425 461 3506 μάλα
475 3423 534 3507 γάρ
547 3451 585 3505 με
600 3425 699 3490 θπνδν
717 3423 913 3504 έσεμάσσοτο
931 3424 1035 3504 θυμόν.

164 3526 237 3592 ἀλλ’
249 3528 368 3612 Ἕκτωρ
382 3536 476 3612 πυρὸς
491 3529 576 3593 αῖνδν
593 3529 657 3611 ἔχει
672 3526 771 3608 μένος,
787 3527 847 3591 οὐδ’
866 3526 1015 3611 ἀπολήγει
1065 3541 1113 3604 565

162 3636 272 3718 χαλκῷ
289 3636 408 3714 δηϊόων·
438 3636 479 3718 τῷ
497 3637 557 3717 γδρ
572 3633 648 3699 Ζεὺς
663 3638 754 3701 κῦδος
765 3631 898 3709 άπάζει.”

203 3736 269 3804 Ὣς
284 3737 373 3820 φάτο,
389 3735 526 3822 γάθησεν
541 3739 576 3802 δὲ
591 3739 646 3802 θεδ
660 3742 833 3820 γλαυκῶπις
847 3733 976 3816 Ἀθήνη,
998 3781 1003 3790 ,
