2792 4232
484 347 532 409 16.
557 351 725 412 ΙΛΙΑΔΟΣ
750 351 790 411 Π.

170 519 322 604 Κεβριόνῃ
341 516 365 580 δ’
382 516 526 583 ἐκέλευσε
542 515 683 599 δαΐφρονι
699 518 842 598 φαίδιμος
853 516 972 600 Ἕκτωρ

167 625 275 687 ἵππους
292 623 323 688 ἐς
339 621 475 699 πόλεμον
489 620 694 703 πεπληγέμεν.
740 620 832 702 αὐτὰρ
847 620 1013 688 Ἀπόλλων

167 725 266 789 δύσεθ’
286 725 394 803 ὅμιλον
411 724 472 798 ἰόν,
488 726 522 788 ἐν
537 726 569 792 δὲ
586 727 697 791 κλόνον
711 723 899 807 Ἀργείοισιν

168 827 221 907 ήκε
238 825 337 907 κακόν,
351 829 474 909 Τρωσὶν
489 829 522 893 δὲ
538 825 586 894 καὶ
598 825 722 908 Ἕκτορι
739 833 825 894 κῦδος
841 829 962 906 ὄπαζεν.
1070 856 1117 905 730

165 931 283 1013 Ἕκτωρ
299 931 324 996 δ’
344 931 458 1000 ἄλλους
472 935 529 1010 μὲν
545 931 684 1002 Δαναοὺς
699 932 735 996 έα
754 933 814 998 οὐδ’
832 932 974 1014 ἐνάριζεν·

169 1036 260 1117 αὐτὰρ
277 1037 293 1098 ὁ
309 1036 477 1120 Πατρόκλῳ
494 1036 590 1116 ἔφεπε
607 1036 831 1120 κρατερώνυχας
847 1039 965 1104 ἵππους.

168 1137 345 1220 Πάτροκλος
361 1136 387 1202 δ’
406 1137 551 1219 ἑτέρωθεν
566 1139 618 1220 ἀφ’
636 1142 736 1207 ἵππων
750 1141 827 1206 ἆλτο
845 1141 961 1222 χαμᾶζε

170 1246 258 1328 σκαιῇ
274 1243 366 1325 ἔγχος
382 1242 470 1325 ἔχων·
495 1242 619 1324 ἑτέρηφι
635 1245 668 1310 δὲ
687 1243 796 1322 λάζετο
812 1243 921 1325 πέτρον

167 1344 321 1429 μάρμαρον
337 1343 492 1426 ὀκριόενθ,
510 1348 545 1410 ὅν
561 1350 590 1416 οἱ
606 1348 673 1429 περὶ
689 1349 757 1430 χεὶρ
772 1347 935 1430 ἐκάλυψεν,

169 1447 222 1526 ἧκε
237 1447 263 1512 δ’
278 1447 482 1529 ἐρεισάμενος,
499 1450 567 1512 οὐδὲ
583 1450 638 1528 δήν
652 1448 762 1532 χάζετο
778 1452 890 1532 φωτός,

170 1547 231 1615 οὐδ’
247 1554 363 1615 ἁλίωσε
377 1551 482 1632 βέλος,
501 1551 583 1632 βάλε
603 1553 627 1618 δ’
641 1551 785 1636 Ἕκτορος
803 1553 942 1636 ἡνιοχῆα,

169 1656 348 1737 Κεβριόνην,
366 1658 458 1722 νόθον
473 1657 539 1722 υἱὸν
554 1657 707 1737 ἀγακλῆος
724 1656 883 1738 Πριάμοιο,

169 1760 268 1824 ίτπων
281 1759 346 1838 ἡνί’
361 1760 481 1843 έχοντα,
497 1761 648 1842 μετῶτιαν
663 1758 727 1838 ὀξέϊ
742 1765 804 1827 λᾶϊ.

170 1862 342 1945 ἆμφοτέρας
357 1862 382 1928 δ’
401 1865 495 1945 ὀφρῦς
512 1865 640 1934 σύνελεν
655 1865 750 1948 λίθος,
767 1864 836 1932 οὐδέ
850 1866 879 1929 οἱ
895 1864 989 1948 ἔσχεν

169 1966 286 2040 ὀστέον,
303 1967 458 2048 ὀφθαλμοὶ
473 1971 505 2031 δὲ
517 1969 612 2051 χαμαὶ
628 1967 725 2036 πέσον
740 1970 773 2033 έν
789 1969 925 2053 κονίῃσιν

170 2070 258 2134 αὐτοῦ
273 2071 389 2148 πρόσθε
407 2076 516 2138 ποδῶν·
541 2072 597 2140 ὁδ’
614 2071 660 2153 ἄρ’
677 2072 832 2153 ἀρνευτῆρι
849 2073 952 2140 ἐοικὼς

171 2172 300 2238 κάππεσ’
320 2175 370 2238 ἀπ’
388 2175 524 2257 εὐεργέος
539 2176 657 2256 δίφρου,
672 2176 744 2242 λίπε
759 2175 784 2238 δ’
803 2173 897 2240 ὀστέα
913 2175 1013 2254 θυμός.

170 2277 222 2342 τὸν
238 2276 262 2340 δ’
279 2278 497 2359 ἐπικερτομέων
513 2278 680 2361 προσέφης,
697 2278 890 2358 Πατρόκλεες
906 2280 1006 2344 ἱππεῦ·
1039 2343 1040 2347 ,

171 2387 190 2416 “
197 2379 219 2443 ὢ
235 2381 337 2456 πόποι,
355 2381 373 2460 ἦ
387 2381 458 2462 μάλ’
475 2383 608 2464 ἐλαφρὸς
624 2381 706 2462 ἀνήρ,
724 2381 764 2448 ὡς
778 2383 845 2464 ῥεῖα
861 2381 1002 2464 κυβιστᾷ.
1071 2407 1117 2456 745

173 2485 198 2546 εἰ
213 2483 248 2562 δή
265 2509 323 2549 πον
339 2485 387 2549 καὶ
402 2483 500 2570 πόντῳ
517 2487 550 2550 έν
566 2485 716 2568 ἰχθυόεντι
731 2483 861 2567 γένοιτο,

172 2587 305 2652 πολλοὺς
320 2586 358 2653 ἂν
373 2587 526 2668 κορέσειεν
541 2587 615 2668 ἀνὴρ
632 2589 682 2652 ὅδε
698 2586 790 2666 τήθεα
805 2593 911 2668 διφῶν,

172 2689 242 2770 νηὸς
260 2691 475 2772 άποθρεόσκων,
492 2693 519 2755 εί
535 2693 584 2757 καὶ
599 2690 815 2772 δυσπέμφελος
831 2692 886 2769 εἴη,

172 2794 211 2860 ὥς
226 2798 278 2858 νῦν
294 2795 327 2858 ἐν
342 2795 434 2878 πεδίῳ
451 2792 487 2872 ἐξ
499 2795 601 2862 ἵππων
615 2796 682 2876 ῥεῖα
697 2795 838 2880 κυβιστᾷ.

173 2897 191 2976 ἦ
205 2899 243 2979 ῥα
258 2896 307 2961 καὶ
322 2899 354 2962 έν
368 2898 510 2979 Τρώεσσι
523 2901 739 2976 κυβιστητῆρες
755 2895 872 2965 έασιιιι”

210 2999 272 3066 Ὣς
288 3001 379 3065 είπὼν
394 3002 444 3067 ἐπὶ
460 3001 612 3087 Κεβριόνη
628 3001 703 3081 ἥρωϊ
716 2999 848 3081 βεβήκει

172 3105 242 3184 οἶμα
254 3103 378 3170 λέοντας
395 3104 486 3187 ἔχων,
503 3105 537 3171 ὅς
552 3129 585 3169 τε
601 3102 752 3184 σταθμοὺς
768 3102 910 3185 κεραΐζων

173 3209 287 3288 ἔβλητο
303 3207 377 3289 πρὸς
393 3211 513 3287 στῆθος,
530 3205 565 3286 ἑή
577 3206 610 3270 τέ
624 3233 676 3287 μιν
693 3208 809 3274 ὤλεσεν
825 3205 912 3286 άλκή·

174 3314 212 3378 ὣς
228 3312 277 3376 ἐπὶ
294 3313 455 3398 Κεβριόνῃ,
476 3312 676 3392 Πατρόκλεες,
693 3311 774 3375 άλσο
788 3311 917 3390 μεμαώς.

169 3414 285 3496 Ἕκτωρ
300 3415 326 3478 δ’
344 3413 409 3479 αὖθ’
426 3413 570 3496 ἑτέρωθεν
585 3413 639 3496 ἀφ’
656 3416 756 3479 ἵππων
773 3415 849 3478 ἆλτο
865 3413 970 3496 χομῖιζ
983 3462 989 3475 .
1073 3435 1086 3454 τ
1106 3440 1118 3487 ,-

172 3521 211 3582 τλι
228 3519 295 3601 περὶ
312 3519 483 3599 Κεβριόναο
498 3517 598 3582 λέονθ’
616 3517 655 3583 ὣς
670 3515 858 3598 δηρινθήτην,

173 3624 195 3685 ὥ
210 3623 236 3686 τ’
254 3625 340 3704 ὄρεος
357 3623 506 3706 κορυφῇσι
522 3620 590 3700 περὶ
608 3619 753 3699 κταμένης
769 3619 909 3701 ε’λάφοιο,

174 3726 262 3808 άμφω
278 3723 446 3802 πεινάοντε,
461 3722 540 3806 μέγα
556 3721 720 3804 φρονέοντε
735 3722 902 3806 μάχεσθον·
