2738 4226
458 353 504 418 13·
529 338 698 398 ΙΛΙΑΔΟΣ
722 339 761 400 Ν.
1020 333 1081 410 267

143 501 261 581 ἀφνειός
275 498 305 564 τ’
320 502 432 582 ἀγαθός
447 527 489 573 τε,
506 504 666 584 Κορινθόθι
682 503 762 564 οῖκία
776 503 877 580 ναίων,

142 606 172 669 ὅς
183 602 209 686 ῥ’
225 605 258 668 εύ
273 605 359 671 είδδς
374 604 436 686 κῆρ’
453 605 547 684 ὀλοὴν
562 606 612 670 ἐπὶ
626 605 697 682 νηὸς
712 606 827 686 ἔβαινε·
1029 619 1079 684 665

141 707 268 770 πολλάκι
283 707 342 789 γάρ
355 710 386 771 οἱ
401 709 483 772 ἔειπε
497 707 594 790 γέρων
609 708 721 789 ἀγαθὸς
736 708 886 773 Πολύιδος

141 811 233 895 νούσῳ
247 809 297 873 ὑπ’
314 809 447 897 ἀργαλέη
462 811 592 891 φθίσθαι
608 813 655 876 ote
669 813 704 875 ἐν
716 810 904 894 μεγάροισιν,
980 837 983 842 ·

139 909 157 988 ἣ
169 912 230 991 μετ’
245 913 381 995 Ἀχαιῶν
396 915 503 990 νηυσὶν
516 912 574 977 ύπδ
587 914 730 995 Τριόεσσι
744 918 883 994 δαμῆναι·

140 1017 177 1098 τῷ
191 1015 217 1096 ῥ’
233 1015 295 1096 άμα
309 1015 335 1078 τ’
352 1014 504 1097 ἀργαλέην
518 1015 600 1095 θωὴν
614 1015 751 1080 ἀλέεινεν
764 1016 900 1100 Ἀχαιῶν

140 1119 245 1181 νοῦσόν
259 1144 293 1181 τε
309 1117 466 1200 στυγερήν,
482 1121 533 1183 ἵνα
546 1119 587 1197 μὴ
603 1118 695 1183 πάθοι
710 1120 808 1202 ἄλγεα
823 1121 915 1204 θυμῷ.
1029 1136 1077 1196 670

140 1221 189 1284 τὸν
201 1220 274 1303 βάλ’
291 1221 352 1284 ύπδ
364 1226 510 1304 γναθμοῖο
526 1224 575 1286 καὶ
591 1222 707 1288 οὔατος·
729 1221 792 1288 ῶκα
807 1226 841 1288 δέ
855 1223 947 1302 θυμδς

139 1325 224 1408 ᾤχετ’
239 1325 299 1388 ἀπὸ
313 1324 440 1404 μελέων,
457 1325 602 1408 στυγερὸς
616 1325 641 1389 δ’
658 1326 716 1408 ἄρα
729 1352 782 1405 μιν
797 1329 906 1392 σκότος
922 1328 1014 1390 εἶλεν.

172 1426 234 1494 *Ως
249 1432 278 1491 οἱ
292 1431 348 1507 μέν
361 1427 512 1509 μάρναντο
526 1428 617 1506 δέμας
633 1429 724 1511 πυρὸς
739 1428 921 1508 αἰθομένοιο·

134 1531 247 1612 Ἕκτωρ
261 1531 287 1595 δ’
302 1531 355 1593 οὐκ
372 1530 524 1594 ἐπέπυστο
539 1532 683 1613 διίφιλος,
700 1532 768 1596 ούδέ
782 1559 811 1596 τι
826 1532 884 1619 ᾔδη

137 1637 198 1697 όττι
211 1633 250 1717 ῥά
265 1636 295 1696 αἱ
310 1639 390 1710 νηῶν
405 1633 451 1695 ἐπ’
468 1633 611 1714 ἀριστερὰ
627 1636 771 1713 δηϊόωντο
1030 1648 1078 1710 6,·5

135 1739 203 1801 λαοὶ
217 1736 266 1800 ὑπ’
281 1737 436 1818 Ἀργείων.
482 1735 562 1819 τάχα
576 1735 603 1799 δ’
618 1736 657 1802 ἀν
671 1738 721 1802 καὶ
737 1744 824 1805 κΰδος
839 1737 973 1822 Ἀχαιῶν

136 1844 255 1905 ἔπλετο·
278 1844 360 1905 τοῖος
375 1842 433 1921 γάρ
447 1838 592 1923 γαιήοχος
608 1843 797 1925 ἐννοσίγαιος

136 1941 236 2026 ὤτρυν’
252 1942 420 2024 Ἀργείους,
434 1943 510 2023 πρὸς
524 1946 557 2006 δὲ
572 1944 676 2007 σθένει
690 1945 780 2011 αύτὸς
794 1946 913 2026 ἄμυνεν·

135 2045 204 2108 ἀλλ’
221 2044 327 2132 ἔχενῇ
342 2047 380 2109 τὰ
395 2052 498 2125 πρῶτα
512 2045 610 2111 πύλας
625 2047 676 2110 καὶ
690 2052 791 2130 τεῖχος
805 2051 929 2125 ἐσᾶλτο,

133 2147 297 2230 ῥηξάμενος
313 2154 442 2212 Δαναῶν
457 2151 582 2214 πυκινὰς
598 2149 708 2230 στίχας
720 2148 909 2226 ἀσπιστάων,
1029 2163 1079 2212 680

135 2251 194 2316 ἔνθ’
210 2253 286 2317 ἔσαν
300 2254 428 2317 Αἴαντός
442 2277 476 2315 τε
491 2251 556 2317 νέες
571 2253 621 2314 καὶ
630 2253 855 2333 ΙΠρωτεσιλάου

134 2354 190 2420 θῖν’
205 2353 257 2436 ἔφ’
272 2354 347 2420 ἁλὸς
361 2359 470 2433 πολιῆς
485 2354 644 2435 εἰρυμέναι·
667 2355 760 2436 αὐτὰρ
773 2358 884 2435 ὕπερθε

133 2464 232 2541 τεῖχος
249 2458 392 2538 ἐδέδμητο
406 2459 655 2540 χθαμαλώτατον,
672 2460 745 2522 ἔνθα
757 2459 894 2538 μάλιστα

134 2563 271 2643 ζαχρηεῖς
286 2561 427 2642 γίγνοντο
441 2559 525 2647 μάχῃ
540 2561 626 2623 αύτοί
639 2586 672 2624 τε
688 2564 737 2625 καὶ
752 2564 849 2627 ίπποι.

172 2663 269 2728 Ἔνθα
284 2667 318 2727 δὲ
333 2662 460 2726 Βοιωτοί
475 2664 524 2726 καὶ
541 2660 654 2729 Ἰάονες
670 2665 876 2746 ἑλκεχίτωνες,
1031 2675 1079 2738 685

133 2769 242 2848 Λοκροὶ
259 2765 308 2829 καί
324 2770 415 2829 Φθῖοι
430 2767 480 2829 καὶ
495 2767 706 2846 φαιδιμόεντες
721 2765 846 2846 Ἐπειοί,

132 2872 249 2956 σπουδῇ
266 2867 456 2932 ἐπαΐσσοντα
470 2875 545 2933 νεῶν
560 2870 642 2952 ἔχον,
659 2869 719 2933 οὐδ’
736 2869 879 2934 ἐδύναντο

130 2969 210 3034 ὦσαι
225 2971 286 3034 ἀπὸ
302 2971 422 3052 σφείων
435 2971 531 3053 φλογὶ
546 2975 665 3036 εἴκελον
675 2971 808 3054 Ἕκτορα
822 2977 899 3044 δῖον,

130 3076 160 3136 αἱ
174 3077 231 3153 μέν
246 3072 418 3152 Ἀθηναίων
431 3071 680 3154 προλελεγμένοι·
703 3076 737 3138 ἐν
751 3071 777 3136 δ’
793 3073 851 3154 ἄρα
865 3077 966 3139 τοῖσιν

131 3176 199 3258 ἦρχ’
215 3177 280 3242 υἱὸς
295 3181 418 3240 Πετεῶο
434 3176 618 3251 Μενεσθεύς,
635 3178 665 3239 οἱ
680 3176 706 3240 δ’
722 3174 772 3254 ἅμ’
787 3176 896 3240 ἔποντο
1031 3190 1080 3251 690

129 3281 244 3345 Φείδας
258 3305 292 3343 τε
307 3283 432 3361 Στιχίος
446 3303 479 3343 τε
494 3279 568 3342 Βίας
581 3277 606 3341 τ’
623 3275 684 3344 ἐύς·
706 3279 798 3359 αύτδρ
812 3276 946 3342 Ἐπειῶν

129 3381 282 3460 Φυλείδης
296 3408 329 3446 τε
346 3381 454 3461 Μέγης
466 3380 608 3462 Ἀμφίων
621 3407 655 3445 τε
668 3382 801 3462 Δρακίος
812 3406 856 3456 τε,

127 3485 189 3564 πρὸ
204 3485 309 3548 Φθίων
323 3487 357 3548 δέ
372 3483 483 3548 Μέδων
497 3509 531 3548 τε
544 3484 768 3564 μενεπτόλεμός
783 3509 816 3550 τε
831 3482 1000 3566 Ποδάρκης.

128 3586 149 3663 ἦ
163 3613 212 3651 τοι
228 3590 317 3668 ὁμὲν
332 3589 420 3653 νόθος
434 3587 499 3653 υῖδς
514 3585 640 3666 Ὀϊλῆος
654 3588 747 3651 θείοιο

126 3693 203 3758 ἔσκε
223 3690 345 3765 Μέδων,
364 3691 493 3754 Αἴαντος
511 3692 672 3766 ἀδελφεός·
694 3689 786 3770 αὐτὰρ
802 3691 901 3756 ἔναιεν
1028 3697 1077 3761 695

571 3796 633 3862 K5
