2758 4228
243 353 305 435 878
535 369 586 434 23.
616 352 851 413 ΟΔΎΣΣΕΙΑΣ
881 350 918 410 Ψ.

244 524 326 589 αὐτις
342 522 403 585 ἔσω
419 520 559 605 μέγαρον·
585 523 621 584 σέ
636 521 669 583 δὲ
684 521 773 584 τοῦτό
787 545 823 602 γε
837 522 929 603 γῆρας
944 517 1077 598 όνήσει.”

290 625 355 705 Τῖμι
371 626 397 689 δ’
412 625 481 689 αῦτε
498 624 662 705 προσέειπε
678 626 756 704 φίλη
771 623 883 705 τροφὸς
900 621 1075 704 Εὐρύκλεια·

246 736 267 765 “
280 730 314 792 οὐ
330 730 360 793 τί
375 755 411 793 σε
427 729 564 810 λωβεύω,
580 727 686 792 τέκνον
702 729 803 807 φίλον,
821 725 892 790 ἁλλ’
908 726 1015 807 ἔτυμόν
1030 752 1076 790 τοι

249 831 318 914 ἦλθ’
332 830 478 899 Ὀδυσεὺς
494 833 542 895 καὶ
560 832 642 895 οἶκον
658 830 799 908 ἱκάνεται,
815 831 854 896 ὣς
871 830 1011 911 ἀγορεύω,

249 940 265 1000 ὁ
281 935 385 1013 ξεῖνος,
400 935 453 1000 τὸν
469 934 578 1001 πάντες
592 935 706 1015 ἀτίμων
722 936 755 997 ἐν
768 933 937 1017 μεγάροισι.

247 1041 430 1123 Τηλέμαχος
445 1036 470 1103 δ’
486 1039 542 1121 ἄρα
557 1063 608 1118 μιν
623 1038 719 1101 πάλαι
735 1036 821 1124 ᾔδεεν
837 1039 921 1102 ἔνδον
937 1039 1036 1115 ἐόντα,

250 1143 333 1208 ἀλλὰ
348 1143 578 1228 σαοφροσύνῃσι
596 1140 727 1221 νοήματα
744 1141 855 1223 πατρὸς
870 1140 1000 1219 ἔκευθεν,

248 1247 318 1328 ὄφρ’
333 1249 448 1327 ἀνδρῶν
462 1246 580 1309 τίσαιτο
595 1246 669 1326 βίην
684 1244 970 1327 ύπερηνορεόντων.”

288 1349 351 1416 Ὣς
368 1350 466 1430 ἔφαθ’,
481 1348 500 1427 ἡ
517 1349 543 1412 δ’
556 1348 648 1431 ἔχθρη
666 1347 714 1412 καὶ
730 1350 788 1412 ἀπὸ
803 1348 941 1430 λέκτροιο
958 1353 1088 1430 θοροῦσα

249 1453 320 1538 γρηῒ
334 1451 533 1535 περιπλέχθη,
549 1451 717 1533 βλεφάρων
733 1452 759 1516 δ’
774 1453 834 1516 ἆπδ
850 1452 976 1533 δάκρυον
991 1453 1053 1531 ῆκε,

251 1559 301 1621 καί
314 1582 366 1636 μιν
381 1552 541 1637 φωνήσασ’
556 1557 630 1619 ἔπεα
646 1557 811 1636 πτερόεντα
826 1556 988 1637 προσηύδα·

251 1667 270 1695 “
282 1662 310 1724 εἰ
325 1659 349 1723 δ’
365 1659 420 1742 ἄγε
439 1657 552 1737 δῆμοι,
566 1662 641 1737 μαῖα
655 1659 741 1739 φίλη,
758 1662 898 1740 νημερτὲς
914 1660 1046 1737 ἐνίσπες,

251 1767 276 1828 εί
293 1763 376 1827 ἐτεδν
392 1763 433 1841 δὴῚ
444 1763 527 1825 οῖκον
542 1760 682 1841 ἱκάνεται,
698 1762 737 1829 ὡς
752 1763 914 1845 ἀγορεύεις,

252 1869 355 1958 ὅππως
371 1866 407 1952 δὴ
422 1867 610 1946 μνηστῆρσιν
626 1864 759 1929 ἆναιδέσι
774 1871 878 1949 χεῖρας
895 1868 990 1947 ἐφῆκε

250 1976 360 2051 μοῦνος
375 1970 442 2046 ἐύν,
458 1971 487 2032 οῖ
503 1969 528 2032 δ’
546 1971 612 2033 αἰὲν
628 1967 754 2036 ἀολλέες
770 1969 856 2035 ἔνδον
874 1967 1024 2050 ἔμιμυου.”

293 2074 357 2152 Τὴν
376 2073 401 2137 δ’
419 2073 488 2136 αῦτε
504 2073 667 2155 προσέειπε
682 2074 760 2154 φίλη
776 2075 888 2155 τροφὸς
905 2074 1079 2155 Εὐρύκλεια·

254 2184 270 2211 “
282 2178 334 2241 οὐκ
351 2180 426 2252 ἴδον,
442 2179 476 2241 οὐ
491 2177 637 2256 πυθόμην,
655 2176 736 2240 ιἰλλδ
753 2179 863 2242 στόνον
878 2178 940 2241 οῖον
956 2177 1070 2241 ἄκουσα

254 2280 461 2362 κτεινομένων·
479 2280 564 2358 ἡμεῖς
579 2282 611 2343 δέ
624 2281 711 2365 μυχηῖ
727 2280 868 2358 θαλάμων
883 2279 1036 2360 εὐπήκτων

256 2385 342 2464 ἥμεθ’
358 2385 544 2464 ἀτυζόμεναι,
561 2384 681 2448 σανίδες
693 2383 717 2446 δ’
732 2385 804 2467 ἔχον
820 2385 853 2448 εὐ
869 2386 1013 2466 ἀραρυῖαι,

256 2489 325 2570 πρίν
340 2489 369 2571 γ’
385 2489 435 2551 ὅτε
451 2487 485 2563 δή
500 2512 538 2565 με
554 2492 609 2551 σὸς
624 2488 688 2552 υῖδς
703 2488 763 2552 ἀπὸ
778 2487 921 2570 μεγάροιο
938 2487 1071 2554 κάλεσσε

255 2591 444 2674 Τηλέμαχος·
468 2589 521 2653 τδυ
536 2589 594 2671 γάρ
608 2592 647 2673 ῥα
662 2591 759 2673 πατὴρ
775 2593 903 2673 προέηκε
920 2592 1079 2656 καλέσσαι.

256 2697 339 2778 εὗρον
356 2693 445 2758 ἔπειτ’
461 2693 595 2771 Ὀδυσῆα
608 2696 684 2772 μετὰ
700 2694 872 2774 κταμένοισι
888 2693 1030 2759 νέκυσσιν
1170 2723 1202 2772 45

257 2797 389 2862 ἑσταόθ’·
414 2799 443 2860 οῖ
458 2798 492 2862 δέ
505 2823 558 2876 μιν
573 2799 651 2879 ἀμφὶ
668 2800 862 2879 κραταίπεδον
877 2798 965 2864 οὐδας
981 2799 1102 2881 ἔχοντες

257 2900 349 2966 κείατ’
365 2901 411 2964 ἔπ’
427 2898 622 2979 άλλήλσισιν·
647 2903 753 2965 ἰδοῦσά
769 2926 802 2964 κε
817 2901 910 2980 θυμδν
926 2901 1030 2981 ῖθνθης

257 2998 374 3088 [αίματι
392 3001 440 3064 καὶ
455 3002 555 3084 λύθρῳ
571 2999 803 3082 πεπαλαγμένον
819 3002 858 3067 ὥς
874 3026 907 3063 τε
922 2998 1058 3090 λέοντα].

257 3109 309 3168 νῦν
328 3103 354 3166 δ’
369 3105 398 3166 οῖ
413 3106 467 3182 μὲν
483 3104 518 3182 δὴ
534 3103 644 3170 πάντες
661 3101 706 3166 ἐπ’
721 3103 859 3190 αὐλείῃσι
876 3105 1001 3192 θύρῃσιν

258 3207 369 3288 ἀθρόοι,
386 3207 477 3288 αὐτὰρ
492 3209 508 3269 ὁ
523 3211 606 3286 δῶμα
622 3210 769 3271 θεειοῦται
786 3207 973 3290 περικαλλές,
1171 3237 1205 3286 50

257 3315 315 3390 πῦρ
329 3308 406 3392 μέγα
422 3307 577 3388 κηάμενος·
596 3312 634 3372 σὲ
648 3309 681 3374 δέ
695 3336 732 3388 με
748 3311 876 3391 προέηκε
892 3312 1051 3376 καλέσσαι.

258 3412 329 3477 ἀλλ’
344 3411 423 3488 ἔπευ,
439 3414 521 3495 ὄφρα
536 3419 637 3493 σφῶϊν
652 3414 840 3493 ἐϋφροσύνης
855 3417 1003 3494 ἐπιβῆτον

260 3515 417 3599 ὐμφοτέρω
433 3517 528 3596 φίλον
544 3515 623 3596 ῆτορ,
640 3518 707 3581 ἐπεὶ
724 3516 799 3581 κακὰ
813 3518 917 3582 πολλὰ
932 3515 1082 3583 πέπασθε.

260 3625 313 3687 νῦν
330 3620 356 3684 δ’
370 3618 425 3697 ἤδη
441 3620 509 3685 τόδε
523 3625 638 3701 μακρδν
656 3618 766 3703 ἐέλδωρ
782 3621 999 3685 ἐκτετέλεσται·

260 3723 335 3803 ῆλθε
350 3725 404 3803 μέν
420 3721 507 3788 αὐτὸς
525 3723 598 3798 ζωὸς
612 3721 765 3803 ἐφέστιος,
782 3724 847 3805 εῦρε
862 3726 895 3787 δὲ
912 3723 960 3788 καῖ
976 3726 1012 3788 σὲ
1174 3755 1205 3804 ⁵5
