2738 4226
476 355 524 400 10.
549 341 718 401 ΙΛΙΑΔΟΣ
742 341 777 399 K.

162 511 262 575 ἐλθεῖν
277 512 308 577 ἐς
324 507 469 592 φυλάκων
486 509 566 592 ἱερὸν
581 506 670 575 τέλος
684 508 728 586 ἧδ’
746 510 906 573 ἐπιτεῖλαι.

161 613 247 698 κείνιρ
262 612 319 696 γάρ
335 639 369 678 κε
381 611 517 691 μάλιστα
532 615 682 676 πιθοίατο·
706 617 771 676 τοῖο
785 611 843 694 γὰρ
858 612 921 678 υἱὸς

161 717 301 796 σημαίνει
316 715 500 798 φυλάκεσσι,
516 718 565 780 καλ
583 715 755 796 Ἰδομενῆος
771 715 874 780 ὀπάων

161 819 324 899 Μηριόνης·
347 822 447 882 τοῖσιν
460 819 519 901 γὰρ
536 814 744 898 ἐπετράπομέν
758 843 796 901 γε
810 816 972 897 μόλιστα.”

202 918 265 984 Τὸν
278 919 303 984 δ’
319 917 455 1001 ἠμείβετ’
471 919 575 984 ἔπειτα
589 918 670 999 βοῆν
685 919 797 1001 άγοθός
813 918 980 984 Μενέλαος·
1069 929 1102 980 60

163 1028 180 1056 ‘¹
190 1029 253 1089 πῶς
268 1022 324 1106 γάρ
338 1049 390 1103 μοι
404 1023 486 1107 μύθῳ
503 1021 679 1088 ἐπιτέλλεαι
694 1022 747 1101 ῆδέ
764 1022 895 1090 κελεύεις
908 1049 919 1097 ,·

163 1124 228 1188 αθθι
242 1124 321 1205 μένω
335 1129 411 1207 μετὰ
426 1131 515 1204 τοῖσι,
534 1124 712 1208 δεδεγμένος
728 1129 770 1192 είς
786 1127 804 1190 ὀ
819 1152 871 1192 κεν
886 1127 985 1212 ἐλθῃς,

162 1227 196 1306 ῆε
211 1226 269 1292 θέω
282 1233 359 1308 μετὰ
375 1229 404 1291 π’
421 1229 512 1305 αὖτις,
530 1229 607 1309 ἐπῆν
624 1230 656 1294 εὖ
671 1235 734 1297 τοῖς
750 1231 891 1294 ἐπιτείλω
904 1229 939 1304 ,·”

202 1329 264 1393 Τδν
279 1330 304 1395 δ’
320 1331 391 1396 οὔτε
406 1331 588 1413 προσέειπεν
603 1331 683 1410 άναξ
696 1333 811 1414 ἀνδρῶν
824 1329 1029 1414 Ἀγαμέμνων·

164 1432 257 1497 “afflet
272 1432 382 1514 μένειν,
397 1432 440 1514 μή
454 1460 517 1501 πως
533 1433 741 1516 ἀβροτάξομεν
757 1433 921 1513 ἀλλήλοιιν
1071 1445 1101 1508 ⁶5

163 1537 321 1619 ἐρχομένω·
345 1540 460 1603 πολλοὶ
474 1542 532 1623 γὰρ
549 1539 606 1602 ὀνλ
622 1540 752 1619 στρατόν
768 1541 828 1602 εέσι
845 1537 990 1603 κέλευθοι.

162 1640 294 1722 φθέγγεο
309 1640 334 1706 δ’
349 1639 369 1728 ᾗ
386 1667 437 1706 κεν
451 1645 553 1728 ῖῃσθα,
571 1643 620 1706 καὶ
635 1639 816 1724 ἐγρήγορθαι
831 1641 957 1725 ἄνωχθι,

162 1745 309 1825 πατρόθεν
324 1746 357 1807 ἐκ
372 1748 477 1826 γενεῆς
493 1743 646 1824 ὀνομάζων
662 1745 756 1828 ἄνδρα
771 1745 909 1818 ἕκαστον,

162 1844 274 1912 πάντας
290 1847 445 1911 κυδαίνων·
467 1849 543 1928 μηδὲ
556 1848 718 1930 μεγαλίζεο
735 1849 825 1933 θυμῷ,

163 1950 242 2012 ὀλλᾶ
258 1950 308 2014 καὶ
322 1949 409 2013 αθτοί
422 1975 478 2032 περ
493 1949 678 2030 πουεόμεθα·
702 1951 760 2016 εδδέ
776 1976 833 2015 που
849 1951 923 2031 άμμι
1071 1967 1103 2023 70

163 2053 236 2118 Ζεὺς
252 2054 302 2118 ἐπὶ
316 2052 542 2136 γιγνομένοισιν
557 2055 597 2117 ίει
613 2053 761 2135 κακότητα
775 2053 930 2135 βαρεῖαν.”

197 2153 261 2222 Ὣς
276 2157 369 2222 εἰπὼν
384 2155 560 2235 ἀπέπεμπεν
575 2156 728 2237 ἀδελφεὸν
743 2157 776 2220 εὖ
791 2157 953 2222 ἐπιτείλας·

163 2258 253 2340 αὐτὰρ
268 2261 285 2322 ό
299 2263 344 2340 βῆ
358 2258 384 2343 ῥ’
401 2258 478 2324 ῖέναι
496 2261 572 2340 μετὰ
586 2259 736 2340 Νέστορα,
753 2257 882 2338 ποιμένα
896 2263 989 2321 λαῶν·

162 2361 213 2425 τὸν
227 2361 252 2425 δ’
270 2362 354 2443 εὗρεν
368 2361 450 2444 παρά
464 2388 497 2427 τε
513 2363 617 2449 κλισίῃ
633 2363 682 2425 καὶ
697 2361 747 2441 νηί
759 2362 888 2448 μελαίνῃ

163 2465 230 2552 ἐὐνῇ
246 2465 291 2530 ένι
305 2467 436 2552 μαλακῆ·
459 2468 541 2548 παρὰ
556 2465 581 2529 δ’
597 2464 685 2529 έντεα
700 2462 813 2529 ποικίλ’
829 2465 935 2537 ἔκειτο,
1072 2485 1102 2539 75

163 2569 252 2635 ὀσπὶς
268 2569 317 2632 καὶ
333 2568 385 2632 δόο
401 2572 488 2651 δοῦρε
503 2566 614 2648 φαεινή
628 2593 662 2632 τε
677 2565 853 2650 τρυφάλεια.

163 2671 221 2753 τὰρ
236 2674 269 2735 δέ
284 2672 401 2754 ζωστήρ
417 2675 498 2736 κεῖτο
513 2672 689 2745 παναίολος,
707 2668 730 2755 ᾤ
744 2671 770 2755 ῥ’
788 2671 938 2754 ὀγεραιός

164 2772 291 2853 ζώννυθ’,
306 2772 352 2836 ὅτ’
367 2775 399 2840 ἐς
413 2774 549 2850 πόλεμον
566 2771 738 2855 φθισήνορα
753 2772 942 2856 θωρήσσοιτο

162 2876 236 2940 λαὸν
251 2876 341 2957 άγων,
357 2877 424 2940 ἐπεὶ
439 2875 474 2939 αθ
488 2879 544 2955 μὲν
560 2874 705 2958 ἐπέτρεπε
720 2875 811 2958 γήραϊ
825 2878 937 2961 λυγρῷ.

163 2979 302 3059 ὀρθωθεὶς
317 2978 342 3043 δ’
360 2978 405 3062 ἄρ’
424 2978 470 3044 ἐπ’
487 2980 631 3062 ἆγκῶνος,
648 2979 788 3060 κεφαλὴν
803 2980 954 3061 ἐπαείρας,
1071 2991 1104 3039 8ο

162 3080 317 3164 Ἀτρείδην
331 3080 496 3164 προσέειπε
512 3083 560 3146 καὶ
576 3081 759 3162 ἐξερεείνετο
773 3082 865 3165 μόθιρ·

165 3191 182 3220 “
190 3186 234 3253 τίς
249 3185 274 3249 δ’
292 3186 378 3252 οὗτος
394 3189 469 3250 κατὰ
485 3189 558 3265 νῆας
575 3187 632 3249 ἆνῖι
647 3184 776 3268 στρατὸν
792 3185 896 3269 ἔρχεαι
911 3185 974 3250 οἶος

164 3288 252 3352 νθκτο
266 3286 304 3351 δι’
320 3287 480 3371 ὀρφναίην,
497 3289 548 3352 ὅτε
563 3286 590 3352 θ’
607 3289 728 3354 εὕδουσι
742 3288 849 3369 βροτοὶ
865 3288 955 3350 άλλοι
967 3313 986 3361 ,·-

163 3389 197 3469 ήέ
211 3392 265 3456 τιν’
282 3390 398 3474 οὐρήων
415 3390 578 3472 διζήμενος,
594 3391 613 3470 ἤ
629 3392 684 3456 τιν’
701 3392 847 3471 ἑταίρων,·

163 3492 306 3577 φθέγγεο,
315 3492 385 3574 μηδ’
396 3493 493 3559 ὀκέων
502 3495 548 3558 ἐπ’
560 3493 605 3574 ἔμ’
620 3485 719 3576 ἔρχεο·
734 3495 820 3559 τίπτε
832 3493 866 3559 δέ
876 3521 913 3560 σε
921 3496 1002 3578 χρεό
1012 3495 1041 3567 ,·”
1072 3507 1102 3567 85

203 3597 266 3664 Τὸν
279 3597 307 3662 δ’
322 3596 457 3679 ἠμείβετ’
475 3597 579 3664 ἔπειτα
593 3594 674 3674 ἅναξ
686 3598 801 3679 ἀνδρῶν
814 3597 1019 3679 Ἀγαμέμνων·

163 3697 213 3772 “ὦ
228 3698 351 3782 Νέστορ
371 3699 540 3780 Νηληϊάδη,
556 3699 635 3783 μέγα
652 3704 739 3766 κῆδος
752 3699 896 3784 Ἀχαιῶν,
