2728 4230
479 293 510 355 6.
535 297 705 356 ικικοος
729 297 763 360 z.
1037 311 1095 374 127

157 462 226 526 ἀλλ’
241 464 259 526 ὅ
272 461 311 547 γ’,
329 464 395 528 ἐπεὶ
410 463 516 528 κατέδυ
532 466 626 528 κλυτδι
641 463 757 546 τεύχεα,
774 463 899 526 ποικίλα
913 466 1027 547 χαλκῷ,

157 567 254 630 σεύατ’
272 567 363 632 ἔπειτ’
381 569 438 633 ἀνδ
453 568 538 644 ἀστν,
555 567 629 631 ποσὶ
645 571 817 647 κραιπνοῖσι
833 569 992 631 πεποιθώς.
1049 595 1096 643 505

156 669 194 734 ὣς
208 669 233 733 δ’
250 671 301 734 ὅτε
316 695 361 737 τις
377 670 485 738 στατδς
499 673 600 747 ίππος,
617 667 789 748 ἀκοστήσας
804 670 856 733 ἐπὶ
872 668 980 755 φάτνῃ,

156 772 267 852 δεσμὸν
282 772 451 854 ἀπορρήξας
467 773 532 859 θείῃ
549 773 665 837 πεδίοιο
681 773 835 852 κροαίνων,

155 877 266 942 εἰωθὼς
280 876 426 941 λούεσθαι
440 879 571 959 ἐϋρρεῖος
586 880 741 955 ποταμοῖο,

156 979 290 1044 κυδιόων·
313 981 395 1061 ὑψοῦ
409 980 442 1042 δέ
457 978 530 1061 κάρη
547 979 622 1062 ἔχει,
639 980 717 1061 ἀμφὶ
733 980 766 1043 δὲ
781 982 884 1062 χαῖται

156 1083 246 1161 ὤμοις
261 1081 432 1148 ἀΐσσονται·
455 1083 472 1146 ό
487 1083 512 1146 δ’
529 1081 679 1164 ἀγλαΐηφι
694 1083 855 1158 πεποιθιάς,
1052 1112 1099 1160 510

153 1187 251 1268 ῥίμφα
266 1189 282 1249 ἑ
295 1191 389 1269 γοῦνα
404 1183 490 1267 φέρει
505 1183 581 1263 μετά
595 1185 620 1248 τ’
636 1183 711 1264 ἤθεα
727 1186 775 1248 καὶ
790 1182 882 1264 νομὸν
898 1185 1008 1255 ἵππων·

156 1291 194 1356 ὣς
208 1289 272 1356 υἱὸς
288 1287 438 1370 Πριάμοιο
453 1286 551 1370 Πάρις
566 1290 642 1351 κατδ
657 1285 820 1371 Περγάμου
835 1286 927 1368 ἀκρης

155 1394 277 1477 τεύχεσι
292 1392 475 1474 παμφαίνων
490 1392 531 1458 ὥς
545 1388 572 1454 τ’
588 1390 722 1471 ἠλέκτωρ
738 1388 886 1470 ἐβεβήκει
929 1462 931 1472 ,

155 1495 345 1580 καγχαλόων,
362 1493 469 1578 ταχέες
484 1497 518 1558 δέ
533 1495 623 1561 πόδες
638 1492 742 1576 φέρον·
767 1493 847 1574 οῖφα
862 1493 888 1556 δ’
905 1493 1008 1558 ἔπειτα

150 1599 282 1680 Ἕκτορα
297 1603 362 1662 δῖον
377 1597 499 1677 ἔτετμεν
514 1597 675 1678 ἀδελφεόν,
693 1594 751 1662 εὖτ’
768 1595 813 1676 ἀρ’
831 1594 941 1675 ἔμελλε
1051 1626 1098 1674 ⁵15

155 1701 320 1784 στρέψεσθ’
338 1705 371 1766 ἐκ
385 1700 486 1784 χάρης
501 1700 550 1762 ὅθι
563 1697 583 1786 ᾗ
600 1698 702 1780 ὀάριζε
715 1699 846 1780 γυναικί.
1158 1696 1166 1704 ’

154 1804 206 1867 τὸν
220 1805 365 1886 πρότερος
380 1801 563 1885 προσέειπεν
577 1797 779 1881 Ἀλέξανδρος
795 1799 938 1880 θεοειδής·

156 1914 173 1940 “
183 1907 271 1985 ἠθεῖ’,
288 1905 405 1986 ήμάλα
419 1903 455 1984 δή
472 1930 509 1971 σε
525 1905 575 1970 καὶ
590 1902 759 1983 ἐσσόμενον
775 1904 923 1986 κατερύκω
966 1977 970 1998 l

154 2011 297 2088 δηθύνων,
313 2007 374 2072 οὔδ’
391 2007 486 2088 ἦλθον
501 2007 669 2086 ἐναίσιμον,
685 2005 725 2072 ὥς
743 2005 898 2076 ἐκέλευεςς
910 2003 927 2031 ”

195 2113 258 2178 Τὸν
273 2112 299 2176 δ’
315 2111 559 2190 ἀπαμειβόμενος
574 2107 715 2191 προσέφη
732 2110 926 2190 κορυθαίολος
938 2108 1065 2190 Ἕκτωρ·

155 2213 322 2296 “δαιμόνι’,
338 2215 390 2279 οὒκ
406 2214 445 2280 ἀν
458 2215 504 2280 τίς
519 2239 566 2277 τοι
581 2210 665 2294 ἀνήρ,
682 2210 714 2278 δς
731 2211 885 2292 ἐναίσιμος
901 2215 959 2291 είη,
1051 2240 1095 2288 52¹

156 2323 243 2402 ἔργον
258 2316 415 2397 ἀτιμήσειε
428 2315 538 2400 μάχης,
555 2317 621 2380 ἐπεὶ
637 2314 767 2395 ἄλκιμός
780 2317 861 2378 ἐσσι·

155 2427 237 2487 ἀλλὰ
251 2423 328 2488 ἐκδν
341 2425 455 2500 μεθιεῖς
469 2446 503 2485 τε
518 2421 571 2484 καὶ
586 2419 639 2482 οὐκ
654 2417 780 2485 ἐθέλεις·
804 2418 841 2482 τὸ
855 2415 881 2482 δ’
900 2418 974 2499 ἐμὸν
988 2424 1042 2500 κῆρ

155 2528 281 2610 ἄχνυται
297 2527 330 2588 ἐν
345 2525 436 2610 θυμῷ,
452 2524 496 2588 ὅθ’
513 2525 587 2604 ὑπὲρ
604 2522 695 2586 σέθεν
711 2522 810 2604 αἴσχε’
828 2523 924 2586 ἀκούω

155 2630 228 2708 πρὸς
241 2627 363 2710 Τροίαν,
380 2627 408 2690 οῖ
424 2626 532 2709 έχουσι
547 2625 645 2691 πολὺν
659 2625 754 2689 πόνον
770 2626 871 2689 εἵνεκα
886 2630 963 2688 σεῖο.
1054 2654 1102 2704 5²5

156 2732 224 2796 ἀλλ’
240 2735 336 2810 ἴομεν·
359 2734 397 2794 τὰ
412 2731 437 2794 δ’
457 2731 584 2793 ὄπισθεν
599 2726 790 2810 ἀρεσσόμεθ’,
806 2729 840 2792 αῖ
853 2726 887 2790 κέ
902 2731 977 2792 ποθι
991 2728 1066 2796 Ζεὺς

156 2837 215 2922 δύῃ
230 2835 438 2916 ἐπουρανίοισι
453 2836 534 2898 θεοῖς
548 2831 751 2917 αἰειγενέτῃσι

157 2942 287 3019 κρητῆρα
302 2934 479 3014 στήσασθαι
491 2933 650 3013 ἐλεύθερον
665 2936 698 3000 ἐν
714 2931 900 3014 μεγάροισιν,

157 3047 188 3106 ἐκ
202 3042 315 3123 Τροίης
330 3038 501 3106 ἐλάσαντας
516 3036 692 3118 ἐϋκνήμιδας
706 3033 880 3124 Ἀχαιούς.”
