2792 4232
510 351 811 426 mmm&

196 514 341 596 ἄρρηκτον
355 521 433 595 νηῶν
448 537 480 580 τε
496 517 544 580 καὶ
559 517 656 581 αὐτῶν
671 518 756 598 εἶλαρ
772 518 908 582 ἔσεσθαι·

194 620 222 680 οἱ
238 617 264 681 δ’
281 620 331 682 ἐπὶ
346 620 433 696 νηυσὶ
449 622 539 704 θοῇσι
557 618 660 702 μάχην
675 621 822 684 ἀλίαστον
838 621 944 702 έχουσι

193 719 334 798 νωλεμές·
358 719 418 785 οὐδ’
433 719 471 784 ἀν
485 721 530 786 ἔτι
545 722 649 804 γνοίης
667 719 751 801 μάλα
766 746 821 802 περ
837 719 1009 799 σκοπιάζων

193 822 401 904 ὁπποτέρωθεν
417 821 536 907 Ἀχαιοὶ
551 825 720 906 ὀρινόμενοι
736 824 921 898 κλονέονται,

193 928 231 991 ὡς
247 925 351 1005 ἐπιμὶξ
364 930 536 1001 κτείνονται,
554 927 627 1006 ἀϋτὴ
644 930 671 990 δ’
687 928 815 1010 οὐρανὸν
831 931 897 992 ίκει.
1102 937 1135 989 6ο
1193 960 1196 970 ·

192 1026 276 1105 ἡμεῖς
291 1028 323 1091 δὲ
339 1027 506 1109 φραζώμεθ’
522 1029 603 1094 ὅπως
618 1028 706 1093 ἔσται
721 1029 793 1095 τάδε
806 1030 891 1112 ἔργα,

193 1133 222 1193 εί
233 1155 262 1192 τι
276 1131 345 1196 νόος
358 1129 449 1213 ῥέξει·
494 1131 629 1210 πόλεμον
644 1131 670 1194 δ’
687 1133 739 1195 οὐκ
755 1133 834 1212 ἄμμε
851 1133 963 1197 κελεύω

192 1233 322 1312 δύμεναι·
346 1235 380 1298 ού
393 1232 451 1317 γάρ
466 1261 530 1300 πως
540 1233 739 1314 βεβλημένον
754 1236 822 1300 ἔστι
836 1233 1020 1319 μάχεσθαι.”

232 1337 294 1402 Τδν
308 1334 335 1400 δ’
351 1337 420 1401 αὖτε
435 1336 616 1420 προσέειπεν
631 1337 710 1417 ἄναξ
723 1340 838 1421 ἀνδρῶν
853 1338 1058 1422 Ἀγαμέμνων·

188 1446 205 1475 “
216 1439 345 1521 Νέστορ,
357 1441 422 1505 ἐπεὶ
435 1440 471 1520 δὴ
484 1441 590 1519 νηυσὶν
605 1442 656 1505 έπι
672 1442 822 1527 πρύμνῃσι
836 1441 994 1524 μάχονται,
1100 1453 1132 1514 65

191 1548 290 1626 τεῖχος
305 1540 332 1606 δ’
348 1543 399 1606 οὐκ
415 1544 562 1626 ἔχραισμε
577 1543 767 1625 τετυγμένον,
785 1544 854 1608 οὐδέ
868 1568 897 1608 τι
912 1544 1036 1625 τάφρος,

190 1645 208 1731 ᾗ
224 1648 274 1711 ἔπι
289 1645 380 1710 πάλλ’
397 1648 512 1711 ἔπαθον
527 1649 651 1724 Δαναοί,
667 1648 797 1711 ἔλποντο
815 1649 848 1711 δὲ
863 1650 944 1734 θυμῷ

190 1750 334 1830 ἄρρηκτον
349 1755 428 1828 νηῶν
442 1775 476 1814 τε
491 1751 541 1813 καὶ
556 1750 653 1814 αὐτῶν
668 1750 754 1831 εἶλαρ
770 1750 907 1826 ἔσεσθαι,

190 1854 264 1916 οὕτω
280 1878 338 1916 που
355 1853 406 1916 Διὶ
420 1853 528 1931 μέλλει
543 1852 701 1934 ὑπερμενέϊ
720 1854 816 1932 φίλου
832 1852 917 1928 εἶναι,

189 1956 356 2034 νωνύμνους
371 1954 543 2019 ἀπολέσθαι
559 1953 610 2019 ἀπ’
623 1956 751 2037 Ἀργεος
767 1953 865 2019 ἐνθάδ’
881 1954 1033 2036 Ἀχαιούς.
1101 1979 1132 2032 70

188 2058 261 2145 ᾔδεα
275 2060 330 2138 μὲν
345 2061 402 2140 γὰρ
417 2059 468 2124 ὅτε
483 2059 627 2140 πρόφρων
645 2063 814 2123 Δαναοῖσιν
830 2057 948 2137 ἄμυνεν,

190 2163 256 2225 οἶδα
271 2165 303 2225 δὲ
319 2167 374 2224 νῦν
386 2161 436 2224 ὅτε
448 2160 516 2227 τοὺς
531 2164 587 2239 μὲν
602 2163 681 2240 ὁμῶς
695 2160 867 2242 μακάρεσσι
882 2165 981 2225 θεοῖσι

190 2264 317 2335 κυδάνει,
332 2262 476 2344 ἡμέτερον
490 2266 523 2326 δὲ
537 2262 626 2341 μένος
642 2264 691 2326 καὶ
705 2269 810 2346 χεῖρας
825 2265 943 2343 ἔδησεν.

190 2365 260 2431 ἀλλ’
275 2366 367 2450 ἄγεθ’,
385 2366 424 2432 ὡς
439 2365 477 2430 ἄν
491 2367 569 2447 έγιδν
585 2369 668 2444 εἴπω,
684 2367 857 2447 πειθόμεθα
871 2366 991 2433 πάντες.

189 2473 257 2547 νῆες
272 2470 343 2532 ὅσοι
358 2473 471 2548 πρῶται
486 2468 618 2548 εἰρύαται
636 2469 710 2551 ἄγχι
725 2468 896 2547 θαλάσσης,
1101 2491 1131 2546 75

189 2572 332 2651 ἕλκωμεν,
349 2570 449 2636 πάσας
464 2572 497 2634 δὲ
513 2572 681 2653 ἐρύσσομεν
696 2574 739 2637 είς
754 2571 815 2635 ἀλα
831 2577 907 2644 δῖαν,

190 2677 245 2755 ύφι
259 2673 286 2739 δ’
302 2674 348 2738 ἐπ’
366 2671 478 2738 εὐνάων
494 2676 687 2755 ὁρμίσσομεν,
705 2676 748 2740 εἰς
769 2676 787 2738 ὅ
802 2700 853 2738 κεν
869 2673 944 2760 ἔλθῃ

189 2777 243 2856 νὺξ
258 2778 383 2858 ἀβρότη,
399 2772 437 2853 ἢν
452 2776 501 2838 καὶ
516 2778 551 2860 τῇ
569 2777 766 2859 ἀπόσχωνται
783 2775 929 2856 πολέμοιο

188 2886 296 2962 Τρῶες·
320 2879 424 2943 ἔπειτα
439 2877 472 2942 δέ
488 2904 539 2942 κεν
554 2879 737 2960 ἐρυσαίμεθα
752 2883 825 2959 νῆας
841 2879 971 2945 άπάσας.

190 2985 223 3047 οὐ
236 2983 293 3066 γάρ
311 3008 356 3047 τις
372 2981 492 3060 νέμεσις
507 2980 631 3062 φυγέειν
646 2983 746 3060 κακόν,
763 2983 825 3045 οὐδ’
840 2984 898 3046 ἀνὰ
913 2982 1013 3045 νύκτα
1098 2995 1131 3044 80

189 3084 335 3166 βέλτερον
349 3083 382 3150 δς
398 3085 519 3166 φεύγων
534 3084 674 3169 προφύγῃ
691 3084 782 3150 κακόν
797 3084 832 3162 ἠὲ
848 3081 962 3170 άλάη.”

229 3189 291 3252 Τδν
306 3189 331 3252 δ’
344 3185 390 3270 ἄρ’
399 3188 516 3269 ὑπόδρα
530 3189 602 3251 ίδάιν
616 3187 758 3269 προσέφη
775 3188 941 3266 πολύμητις
952 3186 1128 3254 Ὀδυσσεύς·

192 3297 210 3324 “
220 3289 363 3372 Ἀτρεΐδη,
379 3291 467 3354 ποῖόν
483 3317 519 3355 σε
536 3290 607 3356 ἔπος
623 3291 720 3372 φύγεν
735 3291 820 3371 έρκος
835 3289 975 3355 ὀδόντων·

191 3391 337 3472 οὐλόμεν’,
354 3391 414 3457 αἵθ’
431 3394 571 3472 ὤφελλες
586 3393 736 3457 ἀεικελίου
752 3398 881 3474 στρατοῦ
895 3393 994 3455 ἄλλου

192 3497 354 3573 σημαίνειν.
369 3496 435 3575 μηδ’
452 3496 543 3577 ἄμμιν
558 3495 740 3573 ἀνασσέμεν,
757 3497 838 3560 οἶσιν
853 3496 911 3577 ἄρα
926 3495 1000 3563 Ζεὺς
1098 3509 1131 3574 85

193 3599 225 3660 έκ
239 3601 377 3677 νεότητος
392 3602 484 3663 ἔδωκε
500 3601 549 3663 καὶ
565 3601 596 3664 ές
610 3600 703 3681 γῆρας
719 3598 893 3662 τολυπεύειν

193 3700 355 3785 ἀργαλέους
371 3700 530 3781 πολέμους,
546 3701 627 3782 ὄφρα
642 3700 815 3783 φθιόμεσθα
830 3699 965 3764 ἕκαστος.
