2874 4234
284 322 347 404 598
579 331 609 399 5·
634 321 866 382 ολνςυοικς
890 321 925 381 π.

282 495 366 575 ῥῖγος
384 492 431 555 καὶ
449 489 588 568 κάματος,
602 491 747 571 γλυκερδς
764 489 796 553 δέ
809 516 861 570 μοι
876 491 967 555 ύπνος
984 489 1105 576 ἀπέλθῃ,

284 596 371 658 δείδω
386 594 426 673 μὴ
444 592 590 674 θήρεσσιν
606 593 684 674 έλωρ
701 595 749 656 καὶ
766 593 860 674 κύρμα
874 591 1035 674 γένωμαι.”

277 687 278 690 ¹
322 696 385 763 Ὣς
400 698 457 778 ἀρα
470 698 498 759 οἱ
514 694 673 777 φρονέοντι
689 696 843 760 δοάσσατο
860 696 975 777 κέρδιον
991 697 1077 760 εἶναι·

284 804 326 878 βῆ
341 801 371 884 ῥ’
385 801 452 881 ίμεν
468 802 510 866 είς
525 801 609 877 ύλην·
632 799 686 877 τὴν
701 803 735 862 δὲ
751 799 862 880 σχεδὸν
877 801 984 866 ὕδατος
999 801 1084 878 εύρεν
1181 824 1230 876 475

285 907 318 968 ἓν
332 902 585 986 περιφαινομένῳ·
610 903 708 968 δοιοὺς
724 901 749 966 δ’
765 900 812 983 ἀρ’
827 902 962 981 ὑπήλυθε
978 903 1105 982 θάμνους

285 1007 321 1086 ἐξ
335 1009 443 1086 ὁμόθεν
460 1011 630 1088 πεφυῶτας·
654 1007 670 1068 δ
686 1009 741 1083 μὲν
757 1009 876 1087 φυλίης,
893 1008 909 1068 δ
925 1003 950 1070 δ’
967 1008 1079 1084 ἐλαίης.

285 1113 353 1178 τοὺς
368 1115 423 1189 μὲν
438 1109 483 1188 ἄρ’
500 1107 560 1172 οὔτ’
572 1109 692 1186 ἀνέμων
707 1109 775 1189 διάη
791 1109 880 1189 μένος
895 1112 987 1192 ύγρδυ
1002 1111 1124 1188 ἀέντων,

171 1299 172 1304 ¹
285 1216 353 1279 οὔτε
369 1213 433 1278 ποτ’
451 1213 550 1292 ἠέλιος
566 1214 688 1293 φαέθων
705 1215 823 1276 ἀκτῖσιν
838 1215 982 1291 ἔβαλλεν,

285 1317 346 1381 οὔτ’
364 1320 479 1398 ὄμβρος
493 1315 645 1396 περάασκε
661 1315 831 1397 διαμπερές·
855 1317 894 1382 ὣς
910 1316 967 1397 ἀρα
983 1315 1088 1380 πυκνοὶ
1182 1333 1233 1394 480

286 1421 470 1501 ἀλλήλοισιν
485 1422 562 1500 ἔφυν
581 1421 790 1500 ἐπαμοιβαδίς·
815 1419 865 1485 οθς
880 1418 929 1483 ὑπ’
944 1418 1112 1486 Ὀδυσσεὺς

286 1524 393 1590 δύσετ’.
440 1524 521 1602 ἄφαρ
537 1521 562 1586 δ’
579 1523 666 1601 εὐνὴν
683 1521 859 1601 ἐπαμήσατο
874 1521 963 1605 χερσὶ
979 1525 1110 1609 φίλῃσιν

287 1629 413 1709 εὐρεῖαν·
437 1627 566 1707 φύλλων
581 1629 638 1707 γὰρ
655 1625 707 1702 ἔην
722 1626 813 1708 χύσις
827 1625 920 1704 ἤλιθα
935 1625 1045 1705 πολλή,

287 1733 383 1794 ὅσσον
398 1729 422 1793 τ’
438 1729 472 1808 ἠὲ
489 1729 547 1793 δύω
563 1730 597 1807 ἠὲ
613 1734 692 1807 τρεῖς
708 1728 816 1810 ἄνδρας
833 1731 957 1809 ἔρυσθαι

287 1837 346 1922 ὥρῃ
360 1835 505 1918 χειμερίῃ,
523 1835 549 1896 εί
566 1831 615 1896 καὶ
629 1832 712 1910 μάλα
728 1859 783 1914 περ
798 1835 990 1916 χαλεπαίνοι.
1114 1866 1115 1872 ¹
1180 1850 1229 1911 485
1247 1883 1249 1887 .

287 1939 341 2016 τὴν
355 1940 411 2014 μὲν
426 1939 497 2002 ἰδὼν
513 1936 631 2019 γήθησε
646 1937 800 2002 πολύτλας
816 1941 878 2004 δῖος
894 1937 1071 2012 Ὀδυσσεύς,
1155 2010 1157 2016 ,

288 2044 321 2105 έν
336 2041 361 2106 δ’
379 2041 435 2122 ἄρα
449 2041 550 2126 μέσσῃ
569 2039 669 2116 λέκτο,
685 2039 775 2121 χύσιν
791 2039 816 2104 δ’
834 2041 998 2122 ε’πεχεύατο
1015 2041 1153 2122 φύλλων.

289 2146 328 2212 ὡς
343 2143 369 2209 δ’
384 2145 434 2209 ὅτε
450 2168 494 2209 τις
510 2149 603 2207 δαλὸν
618 2145 730 2230 σποδιῇ
746 2143 891 2224 ἐνέκρυψε
906 2147 1035 2230 μελαίνῃ

289 2251 382 2331 ἀγροῦ
398 2246 443 2311 ἐπ’
459 2251 612 2330 ἐσχατιῆς,
629 2244 652 2331 ᾧ
667 2247 707 2326 μὴ
724 2245 801 2327 πάρα
818 2249 951 2329 γείτονες
967 2248 1070 2325 ἄλλοι,

290 2353 409 2433 σπέρμα
424 2351 515 2430 πυρὸς
531 2350 645 2428 σώζων,
661 2353 709 2413 ἵνα
725 2347 766 2428 μή
784 2355 877 2413 ποθεν
892 2348 1025 2415 ἄλλοθεν
1041 2355 1105 2438 αύῃ,
1182 2381 1234 2432 490

290 2457 329 2521 ὣς
343 2454 489 2518 Ὀδυσεὺς
505 2453 655 2534 φύλλοισι
672 2455 839 2534 καλύψατο·
863 2455 903 2538 τῷ
917 2452 941 2516 δ’
958 2453 1003 2536 ἄρ’
1018 2454 1131 2535 Ἀθήνη

290 2561 383 2622 ύπνον
399 2555 445 2622 ἐπ’
462 2559 575 2637 ὄμμασι
589 2554 662 2639 χεῦ’,
679 2560 729 2622 ἵνα
743 2583 795 2637 μιν
811 2558 937 2622 παύσειε
953 2558 1082 2642 τάχιστα

291 2662 457 2727 δυσπονέος
473 2660 627 2741 καμάτοιο,
644 2662 723 2741 φίλα
738 2661 872 2743 βλέφαρ’
888 2663 1117 2744 ἀμφικαλύψας.
