2908 4232
542 345 572 412 3.
595 331 831 392 ΟΔΎΣΣΕΙΑΣ
862 333 895 392 Γ.
1122 340 1186 410 553

238 499 269 562 οἵ
283 499 312 561 οἱ
328 498 405 562 έσαν
420 499 601 580 προπάροιθε
616 496 733 578 θυράων
747 495 897 580 ὑψηλάων

236 601 349 676 λευκοί,
365 603 606 681 ἀποστίλβοντες
623 603 799 684 ἀλείφατος·
824 603 869 668 οίς
886 601 935 664 έπι
949 603 1006 679 μὲν
1016 602 1088 683 πρὶν

239 705 360 783 Νηλεὺς
375 705 506 782 ἵζεσκεν,
523 705 631 786 θεόφιν
645 703 768 785 μήστωρ
784 703 959 770 ἀτάλαντος·

238 808 309 871 ἀλλ’
325 810 342 871 ὁ
356 811 412 888 μὲν
426 807 481 888 ἤδη
499 807 565 888 κηρὶ
580 814 684 888 δαμεὶς
696 807 841 872 Ἀϊδόσδε
857 806 998 887 βεβήκει,
1135 832 1187 885 4¹0

238 913 366 993 Νέστωρ
381 912 418 975 αῦ
433 910 492 976 τότ’
511 914 596 993 ἐφῖζε
611 911 761 994 Γερήνιος,
778 913 865 992 οῦρος
880 911 1025 994 Ἀχαιῶν,

238 1017 392 1096 σκῆπτρον
406 1016 496 1099 έχων.
542 1013 609 1097 περὶ
626 1015 651 1080 δ’
668 1018 730 1084 νίες
747 1018 873 1082 ἀολλέες
890 1014 1071 1098 ἠγερέθοντο

238 1122 271 1183 ἐκ
288 1119 431 1195 θαλάμων
446 1122 599 1197 ἐλθόντες,
614 1119 777 1204 Ἐχέφρων
793 1146 825 1190 τε
843 1120 986 1200 Στρατίος
1002 1143 1036 1182 τε

238 1223 375 1304 Περσεύς
390 1221 416 1284 ’τ’
430 1221 559 1302 Ἀρητός
575 1248 608 1287 τε
626 1221 674 1288 καί
690 1225 826 1290 ἀντίθεος
842 1221 1056 1304 Θρασυμήδης.

236 1331 317 1389 τοῖσι
334 1325 359 1389 δ’
377 1327 472 1392 ἔπειθ’
487 1325 573 1396 ἕκτος
591 1329 814 1408 Πεισίστρατος
830 1325 943 1406 ήλυθεν
957 1326 1045 1407 ἥρως,
1136 1353 1166 1403 4¹
1172 1352 1185 1402 5

238 1429 297 1507 πὰρ
313 1429 337 1492 δ’
355 1428 610 1512 ἄραΤηλέμαχον
626 1431 798 1500 θεοείκελον
814 1433 902 1494 είσαν
918 1430 1052 1513 ἄγοντες.

238 1538 320 1597 τοῖσι
336 1536 368 1597 δὲ
383 1533 484 1611 μύθων
500 1534 575 1617 ήρχε
591 1533 731 1615 Γερήνιος
747 1535 862 1616 ἱππότα-
876 1533 1013 1614 Νέστωρ·

281 1642 300 1670 “
313 1638 516 1718 Καρπαλίμως
530 1663 593 1718 μοι,
608 1638 697 1703 τέκνα
712 1640 800 1720 φίλα,
815 1637 952 1720 κρηήνατ’
970 1637 1090 1719 ἐέλδωρ,

238 1740 308 1821 ὄφρ’
325 1739 343 1819 ή
358 1766 406 1804 τοι
422 1742 577 1821 πράτιστα
593 1747 669 1808 θεῶν
688 1741 832 1821 ἱλάσσομ’
850 1739 989 1819 Ἀθήνην,

237 1846 258 1924 ή
272 1870 325 1924 μοι
340 1845 467 1927 ἐναργὴς
483 1843 559 1923 ήλθε
575 1850 646 1909 θεοῦ
662 1847 693 1911 ἐς
708 1850 794 1910 δαῖτα
810 1843 944 1909 θάλειαν.
1137 1873 1187 1922 4²0

238 1947 307 2012 ἀλλ’
324 1947 371 2029 ἄγ’
389 1950 405 2010 ἀ
419 1950 475 2026 μὲν
490 1949 619 2012 πεδίονδ’
636 1947 685 2012 ἐπὶ
700 1953 778 2028 βοῦν
793 1949 855 2024 ίτω,
874 1950 956 2028 ὄφρα
970 1946 1103 2030 τάχιστα

238 2052 375 2138 ἔλθῃσιν,
391 2050 489 2138 ἐλάσῃ
506 2054 539 2115 δέ
554 2057 638 2126 βοῦν
653 2053 855 2132 ἐπιβουκόλος
872 2049 956 2132 ἀνήρ·

238 2157 282 2220 είς
298 2154 322 2219 δ’
340 2157 390 2219 ἐπὶ
404 2155 588 2238 Τηλεμάχου
602 2155 775 2238 μεγαθύμου
790 2158 847 2234 νῆιι
862 2155 1009 2236 μέλαιναν

238 2257 349 2325 πάντας
365 2260 418 2322 ἰὼν
434 2259 555 2336 ἑτάρους
571 2258 681 2341 ἀγέτω,
695 2259 810 2326 λιπέτω
827 2262 860 2324 δὲ
877 2257 924 2322 δύ’
941 2260 1031 2325 οἴους·

238 2364 282 2429 είς
298 2362 323 2426 δ’
337 2363 375 2426 οῦ
389 2364 562 2448 χρυσοχόον
578 2361 713 2444 Λαέρκεα
729 2369 815 2445 δεῦρο
834 2362 970 2428 κελέσθω
1139 2389 1190 2438 4²⁵

239 2468 351 2544 ἐλθεῖν,
366 2469 448 2548 ὄφρα
462 2467 538 2545 βοὸς
553 2466 669 2550 χρυσὸν
687 2465 810 2547 κέρασιν
827 2465 981 2552 περιχεύῃ.

239 2571 267 2632 οἱ
284 2569 308 2633 δ’
326 2569 418 2633 ἄλλοι
432 2569 530 2650 μένετ’
547 2571 636 2636 αὐτοῦ
652 2570 791 2648 ἀολλέες,
808 2572 911 2634 είπατε
926 2568 951 2632 δ’
968 2572 1042 2636 εἴσω

237 2675 371 2759 δμῳῇσιν
387 2673 461 2737 κατὰ
476 2674 585 2752 δώματ’
600 2675 755 2757 ἀγακλυτά
770 2679 858 2738 δαῖτα
873 2673 1028 2750 πένεσθαι,

237 2775 325 2858 έδρας
340 2803 372 2842 τε
389 2775 465 2856 ξύλα
480 2776 505 2838 τ’
521 2776 600 2858 ἀμφὶ
616 2775 664 2842 καὶ
680 2778 795 2856 ἀγλαὸν
811 2778 934 2857 οἰσέμεν
949 2775 1056 2859 ύδωρ.”

274 2879 337 2948 Ὣς
350 2881 449 2962 ἔφαθ’,
461 2882 490 2944 οί
502 2879 527 2945 δ’
537 2881 594 2962 άρο
604 2879 713 2950 πάντες
725 2881 897 2952 ἐποίπνυον.
916 2879 991 2962 ήλθε
999 2881 1055 2962 μὲν
1064 2878 1100 2961 ἀρ
1111 2884 1187 2959 βοῦς

238 2986 270 3047 ἐκ
287 2987 400 3062 πεδίου,
417 2984 511 3063 ἦλθον
527 2987 558 3048 δὲ
574 2987 645 3062 θοῆς
660 2984 741 3066 παρά
756 2983 825 3061 νηδς
840 2983 925 3062 ἐίσης
1136 3011 1185 3062 431

237 3086 421 3170 Τηλεμάχου
437 3087 538 3168 ἕταροι
554 3087 769 3170 μεγαλήτορος,
788 3087 863 3166 ήλθε
878 3089 913 3152 δέ
925 3088 1058 3171 χαλκεὺς

239 3190 310 3256 ὅπλ’
328 3192 362 3255 ἐν
375 3192 485 3274 χερσὶν
501 3191 582 3274 έχων
596 3189 742 3274 χαλκήϊα,
757 3192 881 3274 πείρατα
896 3191 1015 3274 τέχνης,

238 3293 354 3375 ἀκμονά
368 3319 401 3358 τε
416 3295 537 3377 σφῦράν
551 3293 577 3356 τ’
589 3294 748 3373 εύποίητόν
763 3321 795 3360 τε
810 3292 972 3376 πυράγρην,

238 3400 320 3462 οἷσίν
335 3423 367 3463 τε
382 3399 498 3481 χρυσὸν
514 3398 675 3480 είργάζετο·
698 3398 774 3476 ἦλθε
789 3399 814 3463 δ’
831 3397 945 3478 Ἀθήνη
1135 3426 1189 3477 435

238 3505 309 3584 ίρῶν
324 3502 485 3568 ἀντιόωσα.
528 3505 624 3585 γέρων
640 3503 665 3568 δ’
684 3502 839 3581 ἱππηλάτα
856 3501 985 3585 Νέστωρ

239 3611 355 3688 χρυσὸν
369 3605 470 3687 ἔδωχ’·
497 3607 553 3672 ὁδ’
570 3608 675 3672 ἔπειτα
690 3612 765 3686 βοὸς
781 3605 905 3686 κέρασιν
920 3608 1079 3690 περίχευεν

238 3709 387 3790 ἀσκήσας,
397 3707 435 3776 ἵν’
453 3710 574 3792 ἄγαλμα
589 3713 645 3776 θεέι
657 3709 812 3792 κεχάροιτο
830 3712 945 3776 ἰδοῦσα.

674 3829 732 3899 Τ3
