2746 4228
264 306 305 388 56
457 383 459 388 ,
597 326 627 392 3·
653 311 823 372 1A1AA02
846 314 879 372 r.
992 373 995 379 .

264 466 333 539 ἀλλ’
351 477 401 540 ὅτε
417 476 453 555 δή
469 475 636 556 πολύμητις
651 475 802 556 ἀναΐξειεν
816 477 995 550 Ὀδυσσεύς,

265 579 406 652 στάσκεν,
422 581 494 645 ὑπαὶ
512 582 543 644 δὲ
559 585 661 645 ἴδεσκε
677 585 752 645 κατά
765 580 877 664 χθονδς
893 582 1010 659 ὄμματα
1025 579 1131 661 πήξας,

265 683 417 763 σκῆπτρον
431 682 456 747 δ’
473 683 534 747 οὔτ’
551 684 648 748 ὀπίσω
665 683 732 748 ούτε
748 687 916 765 προπρηνὲς
932 683 1038 762 ἔνάμο,

264 785 334 848 ἀλλ’
353 786 507 867 ἀστεμφὲς
523 787 662 870 ἔχεσκεν,
679 785 775 868 ἀΐδρεϊ
790 788 870 867 φωτὶ
889 786 1002 852 ἔοικάς·

264 890 357 969 φαίης
373 914 405 955 κε
421 891 545 968 ζάκοτόν
560 889 594 954 τέ
608 890 663 954 τιν’
681 890 803 969 ἔμμεναι
819 889 938 972 άφρονά
953 888 980 952 τ’
996 889 1099 954 οὕτως.
1161 913 1209 948 ιιο

264 988 336 1053 ἀλλ’
352 992 403 1056 ότε
417 992 453 1071 δὴ
470 995 531 1056 ὅπα
545 1019 578 1058 πε
592 991 729 1074 μεγάλην
745 996 778 1058 ἔκ
795 991 922 1070 στήθεος
937 994 983 1071 εἵη

264 1094 313 1157 καὶ
329 1094 404 1158 ἔπεα
419 1094 604 1176 νιφάδεσσιν
619 1095 739 1158 ἔοικότα
753 1095 953 1181 χειμερίῃσιν,

264 1197 316 1259 οὐκ
331 1195 369 1260 ἀν
385 1197 477 1262 ἔπειτ’
493 1196 624 1276 Ὀδυσῆΐ
637 1196 666 1281 γ’
686 1199 819 1280 ἔρίσσειε
833 1197 946 1280 βροτὸς
961 1197 1066 1262 ἄλλος·

264 1298 299 1360 οὐ
314 1299 382 1363 τότε
396 1299 424 1381 γ’
440 1299 490 1362 ὧδ’
509 1297 655 1375 Ὀδυσῆος
671 1297 860 1380 ἀγασσάμεθ’
879 1299 958 1365 εἶδος
974 1293 1118 1364 ίδόντες.”

306 1399 350 1464 Τδ
365 1401 466 1481 τρίτον
481 1400 542 1464 αὖτ’
561 1403 675 1465 Αἴαντα
691 1403 762 1466 ίδδν
777 1401 881 1485 ἐρέειν’
897 1403 914 1465 ἀ
929 1400 1058 1484 γεραιός·
1161 1425 1206 1474 ²25

266 1510 283 1538 ·'‘
293 1505 339 1569 τίς
353 1504 377 1564 τ’
393 1503 438 1585 ἄρ’
455 1503 498 1566 ὅδ’
515 1503 610 1569 ἀλλος
624 1503 751 1588 Ἀχαιὸς
767 1505 842 1586 ἀνὴρ
857 1502 911 1583 ήύς
925 1529 959 1567 τε
972 1501 1067 1583 μέγας
1085 1526 1127 1578 τε,

265 1605 371 1688 ἔξοχος
386 1605 532 1687 Ἀργείων
547 1604 686 1688 κεφαλήν
704 1631 737 1672 τε
752 1608 800 1671 καὶ
816 1605 917 1689 εὐρέας
933 1606 1029 1687 ὤμους
1042 1602 1078 1679 53'

305 1710 368 1774 Τὸν
384 1709 410 1772 δ’
426 1708 536 1788 Ἑλένη
552 1709 743 1776 τανύπεπλος
758 1711 912 1791 ἀμείβετο,
929 1713 978 1772 δῖο
992 1713 1152 1791 γυναικῶν·

266 1816 282 1846 ‘⁴
295 1813 380 1879 οὗτος
396 1813 420 1876 δ’
437 1815 512 1879 Αίας
527 1813 594 1876 ἔστὶ
611 1813 768 1895 πελόριος,
784 1813 868 1896 έρκος
884 1811 1028 1894 Ἀχαιῶν·

263 1914 429 1996 Ἰδομενεὺς
444 1915 469 1980 δ’
486 1914 632 1997 ἔτέρωθεν
647 1917 692 1981 ἔνὶ
709 1914 862 1997 Κρήτεσσι
878 1914 946 1982 θεδς
962 1915 1001 1980 ὣς
1160 1943 1208 1991 ²50

264 2017 375 2096 ἕστηκ’,
393 2019 469 2100 ἀμφὶ
486 2017 519 2082 δέ
533 2045 585 2098 μιν
603 2023 726 2102 Κρητῶν
741 2020 810 2102 ἀγοὶ
826 2018 1029 2102 ἠγερέθονται.

263 2120 396 2186 πολλάκι
411 2147 462 2201 μιν
478 2123 633 2201 ξείνισσεν
649 2121 810 2205 ἀρηΐφιλος
826 2121 986 2188 Μενέλαος

264 2228 335 2310 οἴκῳ
352 2227 384 2289 ἔν
398 2223 541 2310 ἡμετέρῳ,
559 2227 650 2290 ὁπότε
666 2224 821 2308 Κρήτηθεν
835 2228 941 2290 ἵκοιτο.

265 2334 316 2392 νῦν
332 2328 355 2392 δ’
373 2329 486 2394 ἀλλους
501 2332 558 2408 μὲν
574 2327 688 2395 πάντας
705 2331 762 2410 ὁρῶ
779 2330 930 2395 ἑλίκωπας
945 2326 1097 2412 Ἀχαιούς,

264 2433 314 2497 ούς
330 2456 381 2495 κεν
397 2429 429 2494 ἔδ
447 2431 552 2512 γνοίην
568 2433 620 2495 καί
632 2431 656 2494 τ’
674 2432 787 2512 οὔνομα
800 2431 1003 2511 μυθησαίμην·
1160 2457 1206 2506 ²3⁵

264 2536 334 2596 δοιὼ
351 2532 375 2597 δ’
394 2533 428 2596 οὐ
444 2532 569 2613 δύναμαι
586 2532 677 2598 ίδέειν
693 2533 861 2617 κοσμήτορε
876 2541 968 2609 λαῶν,

266 2635 407 2718 Κάστορά
422 2636 448 2699 θ’
466 2637 636 2716 ἱππόδαμον
652 2638 701 2701 καὶ
717 2637 777 2716 πὺξ
790 2638 906 2720 ἀγαθὸν
922 2636 1126 2709 Πολυδεύκεα,

264 2738 516 2822 αὐτοκασιγνήτω,
534 2741 575 2802 τά
589 2765 641 2818 μοι
655 2740 710 2820 μία
724 2743 845 2823 γείνατο
859 2738 965 2823 μήτηρ.

264 2843 282 2923 ἢ
299 2844 354 2926 οὐχ
370 2842 525 2921 ἑσπέσθην
539 2843 763 2921 Λακεδαίμονος
779 2840 815 2922 ἔξ
828 2843 990 2924 ἐρατεινῆς,

263 2946 282 3026 ἢ
298 2947 390 3028 δεύρω
405 2943 461 3026 μὲν
476 2945 584 3009 έποντο
600 2943 702 3010 νέεσσ’
723 2945 767 3010 ἔνι
782 2945 1010 3025 ποντοπόροισι,
1161 2970 1207 3020 ²40

266 3055 317 3115 νῦν
333 3047 394 3112 αὖτ’
411 3048 464 3112 οὐκ
480 3047 621 3111 ἐθέλουσι
636 3046 737 3132 μάχην
749 3047 948 3127 καταδύμεναι
963 3048 1088 3128 ἀνδρῶν,

265 3157 377 3235 αἴσχεα
392 3152 534 3216 δειδιότες
552 3151 600 3213 καὶ
616 3151 733 3214 ὀνείδεα
748 3149 839 3213 πόλλ’
856 3150 876 3214 ἀ
889 3151 944 3229 μοί
956 3147 1070 3216 ἔστιν.”

301 3252 365 3320 Ὣς
380 3252 468 3335 φάτο,
485 3253 553 3319 τοὺς
568 3252 594 3317 δ’
610 3255 665 3333 ήδη
683 3252 811 3336 κάτεχεν
827 3253 970 3334 φυσίζοος
987 3252 1039 3316 οἶα

266 3361 299 3424 ἔν
314 3359 515 3436 Λακεδαίμονι
530 3357 607 3433 αὖθι,
625 3357 701 3442 φίλη
717 3358 749 3420 ἔν
765 3358 884 3439 πατρίδι
899 3357 981 3444 γαίη.

309 3459 441 3541 Κήρυκες
456 3457 481 3524 δ’
498 3461 556 3523 ἀνά
570 3460 646 3523 ἄστυ
662 3463 738 3523 θεῶν
753 3458 847 3541 φέρον
866 3460 952 3539 ὅρκια
966 3455 1071 3530 πιστά,
1159 3483 1207 3534 245

266 3564 337 3645 άρνε
352 3564 410 3628 δύω
426 3565 475 3626 καὶ
491 3563 572 3626 οἶνον
588 3560 728 3644 ἐύφρονα,
746 3562 860 3643 καρπὸν
875 3562 1010 3644 ἀρούρης,

268 3669 351 3752 ἀσκῷ
369 3671 401 3731 ἓν
416 3668 529 3751 αἰγείῳ·
553 3665 628 3748 φέρε
643 3665 675 3730 δὲ
691 3669 820 3747 κρητῆρα
835 3664 962 3747 φαεινὸν
