<?xml version="1.0" encoding="UTF-8"?>
<!DOCTYPE html PUBLIC "-//W3C//DTD XHTML 1.0 Transitional//EN"
    "http://www.w3.org/TR/xhtml1/DTD/xhtml1-transitional.dtd">
<html xmlns="http://www.w3.org/1999/xhtml" xml:lang="en" lang="en">
 <head>
  <title>
</title>
<meta http-equiv="Content-Type" content="text/html;charset=utf-8" />
  <meta name='ocr-system' content='tesseract 3.04.00' />
  <meta name='ocr-capabilities' content='ocr_page ocr_carea ocr_par ocr_line ocrx_word'/>
</head>
<body>
  <div class='ocr_page' id='page_1' title='image "./homerioperaetre00homegoog_0529.png"; bbox 0 0 2908 4232; ppageno 0'>
   <div class='ocr_carea' id='block_1_1' title="bbox 552 335 1198 413">
    <p class='ocr_par' dir='ltr' id='par_1_1' title="bbox 552 335 1198 413">
     <span class='ocr_line' id='line_1_1' title="bbox 552 335 1198 413; baseline -0.006 -17"><span class='ocrx_word' id='word_1_1' title='bbox 552 353 580 396; x_wconf 93' lang='lat'>1.</span> <span class='ocrx_word' id='word_1_2' title='bbox 603 335 837 397; x_wconf 75' lang='grc' dir='ltr'><strong>ΟΔΎΣΣΕΙΑΣ</strong></span> <span class='ocrx_word' id='word_1_3' title='bbox 862 337 897 395; x_wconf 89' lang='grc' dir='ltr'>Α.</span> <span class='ocrx_word' id='word_1_4' title='bbox 1136 344 1198 413; x_wconf 86' lang='lat'>517</span> 
     </span>
    </p>
   </div>
   <div class='ocr_carea' id='block_1_2' title="bbox 253 501 1203 2345">
    <p class='ocr_par' dir='ltr' id='par_1_2' title="bbox 253 501 1069 586">
     <span class='ocr_line' id='line_1_2' title="bbox 253 501 1069 586; baseline -0.002 -19"><span class='ocrx_word' id='word_1_5' title='bbox 253 507 284 570; x_wconf 83' lang='grc' dir='ltr'>ές</span> <span class='ocrx_word' id='word_1_6' title='bbox 302 501 441 582; x_wconf 92' lang='grc' dir='ltr'>Τεμέσην</span> <span class='ocrx_word' id='word_1_7' title='bbox 455 503 530 584; x_wconf 77' lang='grc' dir='ltr'>μετὰ</span> <span class='ocrx_word' id='word_1_8' title='bbox 545 505 673 586; x_wconf 88' lang='grc' dir='ltr'>χαλκόν,</span> <span class='ocrx_word' id='word_1_9' title='bbox 689 503 751 585; x_wconf 88' lang='grc' dir='ltr'>ἀγω</span> <span class='ocrx_word' id='word_1_10' title='bbox 766 503 791 566; x_wconf 89' lang='grc' dir='ltr'>δ’</span> <span class='ocrx_word' id='word_1_11' title='bbox 807 503 919 565; x_wconf 90' lang='grc' dir='ltr'>αίθωνα</span> <span class='ocrx_word' id='word_1_12' title='bbox 935 503 1069 583; x_wconf 87' lang='grc' dir='ltr'>σίδηρον.</span> 
     </span>
    </p>

    <p class='ocr_par' dir='ltr' id='par_1_3' title="bbox 253 605 1198 796">
     <span class='ocr_line' id='line_1_3' title="bbox 254 605 1198 689; baseline -0.005 -17"><span class='ocrx_word' id='word_1_13' title='bbox 254 613 323 684; x_wconf 94' lang='grc' dir='ltr'>νηῦς</span> <span class='ocrx_word' id='word_1_14' title='bbox 339 606 372 672; x_wconf 88' lang='grc' dir='ltr'>δέ</span> <span class='ocrx_word' id='word_1_15' title='bbox 385 633 437 688; x_wconf 90' lang='grc' dir='ltr'>μοι</span> <span class='ocrx_word' id='word_1_16' title='bbox 453 608 498 687; x_wconf 81' lang='grc' dir='ltr'>ἥδ’</span> <span class='ocrx_word' id='word_1_17' title='bbox 516 608 642 686; x_wconf 82' lang='grc' dir='ltr'>ἕστηκεν</span> <span class='ocrx_word' id='word_1_18' title='bbox 658 605 705 671; x_wconf 78' lang='grc' dir='ltr'>ἐπ’</span> <span class='ocrx_word' id='word_1_19' title='bbox 721 609 813 689; x_wconf 92' lang='grc' dir='ltr'>ἀγροῦ</span> <span class='ocrx_word' id='word_1_20' title='bbox 829 608 924 685; x_wconf 93' lang='grc' dir='ltr'>νόσφι</span> <span class='ocrx_word' id='word_1_21' title='bbox 940 605 1062 682; x_wconf 77' lang='grc' dir='ltr'>πόληος,</span> <span class='ocrx_word' id='word_1_22' title='bbox 1154 621 1198 680; x_wconf 86' lang='lat'>185</span> 
     </span>
     <span class='ocr_line' id='line_1_4' title="bbox 253 709 866 796; baseline -0.002 -22"><span class='ocrx_word' id='word_1_23' title='bbox 253 713 286 775; x_wconf 82' lang='grc' dir='ltr'>ἐν</span> <span class='ocrx_word' id='word_1_24' title='bbox 301 712 402 790; x_wconf 79' lang='grc' dir='ltr'>λιμένι</span> <span class='ocrx_word' id='word_1_25' title='bbox 416 710 548 796; x_wconf 81' lang='grc' dir='ltr'>Ῥείθρῳ,</span> <span class='ocrx_word' id='word_1_26' title='bbox 563 713 622 775; x_wconf 85' lang='grc' dir='ltr'>ῦπδ</span> <span class='ocrx_word' id='word_1_27' title='bbox 634 709 720 795; x_wconf 74' lang='grc' dir='ltr'>Νηύῳ</span> <span class='ocrx_word' id='word_1_28' title='bbox 736 710 866 788; x_wconf 84' lang='grc' dir='ltr'>ὑλήεντι.</span> 
     </span>
    </p>

    <p class='ocr_par' dir='ltr' id='par_1_4' title="bbox 254 813 953 894">
     <span class='ocr_line' id='line_1_5' title="bbox 254 813 953 894; baseline -0.003 -14"><span class='ocrx_word' id='word_1_29' title='bbox 254 815 348 894; x_wconf 84' lang='grc' dir='ltr'>ξεῖνοι</span> <span class='ocrx_word' id='word_1_30' title='bbox 363 815 388 877; x_wconf 92' lang='grc' dir='ltr'>δ’</span> <span class='ocrx_word' id='word_1_31' title='bbox 403 814 549 894; x_wconf 87' lang='grc' dir='ltr'>ἀλλήλων</span> <span class='ocrx_word' id='word_1_32' title='bbox 565 816 707 894; x_wconf 84' lang='grc' dir='ltr'>πατρόϊοι</span> <span class='ocrx_word' id='word_1_33' title='bbox 724 813 858 894; x_wconf 76' lang='grc' dir='ltr'>εὐχόμεθ’</span> <span class='ocrx_word' id='word_1_34' title='bbox 876 814 953 878; x_wconf 85' lang='grc' dir='ltr'>εἶναι</span> 
     </span>
    </p>

    <p class='ocr_par' dir='ltr' id='par_1_5' title="bbox 254 918 966 1002">
     <span class='ocr_line' id='line_1_6' title="bbox 254 918 966 1002; baseline 0 -20"><span class='ocrx_word' id='word_1_35' title='bbox 254 918 290 997; x_wconf 77' lang='grc' dir='ltr'>ἐξ</span> <span class='ocrx_word' id='word_1_36' title='bbox 303 921 406 1002; x_wconf 89' lang='grc' dir='ltr'>ἀρχῆς,</span> <span class='ocrx_word' id='word_1_37' title='bbox 421 921 450 982; x_wconf 83' lang='grc' dir='ltr'>εί</span> <span class='ocrx_word' id='word_1_38' title='bbox 465 919 520 1000; x_wconf 87' lang='grc' dir='ltr'>πέρ</span> <span class='ocrx_word' id='word_1_39' title='bbox 535 943 569 982; x_wconf 90' lang='grc' dir='ltr'>τε</span> <span class='ocrx_word' id='word_1_40' title='bbox 584 918 699 1000; x_wconf 89' lang='grc' dir='ltr'>γέροντ’</span> <span class='ocrx_word' id='word_1_41' title='bbox 716 923 812 998; x_wconf 84' lang='grc' dir='ltr'>είρηαι</span> <span class='ocrx_word' id='word_1_42' title='bbox 829 919 966 982; x_wconf 78' lang='grc' dir='ltr'>ἐπελθὼν</span> 
     </span>
    </p>

    <p class='ocr_par' dir='ltr' id='par_1_6' title="bbox 254 1017 910 1104">
     <span class='ocr_line' id='line_1_7' title="bbox 254 1017 910 1104; baseline 0 -19"><span class='ocrx_word' id='word_1_43' title='bbox 254 1017 390 1104; x_wconf 83' lang='grc' dir='ltr'>Λαέρτην</span> <span class='ocrx_word' id='word_1_44' title='bbox 406 1023 496 1100; x_wconf 88' lang='grc' dir='ltr'>ήρωα,</span> <span class='ocrx_word' id='word_1_45' title='bbox 511 1023 563 1086; x_wconf 82' lang='grc' dir='ltr'>τὸν</span> <span class='ocrx_word' id='word_1_46' title='bbox 578 1024 674 1087; x_wconf 83' lang='grc' dir='ltr'>οὐκέτι</span> <span class='ocrx_word' id='word_1_47' title='bbox 690 1023 768 1102; x_wconf 87' lang='grc' dir='ltr'>φασὶ</span> <span class='ocrx_word' id='word_1_48' title='bbox 784 1023 910 1086; x_wconf 76' lang='grc' dir='ltr'>πόλινδε</span> 
     </span>
    </p>

    <p class='ocr_par' dir='ltr' id='par_1_7' title="bbox 254 1122 1200 1314">
     <span class='ocr_line' id='line_1_8' title="bbox 255 1122 1200 1208; baseline -0.003 -20"><span class='ocrx_word' id='word_1_49' title='bbox 255 1125 385 1208; x_wconf 84' lang='grc' dir='ltr'>ἔρχεσθ’,</span> <span class='ocrx_word' id='word_1_50' title='bbox 400 1126 470 1188; x_wconf 82' lang='grc' dir='ltr'>ἀλλ’</span> <span class='ocrx_word' id='word_1_51' title='bbox 486 1125 653 1190; x_wconf 82' lang='grc' dir='ltr'>ἀπάνευθεν</span> <span class='ocrx_word' id='word_1_52' title='bbox 672 1123 718 1189; x_wconf 71' lang='grc' dir='ltr'>ἐπ’</span> <span class='ocrx_word' id='word_1_53' title='bbox 735 1125 828 1206; x_wconf 82' lang='grc' dir='ltr'>ἀγροῦ</span> <span class='ocrx_word' id='word_1_54' title='bbox 843 1125 963 1204; x_wconf 85' lang='grc' dir='ltr'>πήματα</span> <span class='ocrx_word' id='word_1_55' title='bbox 979 1122 1111 1207; x_wconf 84' lang='grc' dir='ltr'>πάσχειν</span> <span class='ocrx_word' id='word_1_56' title='bbox 1153 1148 1200 1202; x_wconf 88' lang='lat'>¹90</span> 
     </span>
     <span class='ocr_line' id='line_1_9' title="bbox 254 1229 1007 1314; baseline 0 -23"><span class='ocrx_word' id='word_1_57' title='bbox 254 1229 323 1307; x_wconf 73' lang='grc' dir='ltr'>γρηὶ</span> <span class='ocrx_word' id='word_1_58' title='bbox 339 1229 394 1293; x_wconf 83' lang='grc' dir='ltr'>σὺν</span> <span class='ocrx_word' id='word_1_59' title='bbox 410 1230 586 1314; x_wconf 81' lang='grc' dir='ltr'>ἀμφιπόλῳ,</span> <span class='ocrx_word' id='word_1_60' title='bbox 600 1229 620 1307; x_wconf 87' lang='grc' dir='ltr'>ή</span> <span class='ocrx_word' id='word_1_61' title='bbox 636 1231 664 1292; x_wconf 78' lang='grc' dir='ltr'>οἱ</span> <span class='ocrx_word' id='word_1_62' title='bbox 676 1229 800 1310; x_wconf 84' lang='grc' dir='ltr'>βρῶσίν</span> <span class='ocrx_word' id='word_1_63' title='bbox 814 1253 848 1291; x_wconf 85' lang='grc' dir='ltr'>πε</span> <span class='ocrx_word' id='word_1_64' title='bbox 866 1230 959 1290; x_wconf 86' lang='grc' dir='ltr'>πόσιν</span> <span class='ocrx_word' id='word_1_65' title='bbox 973 1253 1007 1291; x_wconf 86' lang='grc' dir='ltr'>τε</span> 
     </span>
    </p>

    <p class='ocr_par' dir='ltr' id='par_1_8' title="bbox 254 1330 1071 1516">
     <span class='ocr_line' id='line_1_10' title="bbox 254 1330 1071 1417; baseline -0.004 -21"><span class='ocrx_word' id='word_1_66' title='bbox 254 1337 402 1413; x_wconf 84' lang='grc' dir='ltr'>παρτιθεῖ,</span> <span class='ocrx_word' id='word_1_67' title='bbox 419 1333 476 1397; x_wconf 78' lang='grc' dir='ltr'>εὖτ’</span> <span class='ocrx_word' id='word_1_68' title='bbox 496 1333 533 1397; x_wconf 92' lang='grc' dir='ltr'>ἀν</span> <span class='ocrx_word' id='word_1_69' title='bbox 548 1358 600 1411; x_wconf 86' lang='grc' dir='ltr'>μιν</span> <span class='ocrx_word' id='word_1_70' title='bbox 615 1332 746 1412; x_wconf 88' lang='grc' dir='ltr'>κάματος</span> <span class='ocrx_word' id='word_1_71' title='bbox 762 1330 835 1394; x_wconf 77' lang='grc' dir='ltr'>κατὰ</span> <span class='ocrx_word' id='word_1_72' title='bbox 850 1336 919 1414; x_wconf 87' lang='grc' dir='ltr'>γνῖα</span> <span class='ocrx_word' id='word_1_73' title='bbox 934 1333 1071 1417; x_wconf 82' lang='grc' dir='ltr'>λάβῃσιν</span> 
     </span>
     <span class='ocr_line' id='line_1_11' title="bbox 255 1436 912 1516; baseline -0.002 -17"><span class='ocrx_word' id='word_1_74' title='bbox 255 1436 406 1514; x_wconf 80' lang='grc' dir='ltr'>ἑρπύζοντ’</span> <span class='ocrx_word' id='word_1_75' title='bbox 422 1438 479 1500; x_wconf 82' lang='grc' dir='ltr'>ἀνά</span> <span class='ocrx_word' id='word_1_76' title='bbox 494 1443 603 1516; x_wconf 88' lang='grc' dir='ltr'>γουνὸν</span> <span class='ocrx_word' id='word_1_77' title='bbox 619 1438 719 1514; x_wconf 85' lang='grc' dir='ltr'>ἀλωῆς</span> <span class='ocrx_word' id='word_1_78' title='bbox 736 1437 912 1500; x_wconf 78' lang='grc' dir='ltr'>οἰνοπέδοιο.</span> 
     </span>
    </p>

    <p class='ocr_par' dir='ltr' id='par_1_9' title="bbox 256 1536 1064 1622">
     <span class='ocr_line' id='line_1_12' title="bbox 256 1536 1064 1622; baseline 0 -22"><span class='ocrx_word' id='word_1_79' title='bbox 256 1543 307 1603; x_wconf 87' lang='grc' dir='ltr'>νῦν</span> <span class='ocrx_word' id='word_1_80' title='bbox 322 1536 346 1602; x_wconf 90' lang='grc' dir='ltr'>δ’</span> <span class='ocrx_word' id='word_1_81' title='bbox 363 1537 466 1616; x_wconf 77' lang='grc' dir='ltr'>ἦλθον·</span> <span class='ocrx_word' id='word_1_82' title='bbox 490 1540 526 1617; x_wconf 75' lang='grc' dir='ltr'>δή</span> <span class='ocrx_word' id='word_1_83' title='bbox 541 1539 599 1622; x_wconf 89' lang='grc' dir='ltr'>γάρ</span> <span class='ocrx_word' id='word_1_84' title='bbox 612 1566 665 1620; x_wconf 86' lang='grc' dir='ltr'>μιν</span> <span class='ocrx_word' id='word_1_85' title='bbox 681 1538 789 1619; x_wconf 79' lang='grc' dir='ltr'>ἔφαντ’</span> <span class='ocrx_word' id='word_1_86' title='bbox 806 1537 961 1616; x_wconf 76' lang='grc' dir='ltr'>ἐπιδήμιον</span> <span class='ocrx_word' id='word_1_87' title='bbox 978 1538 1064 1611; x_wconf 88' lang='grc' dir='ltr'>εἶναι,</span> 
     </span>
    </p>

    <p class='ocr_par' dir='ltr' id='par_1_10' title="bbox 256 1641 1202 1933">
     <span class='ocr_line' id='line_1_13' title="bbox 256 1641 1153 1725; baseline 0.001 -23"><span class='ocrx_word' id='word_1_88' title='bbox 256 1647 311 1706; x_wconf 87' lang='grc' dir='ltr'>σὸν</span> <span class='ocrx_word' id='word_1_89' title='bbox 326 1642 443 1724; x_wconf 88' lang='grc' dir='ltr'>πατέρ’·</span> <span class='ocrx_word' id='word_1_90' title='bbox 467 1645 549 1705; x_wconf 87' lang='grc' dir='ltr'>ἀλλά</span> <span class='ocrx_word' id='word_1_91' title='bbox 565 1669 599 1708; x_wconf 91' lang='grc' dir='ltr'>νυ</span> <span class='ocrx_word' id='word_1_92' title='bbox 613 1644 664 1707; x_wconf 92' lang='grc' dir='ltr'>τόν</span> <span class='ocrx_word' id='word_1_93' title='bbox 680 1670 715 1725; x_wconf 87' lang='grc' dir='ltr'>γε</span> <span class='ocrx_word' id='word_1_94' title='bbox 730 1641 793 1706; x_wconf 83' lang='grc' dir='ltr'>θεοὶ</span> <span class='ocrx_word' id='word_1_95' title='bbox 809 1642 984 1720; x_wconf 87' lang='grc' dir='ltr'>βλάπτουσι</span> <span class='ocrx_word' id='word_1_96' title='bbox 1000 1642 1153 1705; x_wconf 88' lang='grc' dir='ltr'>κελεύθου.</span> 
     </span>
     <span class='ocr_line' id='line_1_14' title="bbox 256 1744 1202 1829; baseline 0 -21"><span class='ocrx_word' id='word_1_97' title='bbox 256 1746 290 1808; x_wconf 86' lang='grc' dir='ltr'>οῦ</span> <span class='ocrx_word' id='word_1_98' title='bbox 307 1748 362 1827; x_wconf 87' lang='grc' dir='ltr'>γάρ</span> <span class='ocrx_word' id='word_1_99' title='bbox 377 1772 423 1810; x_wconf 92' lang='grc' dir='ltr'>πω</span> <span class='ocrx_word' id='word_1_100' title='bbox 439 1747 580 1825; x_wconf 80' lang='grc' dir='ltr'>τέθνηκεν</span> <span class='ocrx_word' id='word_1_101' title='bbox 595 1744 645 1811; x_wconf 71' lang='grc' dir='ltr'>ἐπὶ</span> <span class='ocrx_word' id='word_1_102' title='bbox 661 1750 749 1829; x_wconf 87' lang='grc' dir='ltr'>χθονὶ</span> <span class='ocrx_word' id='word_1_103' title='bbox 765 1751 827 1812; x_wconf 83' lang='grc' dir='ltr'>δῖος</span> <span class='ocrx_word' id='word_1_104' title='bbox 844 1745 1021 1822; x_wconf 87' lang='grc' dir='ltr'>Ὀδυσσεύς,</span> <span class='ocrx_word' id='word_1_105' title='bbox 1154 1758 1202 1824; x_wconf 87' lang='lat'>196</span> 
     </span>
     <span class='ocr_line' id='line_1_15' title="bbox 256 1847 980 1933; baseline 0.001 -23"><span class='ocrx_word' id='word_1_106' title='bbox 256 1847 326 1911; x_wconf 89' lang='grc' dir='ltr'>ἀλλ’</span> <span class='ocrx_word' id='word_1_107' title='bbox 345 1851 389 1913; x_wconf 80' lang='grc' dir='ltr'>ἔτι</span> <span class='ocrx_word' id='word_1_108' title='bbox 404 1876 464 1913; x_wconf 92' lang='grc' dir='ltr'>που</span> <span class='ocrx_word' id='word_1_109' title='bbox 481 1852 553 1927; x_wconf 81' lang='grc' dir='ltr'>ζωὸς</span> <span class='ocrx_word' id='word_1_110' title='bbox 571 1851 760 1930; x_wconf 85' lang='grc' dir='ltr'>κατερύκεται</span> <span class='ocrx_word' id='word_1_111' title='bbox 777 1850 855 1931; x_wconf 77' lang='grc' dir='ltr'>εὐρέϊ</span> <span class='ocrx_word' id='word_1_112' title='bbox 870 1850 980 1933; x_wconf 89' lang='grc' dir='ltr'>πόντῳ,</span> 
     </span>
    </p>

    <p class='ocr_par' dir='ltr' id='par_1_11' title="bbox 256 1952 1092 2139">
     <span class='ocr_line' id='line_1_16' title="bbox 256 1952 1092 2040; baseline 0 -25"><span class='ocrx_word' id='word_1_113' title='bbox 256 1952 338 2037; x_wconf 89' lang='grc' dir='ltr'>νήσῳ</span> <span class='ocrx_word' id='word_1_114' title='bbox 356 1958 388 2018; x_wconf 78' lang='grc' dir='ltr'>ἐν</span> <span class='ocrx_word' id='word_1_115' title='bbox 401 1955 563 2040; x_wconf 86' lang='grc' dir='ltr'>ἀμφιρύτῃ,</span> <span class='ocrx_word' id='word_1_116' title='bbox 579 1957 710 2035; x_wconf 82' lang='grc' dir='ltr'>χαλεποί</span> <span class='ocrx_word' id='word_1_117' title='bbox 729 1952 762 2016; x_wconf 88' lang='grc' dir='ltr'>δέ</span> <span class='ocrx_word' id='word_1_118' title='bbox 774 1981 826 2032; x_wconf 86' lang='grc' dir='ltr'>μιν</span> <span class='ocrx_word' id='word_1_119' title='bbox 841 1954 945 2033; x_wconf 84' lang='grc' dir='ltr'>ἀνδρες</span> <span class='ocrx_word' id='word_1_120' title='bbox 961 1953 1092 2034; x_wconf 78' lang='grc' dir='ltr'>ἔχουσιν,</span> 
     </span>
     <span class='ocr_line' id='line_1_17' title="bbox 256 2055 942 2139; baseline 0 -19"><span class='ocrx_word' id='word_1_121' title='bbox 256 2059 363 2139; x_wconf 84' lang='grc' dir='ltr'>ἄγριοι,</span> <span class='ocrx_word' id='word_1_122' title='bbox 379 2060 411 2120; x_wconf 84' lang='grc' dir='ltr'>οἵ</span> <span class='ocrx_word' id='word_1_123' title='bbox 423 2083 480 2120; x_wconf 89' lang='grc' dir='ltr'>που</span> <span class='ocrx_word' id='word_1_124' title='bbox 496 2063 593 2122; x_wconf 84' lang='grc' dir='ltr'>κεῖνον</span> <span class='ocrx_word' id='word_1_125' title='bbox 610 2055 791 2138; x_wconf 82' lang='grc' dir='ltr'>έρυκονόωσ’</span> <span class='ocrx_word' id='word_1_126' title='bbox 808 2057 942 2121; x_wconf 83' lang='grc' dir='ltr'>ἀέκοντα.</span> 
     </span>
    </p>

    <p class='ocr_par' dir='ltr' id='par_1_12' title="bbox 257 2158 1203 2345">
     <span class='ocr_line' id='line_1_18' title="bbox 257 2158 1203 2244; baseline 0.001 -23"><span class='ocrx_word' id='word_1_127' title='bbox 257 2159 349 2240; x_wconf 80' lang='grc' dir='ltr'>αὐτὰρ</span> <span class='ocrx_word' id='word_1_128' title='bbox 365 2166 418 2226; x_wconf 90' lang='grc' dir='ltr'>νῦν</span> <span class='ocrx_word' id='word_1_129' title='bbox 435 2186 482 2224; x_wconf 86' lang='grc' dir='ltr'>τοι</span> <span class='ocrx_word' id='word_1_130' title='bbox 499 2162 559 2239; x_wconf 81' lang='grc' dir='ltr'>ἐγὼ</span> <span class='ocrx_word' id='word_1_131' title='bbox 573 2161 786 2241; x_wconf 80' lang='grc' dir='ltr'>μαντεύσομαι,</span> <span class='ocrx_word' id='word_1_132' title='bbox 804 2161 843 2226; x_wconf 84' lang='grc' dir='ltr'>ὣς</span> <span class='ocrx_word' id='word_1_133' title='bbox 858 2158 903 2224; x_wconf 78' lang='grc' dir='ltr'>ἐνὶ</span> <span class='ocrx_word' id='word_1_134' title='bbox 919 2160 1001 2244; x_wconf 67' lang='grc' dir='ltr'>θυμῷ</span> <span class='ocrx_word' id='word_1_135' title='bbox 1154 2187 1203 2222; x_wconf 84' lang='grc' dir='ltr'>ιοο</span> 
     </span>
     <span class='ocr_line' id='line_1_19' title="bbox 258 2262 949 2345; baseline -0.001 -18"><span class='ocrx_word' id='word_1_136' title='bbox 258 2262 401 2328; x_wconf 87' lang='grc' dir='ltr'>ἀθάνατοι</span> <span class='ocrx_word' id='word_1_137' title='bbox 415 2264 573 2345; x_wconf 83' lang='grc' dir='ltr'>βάλλουσι</span> <span class='ocrx_word' id='word_1_138' title='bbox 589 2263 637 2328; x_wconf 81' lang='grc' dir='ltr'>καὶ</span> <span class='ocrx_word' id='word_1_139' title='bbox 654 2265 693 2330; x_wconf 82' lang='grc' dir='ltr'>ὣς</span> <span class='ocrx_word' id='word_1_140' title='bbox 706 2265 869 2330; x_wconf 82' lang='grc' dir='ltr'>τελέεσθαι</span> <span class='ocrx_word' id='word_1_141' title='bbox 885 2262 949 2340; x_wconf 79' lang='grc' dir='ltr'>ἀΐω,</span> 
     </span>
    </p>
   </div>
   <div class='ocr_carea' id='block_1_3' title="bbox 257 2361 1203 2761">
    <p class='ocr_par' dir='ltr' id='par_1_13' title="bbox 257 2361 986 2449">
     <span class='ocr_line' id='line_1_20' title="bbox 257 2361 986 2449; baseline 0.001 -21"><span class='ocrx_word' id='word_1_142' title='bbox 257 2368 325 2431; x_wconf 84' lang='grc' dir='ltr'>οὔτε</span> <span class='ocrx_word' id='word_1_143' title='bbox 342 2394 371 2430; x_wconf 89' lang='grc' dir='ltr'>τι</span> <span class='ocrx_word' id='word_1_144' title='bbox 389 2367 493 2448; x_wconf 86' lang='grc' dir='ltr'>μάντις</span> <span class='ocrx_word' id='word_1_145' title='bbox 509 2370 566 2432; x_wconf 76' lang='grc' dir='ltr'>ἐὸν</span> <span class='ocrx_word' id='word_1_146' title='bbox 582 2369 641 2432; x_wconf 79' lang='grc' dir='ltr'>οὔτ’</span> <span class='ocrx_word' id='word_1_147' title='bbox 652 2371 772 2432; x_wconf 84' lang='grc' dir='ltr'>οίωνῦν</span> <span class='ocrx_word' id='word_1_148' title='bbox 790 2369 878 2449; x_wconf 88' lang='grc' dir='ltr'>σάφα</span> <span class='ocrx_word' id='word_1_149' title='bbox 893 2361 986 2432; x_wconf 75' lang='grc' dir='ltr'>εἶδός.</span> 
     </span>
    </p>

    <p class='ocr_par' dir='ltr' id='par_1_14' title="bbox 257 2472 994 2555">
     <span class='ocr_line' id='line_1_21' title="bbox 257 2472 994 2555; baseline 0.004 -22"><span class='ocrx_word' id='word_1_150' title='bbox 257 2472 292 2533; x_wconf 86' lang='grc' dir='ltr'>ού</span> <span class='ocrx_word' id='word_1_151' title='bbox 307 2497 351 2534; x_wconf 88' lang='grc' dir='ltr'>τοι</span> <span class='ocrx_word' id='word_1_152' title='bbox 368 2473 412 2535; x_wconf 83' lang='grc' dir='ltr'>ἔτι</span> <span class='ocrx_word' id='word_1_153' title='bbox 427 2474 518 2552; x_wconf 91' lang='grc' dir='ltr'>δηρόν</span> <span class='ocrx_word' id='word_1_154' title='bbox 533 2498 568 2555; x_wconf 92' lang='grc' dir='ltr'>γε</span> <span class='ocrx_word' id='word_1_155' title='bbox 582 2475 678 2553; x_wconf 86' lang='grc' dir='ltr'>φίλης</span> <span class='ocrx_word' id='word_1_156' title='bbox 693 2472 752 2536; x_wconf 87' lang='grc' dir='ltr'>ἀπὸ</span> <span class='ocrx_word' id='word_1_157' title='bbox 768 2474 908 2552; x_wconf 82' lang='grc' dir='ltr'>πατρίδος</span> <span class='ocrx_word' id='word_1_158' title='bbox 928 2473 994 2547; x_wconf 85' lang='grc' dir='ltr'>αίης</span> 
     </span>
    </p>

    <p class='ocr_par' dir='ltr' id='par_1_15' title="bbox 259 2574 1203 2761">
     <span class='ocr_line' id='line_1_22' title="bbox 259 2574 1021 2659; baseline -0.003 -21"><span class='ocrx_word' id='word_1_159' title='bbox 259 2576 391 2650; x_wconf 85' lang='grc' dir='ltr'>ἔσσεται,</span> <span class='ocrx_word' id='word_1_160' title='bbox 404 2575 465 2640; x_wconf 76' lang='grc' dir='ltr'>οὐδ’</span> <span class='ocrx_word' id='word_1_161' title='bbox 483 2577 511 2638; x_wconf 86' lang='grc' dir='ltr'>εί</span> <span class='ocrx_word' id='word_1_162' title='bbox 525 2576 581 2655; x_wconf 91' lang='grc' dir='ltr'>πέρ</span> <span class='ocrx_word' id='word_1_163' title='bbox 598 2602 630 2640; x_wconf 89' lang='grc' dir='ltr'>τε</span> <span class='ocrx_word' id='word_1_164' title='bbox 640 2575 769 2656; x_wconf 88' lang='grc' dir='ltr'>σιδήρεα</span> <span class='ocrx_word' id='word_1_165' title='bbox 780 2574 906 2654; x_wconf 83' lang='grc' dir='ltr'>δέσματ’</span> <span class='ocrx_word' id='word_1_166' title='bbox 923 2575 1021 2659; x_wconf 83' lang='grc' dir='ltr'>ἔχῃσι·</span> 
     </span>
     <span class='ocr_line' id='line_1_23' title="bbox 259 2678 1203 2761; baseline -0.002 -19"><span class='ocrx_word' id='word_1_167' title='bbox 259 2679 430 2758; x_wconf 88' lang='grc' dir='ltr'>φράσσεται</span> <span class='ocrx_word' id='word_1_168' title='bbox 447 2681 486 2745; x_wconf 87' lang='grc' dir='ltr'>ὥς</span> <span class='ocrx_word' id='word_1_169' title='bbox 504 2704 536 2742; x_wconf 92' lang='grc' dir='ltr'>κε</span> <span class='ocrx_word' id='word_1_170' title='bbox 551 2681 663 2759; x_wconf 86' lang='grc' dir='ltr'>νέηται,</span> <span class='ocrx_word' id='word_1_171' title='bbox 680 2681 745 2744; x_wconf 81' lang='grc' dir='ltr'>ἐπεὶ</span> <span class='ocrx_word' id='word_1_172' title='bbox 760 2678 973 2761; x_wconf 88' lang='grc' dir='ltr'>πολυμήχανός</span> <span class='ocrx_word' id='word_1_173' title='bbox 989 2681 1082 2742; x_wconf 86' lang='grc' dir='ltr'>έστιν.</span> <span class='ocrx_word' id='word_1_174' title='bbox 1155 2705 1203 2754; x_wconf 83' lang='lat'>205</span> 
     </span>
    </p>
   </div>
   <div class='ocr_carea' id='block_1_4' title="bbox 258 2779 1205 3794">
    <p class='ocr_par' dir='ltr' id='par_1_16' title="bbox 258 2779 1205 3794">
     <span class='ocr_line' id='line_1_24' title="bbox 259 2779 1051 2863; baseline 0.003 -20"><span class='ocrx_word' id='word_1_175' title='bbox 259 2779 328 2844; x_wconf 87' lang='grc' dir='ltr'>ἀλλ’</span> <span class='ocrx_word' id='word_1_176' title='bbox 345 2782 401 2863; x_wconf 87' lang='grc' dir='ltr'>ἀγε</span> <span class='ocrx_word' id='word_1_177' title='bbox 415 2808 464 2860; x_wconf 90' lang='grc' dir='ltr'>μοι</span> <span class='ocrx_word' id='word_1_178' title='bbox 484 2784 552 2846; x_wconf 89' lang='grc' dir='ltr'>τόδε</span> <span class='ocrx_word' id='word_1_179' title='bbox 568 2785 633 2846; x_wconf 76' lang='grc' dir='ltr'>εἰπὲ</span> <span class='ocrx_word' id='word_1_180' title='bbox 649 2779 697 2846; x_wconf 72' lang='grc' dir='ltr'>καὶ</span> <span class='ocrx_word' id='word_1_181' title='bbox 716 2781 862 2863; x_wconf 82' lang='grc' dir='ltr'>ἀτρεκέως</span> <span class='ocrx_word' id='word_1_182' title='bbox 877 2780 1051 2860; x_wconf 85' lang='grc' dir='ltr'>κατάλεξον,</span> 
     </span>
     <span class='ocr_line' id='line_1_25' title="bbox 260 2884 936 2964; baseline 0 -17"><span class='ocrx_word' id='word_1_183' title='bbox 260 2887 286 2948; x_wconf 87' lang='grc' dir='ltr'>εί</span> <span class='ocrx_word' id='word_1_184' title='bbox 302 2886 337 2963; x_wconf 82' lang='grc' dir='ltr'>δὴ</span> <span class='ocrx_word' id='word_1_185' title='bbox 354 2884 389 2964; x_wconf 77' lang='grc' dir='ltr'>ἐξ</span> <span class='ocrx_word' id='word_1_186' title='bbox 403 2887 504 2948; x_wconf 81' lang='grc' dir='ltr'>αὐτοῖο</span> <span class='ocrx_word' id='word_1_187' title='bbox 521 2887 612 2951; x_wconf 85' lang='grc' dir='ltr'>πόσος</span> <span class='ocrx_word' id='word_1_188' title='bbox 630 2886 701 2952; x_wconf 84' lang='grc' dir='ltr'>πάϊς</span> <span class='ocrx_word' id='word_1_189' title='bbox 717 2889 760 2952; x_wconf 84' lang='grc' dir='ltr'>είς</span> <span class='ocrx_word' id='word_1_190' title='bbox 775 2885 936 2964; x_wconf 81' lang='grc' dir='ltr'>Ὀδυσῆος.</span> 
     </span>
     <span class='ocr_line' id='line_1_26' title="bbox 261 2987 1032 3070; baseline 0.005 -20"><span class='ocrx_word' id='word_1_191' title='bbox 261 2990 350 3054; x_wconf 85' lang='grc' dir='ltr'>αίνῶς</span> <span class='ocrx_word' id='word_1_192' title='bbox 364 2995 420 3070; x_wconf 80' lang='grc' dir='ltr'>μὲν</span> <span class='ocrx_word' id='word_1_193' title='bbox 437 2991 573 3070; x_wconf 89' lang='grc' dir='ltr'>κεφαλήν</span> <span class='ocrx_word' id='word_1_194' title='bbox 588 3016 622 3054; x_wconf 91' lang='grc' dir='ltr'>τε</span> <span class='ocrx_word' id='word_1_195' title='bbox 637 2987 685 3053; x_wconf 79' lang='grc' dir='ltr'>καὶ</span> <span class='ocrx_word' id='word_1_196' title='bbox 705 2992 822 3069; x_wconf 88' lang='grc' dir='ltr'>ὄμματα</span> <span class='ocrx_word' id='word_1_197' title='bbox 839 2993 917 3052; x_wconf 80' lang='grc' dir='ltr'>καλὰ</span> <span class='ocrx_word' id='word_1_198' title='bbox 933 2991 1032 3054; x_wconf 88' lang='grc' dir='ltr'>ἔοικας</span> 
     </span>
     <span class='ocr_line' id='line_1_27' title="bbox 260 3091 1006 3175; baseline 0.003 -22"><span class='ocrx_word' id='word_1_199' title='bbox 260 3094 354 3172; x_wconf 83' lang='grc' dir='ltr'>κείνῳ,</span> <span class='ocrx_word' id='word_1_200' title='bbox 371 3094 434 3156; x_wconf 75' lang='grc' dir='ltr'>ἐπεὶ</span> <span class='ocrx_word' id='word_1_201' title='bbox 449 3096 529 3171; x_wconf 78' lang='grc' dir='ltr'>θαμὰ</span> <span class='ocrx_word' id='word_1_202' title='bbox 545 3098 627 3156; x_wconf 81' lang='grc' dir='ltr'>τοῖον</span> <span class='ocrx_word' id='word_1_203' title='bbox 642 3091 816 3175; x_wconf 73' lang='grc' dir='ltr'>ἐμισγόμεθ’</span> <span class='ocrx_word' id='word_1_204' title='bbox 832 3095 1006 3166; x_wconf 88' lang='grc' dir='ltr'>ἀλλήλοισι,</span> 
     </span>
     <span class='ocr_line' id='line_1_28' title="bbox 260 3196 1205 3277; baseline 0.001 -20"><span class='ocrx_word' id='word_1_205' title='bbox 260 3197 329 3272; x_wconf 87' lang='grc' dir='ltr'>πρίν</span> <span class='ocrx_word' id='word_1_206' title='bbox 345 3205 380 3277; x_wconf 82' lang='grc' dir='ltr'>’γε</span> <span class='ocrx_word' id='word_1_207' title='bbox 395 3197 448 3259; x_wconf 87' lang='grc' dir='ltr'>τὸν</span> <span class='ocrx_word' id='word_1_208' title='bbox 463 3197 494 3262; x_wconf 79' lang='grc' dir='ltr'>ές</span> <span class='ocrx_word' id='word_1_209' title='bbox 509 3197 619 3277; x_wconf 89' lang='grc' dir='ltr'>Τροίην</span> <span class='ocrx_word' id='word_1_210' title='bbox 635 3196 833 3276; x_wconf 83' lang='grc' dir='ltr'>ἀναβήμεναι,</span> <span class='ocrx_word' id='word_1_211' title='bbox 849 3198 921 3260; x_wconf 86' lang='grc' dir='ltr'>ἔνθα</span> <span class='ocrx_word' id='word_1_212' title='bbox 937 3221 992 3274; x_wconf 90' lang='grc' dir='ltr'>περ</span> <span class='ocrx_word' id='word_1_213' title='bbox 1008 3197 1100 3258; x_wconf 87' lang='grc' dir='ltr'>ἀλλοι</span> <span class='ocrx_word' id='word_1_214' title='bbox 1158 3223 1205 3258; x_wconf 81' lang='lat'>210</span> 
     </span>
     <span class='ocr_line' id='line_1_29' title="bbox 261 3295 996 3386; baseline 0.008 -28"><span class='ocrx_word' id='word_1_215' title='bbox 261 3295 406 3378; x_wconf 88' lang='grc' dir='ltr'>Ἀργείων</span> <span class='ocrx_word' id='word_1_216' title='bbox 422 3301 451 3362; x_wconf 79' lang='grc' dir='ltr'>οἱ</span> <span class='ocrx_word' id='word_1_217' title='bbox 466 3299 585 3379; x_wconf 81' lang='grc' dir='ltr'>ἄριστοι</span> <span class='ocrx_word' id='word_1_218' title='bbox 601 3299 679 3378; x_wconf 85' lang='grc' dir='ltr'>ἔβαν</span> <span class='ocrx_word' id='word_1_219' title='bbox 695 3302 799 3386; x_wconf 88' lang='grc' dir='ltr'>κοίλῃς</span> <span class='ocrx_word' id='word_1_220' title='bbox 814 3297 864 3364; x_wconf 74' lang='grc' dir='ltr'>ἐπὶ</span> <span class='ocrx_word' id='word_1_221' title='bbox 881 3304 996 3378; x_wconf 84' lang='grc' dir='ltr'>νηυσίν·</span> 
     </span>
     <span class='ocr_line' id='line_1_30' title="bbox 260 3399 1090 3484; baseline 0.006 -20"><span class='ocrx_word' id='word_1_222' title='bbox 260 3403 292 3464; x_wconf 79' lang='grc' dir='ltr'>ἐκ</span> <span class='ocrx_word' id='word_1_223' title='bbox 309 3406 362 3462; x_wconf 90' lang='grc' dir='ltr'>τοῦ</span> <span class='ocrx_word' id='word_1_224' title='bbox 376 3399 401 3464; x_wconf 88' lang='grc' dir='ltr'>δ’</span> <span class='ocrx_word' id='word_1_225' title='bbox 417 3401 477 3464; x_wconf 79' lang='grc' dir='ltr'>οὔτ’</span> <span class='ocrx_word' id='word_1_226' title='bbox 495 3402 629 3478; x_wconf 80' lang='grc' dir='ltr'>Ὀδυσῆα</span> <span class='ocrx_word' id='word_1_227' title='bbox 644 3404 722 3484; x_wconf 80' lang='grc' dir='ltr'>έγδν</span> <span class='ocrx_word' id='word_1_228' title='bbox 737 3405 802 3466; x_wconf 80' lang='grc' dir='ltr'>ἴδον</span> <span class='ocrx_word' id='word_1_229' title='bbox 817 3402 878 3465; x_wconf 81' lang='grc' dir='ltr'>οὔτ’</span> <span class='ocrx_word' id='word_1_230' title='bbox 896 3406 948 3482; x_wconf 75' lang='grc' dir='ltr'>ἐμὲ</span> <span class='ocrx_word' id='word_1_231' title='bbox 963 3401 1090 3469; x_wconf 80' lang='grc' dir='ltr'>κεῦνος.”</span> 
     </span>
     <span class='ocr_line' id='line_1_31' title="bbox 302 3499 1068 3585; baseline 0.004 -23"><span class='ocrx_word' id='word_1_232' title='bbox 302 3501 366 3577; x_wconf 80' lang='grc' dir='ltr'>Τήν</span> <span class='ocrx_word' id='word_1_233' title='bbox 382 3499 407 3563; x_wconf 89' lang='grc' dir='ltr'>δ’</span> <span class='ocrx_word' id='word_1_234' title='bbox 424 3501 460 3563; x_wconf 89' lang='grc' dir='ltr'>αῦ</span> <span class='ocrx_word' id='word_1_235' title='bbox 475 3503 654 3585; x_wconf 88' lang='grc' dir='ltr'>Τηλέμαχος</span> <span class='ocrx_word' id='word_1_236' title='bbox 669 3501 855 3581; x_wconf 84' lang='grc' dir='ltr'>πεπνυμένος</span> <span class='ocrx_word' id='word_1_237' title='bbox 870 3502 969 3566; x_wconf 91' lang='grc' dir='ltr'>ἀντίον</span> <span class='ocrx_word' id='word_1_238' title='bbox 983 3502 1068 3579; x_wconf 83' lang='grc' dir='ltr'>ηὔδα·</span> 
     </span>
     <span class='ocr_line' id='line_1_32' title="bbox 260 3603 1073 3688; baseline 0.006 -21"><span class='ocrx_word' id='word_1_239' title='bbox 260 3611 277 3638; x_wconf 92' lang='lat'><strong>“</strong></span> <span class='ocrx_word' id='word_1_240' title='bbox 287 3603 391 3687; x_wconf 84' lang='grc' dir='ltr'>τοιγὰρ</span> <span class='ocrx_word' id='word_1_241' title='bbox 406 3605 465 3685; x_wconf 84' lang='grc' dir='ltr'>έγιύ</span> <span class='ocrx_word' id='word_1_242' title='bbox 481 3631 538 3680; x_wconf 85' lang='grc' dir='ltr'>τοι,</span> <span class='ocrx_word' id='word_1_243' title='bbox 554 3606 644 3685; x_wconf 82' lang='grc' dir='ltr'>ξεῖνε,</span> <span class='ocrx_word' id='word_1_244' title='bbox 660 3603 732 3686; x_wconf 89' lang='grc' dir='ltr'>μάλ’</span> <span class='ocrx_word' id='word_1_245' title='bbox 747 3605 893 3686; x_wconf 85' lang='grc' dir='ltr'>ἀτρεκέως</span> <span class='ocrx_word' id='word_1_246' title='bbox 907 3607 1073 3688; x_wconf 90' lang='grc' dir='ltr'>ἀγορεύσω.</span> 
     </span>
     <span class='ocr_line' id='line_1_33' title="bbox 258 3707 1205 3794; baseline -0.004 -20"><span class='ocrx_word' id='word_1_247' title='bbox 258 3708 354 3791; x_wconf 86' lang='grc' dir='ltr'>μήτηρ</span> <span class='ocrx_word' id='word_1_248' title='bbox 368 3711 424 3788; x_wconf 91' lang='grc' dir='ltr'>μέν</span> <span class='ocrx_word' id='word_1_249' title='bbox 438 3707 464 3770; x_wconf 89' lang='grc' dir='ltr'>τ’</span> <span class='ocrx_word' id='word_1_250' title='bbox 480 3711 533 3789; x_wconf 75' lang='grc' dir='ltr'>ε’μέ</span> <span class='ocrx_word' id='word_1_251' title='bbox 545 3718 625 3792; x_wconf 91' lang='grc' dir='ltr'>φησι</span> <span class='ocrx_word' id='word_1_252' title='bbox 640 3717 692 3774; x_wconf 91' lang='grc' dir='ltr'>τοῦ</span> <span class='ocrx_word' id='word_1_253' title='bbox 711 3711 844 3791; x_wconf 84' lang='grc' dir='ltr'>ἔμμεναι,</span> <span class='ocrx_word' id='word_1_254' title='bbox 860 3709 951 3792; x_wconf 81' lang='grc' dir='ltr'>αὐτὰρ</span> <span class='ocrx_word' id='word_1_255' title='bbox 967 3713 1025 3794; x_wconf 82' lang='grc' dir='ltr'>έγιύ</span> <span class='ocrx_word' id='word_1_256' title='bbox 1042 3737 1077 3793; x_wconf 89' lang='grc' dir='ltr'>γε</span> <span class='ocrx_word' id='word_1_257' title='bbox 1159 3737 1205 3786; x_wconf 80' lang='lat'>²15</span> 
     </span>
    </p>
   </div>
   <div class='ocr_carea' id='block_1_5' title="bbox 0 0 1468 4232">
    <p class='ocr_par' dir='ltr' id='par_1_17' title="bbox 0 0 1468 4232">
     <span class='ocr_line' id='line_1_34' title="bbox 0 0 1468 4232; baseline 0 0"><span class='ocrx_word' id='word_1_258' title='bbox 0 0 1468 4232; x_wconf 95' lang='lat' dir='ltr'> </span> 
     </span>
    </p>
   </div>
  </div>
 </body>
</html>
