2758 4228
478 303 544 362 αις
568 303 816 366 ααυιιιτνκυ.
1057 315 1118 384 917

172 471 284 550 ἤθελεν
299 473 474 555 ἑδριάασθαι
490 471 541 538 ἐπὶ
556 477 696 553 κλισμοῖο
711 476 848 554 φαεινοῦ,
961 474 963 478 ’

173 575 244 640 ἀλλ’
259 577 388 642 ἀκέουσα
404 578 518 658 ἔμιμνε,
535 574 597 642 κατ’
613 579 732 658 ὄμματα
747 574 826 639 καλὰ
840 579 995 656 βαλοῦσα,

173 681 244 761 πρίν
256 677 286 762 γ’
301 682 352 746 ὅτε
367 681 403 758 δή
417 684 447 746 οἰ
463 683 571 762 έθηκεν
585 679 695 761 Ἰάμβη
712 678 790 744 κέδν’
807 682 902 744 εἰδυῖα
1070 707 1119 760 ¹9⁵

172 789 287 863 πηκτὸν
301 785 376 863 ἕδος,
391 787 556 867 καθύπερθε
571 785 597 852 δ’
616 782 663 850 ἐπ’
678 784 831 868 ἀργύφεον
845 785 928 866 βάλε
943 790 1031 851 κῶας.

141 965 145 971 ¹
172 886 246 951 έυθα
261 890 440 968 καθεζομένη
455 889 680 974 προκατέσχετο
695 888 784 973 χερσὶ
800 890 982 970 καλύπτρην·

173 995 263 1072 δηρὸν
277 992 302 1056 δ’
317 993 474 1077 άφθογγος
490 995 647 1075 τετιημένη
663 994 733 1075 ἦστ’
748 995 797 1058 έπὶ
815 994 936 1074 δίφρου,

172 1094 240 1160 ούδέ
255 1095 311 1159 τιν’
326 1096 387 1160 οὔτ’
402 1097 470 1163 ἔπεϊ
483 1098 717 1179 προσπτύσσετο
733 1097 801 1162 οὔτε
816 1121 845 1160 τι
860 1096 946 1180 έργῳ,

172 1198 243 1261 ἀλλ’
260 1199 439 1280 ἀγέλαστος,
456 1202 592 1268 άπαστος
607 1201 729 1280 ἐδητύος
742 1199 795 1280 ἠδὲ
810 1203 948 1278 ποτῆτος,
1071 1225 1120 1260 τοο

173 1301 260 1382 ἧστο,
274 1304 360 1389 πόθῳ
375 1305 542 1385 μινύθουσα
556 1306 745 1385 βαθυζώνοιο
761 1305 916 1386 θυγατρός,

172 1407 243 1488 πρίν
256 1406 287 1488 γ’
301 1408 351 1472 ὅτε
371 1408 407 1486 δή
422 1409 535 1495 χλεύης
548 1435 599 1490 μιν
614 1407 724 1488 Ἰάμβη
741 1407 818 1473 κέδν’
833 1408 929 1472 εἰδυῖα

173 1508 276 1573 πολλὰ
291 1512 541 1593 ταρασκύπτουσ’
556 1512 706 1594 ἐτρέψατο
720 1513 848 1577 πότνιαν
863 1509 968 1594 ἁγνήν,
1039 1563 1040 1566 ¹

172 1616 314 1694 μειδῆσαι
328 1614 461 1696 γελάσαι
476 1641 510 1681 τε
525 1618 574 1680 καὶ
589 1619 679 1681 ἵλαον
695 1620 785 1699 σχεῖυ
800 1615 902 1694 θυμόν·

170 1714 190 1794 ἦ
205 1715 242 1795 δή
258 1719 287 1781 οἱ
303 1718 352 1782 καὶ
366 1719 471 1784 ἔπειτα
484 1719 669 1801 μεθύστερον
684 1720 788 1784 εὔαδεν
804 1720 917 1800 δργαῖς.
1071 1743 1119 1792 ²05

172 1821 209 1906 τῇ
225 1824 257 1885 δὲ
271 1821 364 1888 δέπας
381 1823 551 1902 Μετάνειρα
566 1824 647 1886 δίδου
661 1822 819 1903 μελιηδέος
836 1821 918 1884 οἵνου

172 1923 319 2003 πλήσασ’,
334 1924 353 2003 ἡ
369 1925 395 1989 δ’
410 1924 563 1990 άυένευσ’·
587 1925 693 2009 οὐγὰρ
708 1925 831 2004 θεμιτόν
846 1925 875 1987 οἱ
894 1924 1012 2005 ἔφασκε

172 2029 272 2092 πίνειν
285 2028 369 2094 οἶνον
384 2029 517 2110 ἐρυθρόν,
533 2017 631 2112 άυωγε
647 2029 673 2093 δ’
688 2028 735 2110 ἄρ’
749 2028 828 2110 άλφι
845 2023 892 2091 καὶ
907 2029 985 2108 ύδωρ

172 2136 275 2197 δοῦναι
288 2130 422 2212 μίξασαν
437 2132 543 2213 πιέμεν
557 2131 695 2217 γλήχωνι
709 2134 836 2219 τερείνῃ.

170 2235 190 2314 ή
206 2238 239 2300 δὲ
254 2243 347 2300 κυκεῶ
363 2236 494 2315 τεύξασα
510 2238 565 2320 θεᾷ
579 2238 671 2320 πόρεν
686 2236 726 2303 ὥς
741 2235 872 2301 ἐκέλευε
1072 2261 1120 2296 κιο

171 2339 316 2420 δεξαμένη
332 2340 356 2404 δ’
372 2342 459 2418 ὁσίης
475 2341 575 2406 ἕνεκεν
590 2341 777 2405 πολυπότνια
793 2340 865 2420 Δηὼ

171 2547 242 2635 τῇσι
257 2552 289 2612 δὲ
304 2547 405 2627 μύθων
419 2547 512 2631 ήρχεν
528 2545 654 2626 ἐύζωνος
669 2547 849 2630 Μετάνειρα·

214 2655 320 2734 Χαῖρε,
335 2653 433 2735 γύναι,
451 2653 516 2716 ἐπεὶ
533 2653 567 2715 ού
583 2679 620 2718 σε
636 2659 734 2716 κακῶν
749 2651 801 2715 ἄπ’
817 2652 914 2715 ἔολπα
929 2649 1044 2729 τοκήων

171 2757 306 2837 ἔμμεναι,
321 2755 391 2820 ἀλλ’
407 2757 539 2838 άγαθῶν·
557 2757 609 2820 έπί
623 2780 671 2821 τοι
685 2755 792 2837 πρέπει
810 2757 943 2834 ὄμμασιν
957 2754 1059 2820 αἰδὼς.

172 2856 220 2922 καὶ
235 2859 333 2944 χάρις,
350 2859 388 2926 ὥς
404 2861 434 2923 εἴ
446 2858 502 2940 πέρ
516 2883 551 2922 τε
566 2859 796 2939 θεμιστοπόλων
810 2855 982 2938 βασιλήων.
1072 2883 1133 2932 215.

171 2961 253 3026 ἀλλὰ
268 2968 344 3027 θεῶν
357 2965 413 3043 μὲν
428 2967 508 3043 δῶρα
523 2963 573 3027 καὶ
588 2963 751 3046 ἀχνύμενοί
760 2987 822 3043 Ιπερ
837 2960 953 3048 ἀνάγκη

169 3065 317 3148 τέτλαμεν
332 3067 494 3149 άνθρωποι·
518 3063 568 3130 ἐπὶ
586 3064 643 3149 γὰρ
660 3066 747 3147 ζυγὸς
762 3064 867 3148 αὐχένι
884 3069 988 3128 κεῖται.

171 3176 224 3236 νῦν
238 3171 265 3235 δ’
280 3172 345 3236 ἐπεὶ
360 3173 425 3235 ῑκεο
440 3173 536 3250 δεῦρο,
552 3169 739 3251 παρέσσεται
754 3170 837 3233 ὅσσα
851 3168 877 3231 τ’
894 3170 963 3248 έμοί
975 3193 1041 3249 περ.

171 3279 264 3339 παῖδα
282 3274 315 3338 δέ
328 3299 380 3355 μοι
394 3273 488 3355 τρέφε
504 3274 599 3349 τόνδε,
613 3273 666 3337 τὸν
680 3273 828 3355 ὀψίγονον
844 3273 893 3336 καὶ
908 3270 1043 3336 άελπτον

171 3378 298 3442 ὤπασαν
314 3378 466 3456 ἀθάνατοι,
481 3376 671 3460 πολυάρητος
687 3376 720 3441 δέ
733 3377 786 3457 μού
799 3379 893 3441 ἐστιν.
1071 3406 1119 3440 220

172 3483 199 3546 εἰ
213 3483 317 3564 τόνγε
332 3484 460 3564 θρέψαιο
476 3482 524 3545 καὶ
539 3481 620 3561 ήβης
636 3479 746 3564 μέτρον
760 3483 865 3558 ἵκοιτο,

204 3644 248 3682 υιι
268 3631 316 3683 lac.
333 3633 469 3694 statuimus,
487 3647 537 3698 qua
552 3631 622 3681 notio
638 3630 739 3681 bibendi
756 3631 924 3690 contineatur:
952 3628 1028 3692 ἐπέβη
1044 3629 1118 3689 Voss,

170 3715 208 3758 τιε
219 3706 305 3758 πότνια
316 3709 423 3770 Franke,
434 3709 477 3760 sed
488 3711 564 3759 verba
574 3725 634 3758 sana
646 3716 711 3758 sunt.
813 3749 816 3756 .
