2792 4232
503 311 552 379 15.
577 303 746 364 ΙΛΙΑΔΟΣ
770 305 808 364 0.
1065 316 1126 381 295

183 469 268 548 εὗρον
283 466 308 532 δ’
326 467 453 549 εὐρύοπα
470 470 618 550 Κρονίδην
634 468 691 532 ἀνὰ
707 469 849 554 Γαργάρῳ
866 471 946 556 ἄκρῳ

181 571 302 649 ἥμενον·
326 572 405 652 ἀμφὶ
419 570 453 635 δέ
466 598 518 651 μιν
534 571 622 635 θυόεν
637 571 733 652 νέφος
746 571 949 653 ἐστεφάνωτο.

182 676 221 737 τδι
238 677 271 738 δέ
287 673 407 755 πάροιθ’
423 677 548 740 ἐλθόντε
566 675 639 742 Διὸς
654 676 896 758 νεφεληγερέταο

184 774 305 855 στήτην·
329 775 398 839 οὐδέ
414 783 515 857 σφωϊν
531 779 602 842 ἰδὼν
618 778 797 861 ἐχολώσατο
813 781 903 864 θυμῷ,

183 880 246 943 ὅττι
263 881 291 942 οἱ
307 877 357 942 ὦκ’
374 878 501 943 ἐπέεσσι
517 883 611 961 φίλης
627 881 753 964 ἀλόχοιο
769 881 929 960 πιθέσθην,

179 978 255 1062 Ἰριν
270 985 302 1044 δὲ
318 981 464 1063 προτέρην
479 983 554 1046 ἔπεα
569 985 732 1068 πτερόεντα
748 985 911 1064 προσηύδα·

184 1091 201 1116 “
211 1082 305 1163 βάσκ’
320 1087 373 1158 ίθι,
386 1083 444 1166 Ἶρι
459 1090 575 1168 ταχεῖα,
591 1085 785 1150 Ποσειδάωνι
801 1087 906 1149 ἄνακτι

183 1185 280 1250 πάντα
298 1186 360 1250 τάδ’
378 1189 525 1268 ἀγγεῖλαι,
539 1191 614 1268 μηδὲ
629 1188 840 1271 ψευδάγγελος
856 1189 941 1251 εἶναι.

184 1289 378 1369 παυσάμενόν
392 1317 444 1369 μιν
458 1291 572 1374 ἄνωχθι
587 1291 686 1375 μάχης
701 1293 753 1371 ἠδὲ
769 1291 934 1370 πτολέμοιο
1080 1301 1127 1350 160

184 1391 327 1474 ἔρχεσθαι
341 1396 417 1472 μετά
432 1399 515 1474 φῦλα
531 1398 607 1457 θεῶν
622 1391 640 1472 ἢ
657 1397 700 1459 είς
715 1393 775 1457 ἀλα
791 1399 867 1458 δῖαν.

185 1497 210 1557 εἰ
226 1494 259 1557 δέ
272 1521 324 1574 μοι
340 1496 391 1558 οὐκ
406 1494 531 1559 ε’πέεσσ’
548 1498 746 1575 ἐπιπείσεται,
763 1494 834 1560 ἀλλ’
850 1494 1007 1579 ἀλογήσει,

184 1598 343 1678 φραζέσθω
359 1600 395 1678 δὴ
411 1600 516 1664 ἔπειτα
532 1603 607 1663 κατδ
623 1601 719 1681 φρένα
735 1602 784 1664 καὶ
800 1601 874 1665 κατὰ
891 1603 991 1681 θυμόν,

182 1701 224 1783 μή
238 1703 267 1783 μ’
284 1704 352 1767 οὐδὲ
369 1704 508 1784 κρατερός
522 1729 579 1784 περ
594 1704 651 1768 έδν
667 1705 790 1770 ἐπιόντα
805 1699 947 1789 ταλάσσῃ

181 1807 289 1879 μεῖναι,
306 1803 375 1866 ἐπεί
388 1804 421 1866 εύ
435 1810 513 1883 φημι
527 1805 584 1890 βίῃ
601 1804 679 1866 πολὺ
694 1804 838 1886 φέρτερος
854 1807 930 1870 εἶναι

183 1904 232 1966 καὶ
246 1906 334 1990 γενεῇ
351 1906 503 1986 πρότερος·
527 1905 619 1969 τοῦδ’
637 1907 689 1969 οὐκ
706 1909 807 1970 ὄθεται
823 1910 917 1988 φίλον
932 1908 1004 1988 ἦτορ

180 2006 251 2069 ἴσον
266 2007 332 2084 ἐμοὶ
349 2006 475 2087 φάσθαι,
490 2007 543 2072 τόν
561 2033 595 2071 τε
611 2007 772 2090 στυγέουσι
788 2010 836 2072 καὶ
852 2007 973 2073 άλλοι.”

218 2107 281 2173 Ὣς
297 2107 392 2189 ἔφατ’,
410 2108 470 2173 οὔδ’
487 2111 618 2188 ἀπίθησε
634 2108 801 2189 ποδήνεμος
817 2110 895 2174 ὠκέα
906 2109 989 2192 Ἶρις,

181 2213 224 2287 βῆ
241 2214 273 2273 δὲ
290 2208 353 2274 κατ’
370 2210 487 2277 Ἰδαίων
502 2212 596 2293 ἀρέων
611 2215 654 2278 είς
667 2211 763 2276 Ἴλιον
780 2213 855 2294 ἱρήν.

181 2313 220 2377 ὡς
234 2310 260 2376 δ’
275 2311 319 2376 ὅτ’
335 2312 372 2378 ἀν
388 2317 420 2377 ἐκ
437 2314 553 2395 νεφέων
568 2319 677 2393 πτῆται
694 2317 785 2395 νιφδς
799 2315 834 2393 ήέ
849 2315 969 2398 χάλαζα

179 2416 282 2498 ψυχρή
298 2416 356 2480 ὖπδ
369 2419 459 2499 ῥιπῆς
474 2417 665 2499 αἰθρηγενέος
681 2417 804 2498 Βορέαο,

181 2517 220 2581 ὣς
236 2525 385 2599 κραιπνῶς
399 2524 528 2598 μεμαυῖα
543 2519 684 2582 διέπτατο
702 2519 780 2582 ὠκέα
792 2519 875 2602 Ἶρις,

180 2620 275 2702 ἀγχοῦ
291 2618 317 2684 δ’
333 2620 479 2701 ἱσταμένη
495 2620 636 2702 προσέφη
654 2623 763 2687 κλυτὸν
777 2625 980 2706 ἐννοσίγαιον·

181 2731 199 2757 “
210 2725 356 2805 ἀγγελίην
369 2722 438 2787 τινά
453 2749 507 2798 τοι,
523 2723 652 2808 γαιήοχε
668 2731 859 2808 κυανοχαῖτα,

181 2825 273 2904 ἦλθον
289 2832 375 2906 δεῦρο
391 2826 528 2908 φέρουσα
543 2829 635 2907 παραὶ
652 2827 725 2893 Διὸς
740 2829 901 2911 αἰγιόχοιο.

180 2926 373 3006 παυσάμενόν
387 2927 418 2990 σ’
434 2927 577 2992 ἐκέλευσε
591 2927 690 3012 μάχης
705 2929 758 3008 ἠδὲ
773 2929 937 3008 πτολέμοιο

180 3031 323 3114 ἔρχεσθαι
338 3035 413 3112 μετά
429 3039 512 3113 φῦλα
528 3038 604 3097 θεῶν
619 3031 638 3111 ἢ
654 3036 696 3098 εἰς
712 3033 773 3096 ἀλα
788 3039 864 3098 δῖαν.

180 3136 207 3196 εί
219 3134 251 3197 δέ
267 3137 296 3198 οἶ
312 3136 366 3198 οὐκ
383 3136 506 3200 ἐπέεσσ’
522 3137 704 3214 ἐπιπείσεαι,
720 3132 790 3198 ἀλλ’
806 3134 979 3217 ἀλογήσεις,

179 3236 297 3313 ἠπείλει
313 3238 362 3300 καὶ
379 3243 476 3304 κεῖνος
492 3239 664 3317 ἐναντίβιον
678 3235 849 3319 πολεμίξων

179 3340 274 3404 ἐνθάδ’
292 3340 483 3406 ἐλεύσεσθαι·
508 3343 544 3407 σέ
560 3341 586 3406 δ’
601 3339 828 3420 ὑπεξαλέασθαι
843 3341 954 3423 ἀνοίγει

179 3447 290 3522 χεῖρας,
306 3445 373 3506 ἐπεὶ
390 3443 443 3507 σέο
460 3447 538 3525 φησὶ
553 3446 609 3530 βίῃ
625 3445 704 3507 πολὺ
720 3444 864 3526 φέρτερος
881 3445 957 3508 εἶναι

180 3546 227 3607 καὶ
241 3548 331 3631 γενεῇ
348 3546 499 3628 πρότερος·
524 3547 580 3611 σὸν
594 3546 622 3610 δ’
638 3547 691 3610 οὐκ
707 3549 809 3611 ὄθεται
824 3549 919 3628 φίλου
934 3547 1006 3630 ήτορ

177 3646 246 3710 ἶσόν
262 3652 291 3712 οἶ
308 3647 436 3728 φάσθαι,
454 3651 507 3712 τόν
522 3675 555 3713 τε
571 3649 733 3732 στυγέουσι
750 3651 798 3714 καὶ
814 3649 936 3715 ἀλλοι.”
