2874 4234
532 391 562 449 4.
586 374 821 435 οΔςνννιΑν
856 379 892 436 Δ.
1036 323 1068 351 ”
1123 373 1183 454 581

238 543 350 618 δείσας,
366 541 480 606 ὁππότε
498 567 550 621 μιν
565 543 669 606 δόλιον
683 540 751 623 περὶ
769 541 879 606 κύκλον
894 541 1003 624 ἀγωσι,

237 647 338 708 τόσσα
353 671 405 723 μιν
420 647 625 724 ὁρμαίνουσαν
639 644 773 724 ἐπήλυθε
788 643 915 726 νήδυμος
930 647 1032 713 θτνος·

239 749 305 812 εὗδε
319 749 346 812 δ’
362 750 589 828 ἀνακλινθεῖσα,
605 750 699 812 λύθεν
715 749 748 812 δέ
763 751 792 812 οί
808 748 892 829 ἀψεα
907 747 1016 813 πάντα.

278 851 362 916 Ἔνθ’
377 851 440 915 αὖτ’
456 851 525 915 ἀλλ’
537 854 646 931 ἐνόησε
662 855 716 916 θεά
731 858 906 934 γλαυκῶπις
922 851 1043 932 Ἀθήνη·
1136 877 1183 932 7⁹5

238 956 363 1019 είδωλαν
378 957 499 1033 ποίησε,
514 955 604 1035 δέμας
618 955 644 1019 δ’
658 953 744 1034 ἤϊκτο
759 956 890 1037 γυναικί,

234 1057 369 1144 Ἰφθίμῃ,
384 1059 472 1146 κούρῃ
487 1059 694 1142 μεγαλήτορος
707 1058 855 1140 Ἰκαρίοιο,

236 1163 291 1242 τήν
308 1163 447 1244 Εὔμηλος
463 1166 559 1242 ὄπυιε,
575 1165 672 1250 Φερῇς
688 1166 733 1228 ἔνι
748 1165 827 1227 οἰκία
842 1167 942 1230 ναίων.

235 1265 333 1342 πέμπε
349 1265 382 1328 δέ
399 1292 451 1346 μιν
466 1267 540 1346 πρὸς
555 1264 664 1344 δώματ’
677 1265 849 1342 Ὀδυσσῆος
864 1268 970 1345 θείοιο,

235 1368 288 1447 ἧος
304 1370 518 1447 Πηνελόπειαν
533 1368 721 1450 ὀδυρομένην,
738 1369 888 1451 γοόωσαν,

235 1471 361 1536 παύσειε
377 1467 541 1554 κλαυθμοῖο
556 1474 643 1550 γόοιό
657 1497 689 1536 τε
705 1473 910 1551 δακρυόεντος.

235 1576 265 1640 ἐς
282 1573 418 1653 θόλαμαν
433 1574 457 1638 δ’
473 1578 599 1653 εἰσῆλθε
614 1578 693 1656 παρά
709 1571 832 1654 κληῖδος
849 1575 971 1657 ἱμώντα,
1045 1653 1047 1659 ¹

235 1681 292 1754 στῆ
309 1675 333 1740 δ’
349 1676 394 1759 ἀρ’
409 1682 483 1757 ὑπὲρ
499 1683 646 1758 κεφαλῆς,
658 1680 708 1742 καί
722 1705 773 1759 μιν
789 1685 863 1758 πρὸς
878 1685 974 1759 μῦθον
990 1682 1100 1746 ἔειπεν·

275 1787 293 1814 “
307 1783 421 1860 Είίδεις,
438 1783 642 1859 Πηνελόπεια,
655 1784 750 1860 φίλαν
765 1783 923 1861 τετιημένη
939 1783 1034 1865 ἦτορ,·

232 1884 267 1946 οὐ
281 1882 338 1963 μέν
354 1882 383 1944 σ’
398 1885 466 1950 οὐδὲ
481 1887 554 1947 ἐῶσι
569 1882 632 1948 θεοὶ
647 1887 713 1966 ῥεῖα
730 1885 857 1961 ζώοντες
1128 1905 1178 1966 805

233 1990 350 2052 κλαίειν
365 1987 425 2051 οόδ’
441 1987 623 2072 ἀκάχησθαι,
641 1989 709 2051 ἐπεί
722 1987 752 2070 ῤ’
769 1989 814 2052 ἐτι
831 1989 974 2068 νόστιμός
990 1993 1056 2054 ἐστι

233 2098 286 2157 σὸς
302 2096 381 2157 ταῖς·
401 2091 436 2153 οό
449 2093 505 2169 μὲν
519 2090 576 2172 γάρ
592 2116 620 2154 τι
639 2096 719 2158 θεοῖς
735 2092 913 2170 ἀλιτήμενός
929 2093 1024 2157 ἐστι.”

274 2197 339 2274 Τὴν
354 2193 380 2259 δ’
395 2193 529 2274 ἠμείβετ’
545 2195 650 2258 ἔπειτα
664 2195 818 2275 περίφρων
833 2198 1040 2275 Πηνελόπεια,

230 2296 286 2374 ἡδὺ
299 2298 382 2378 μάλα
399 2294 570 2361 κνώσσουσ’
585 2299 619 2361 ἐν
632 2298 796 2383 ὀνειρείῃσι
811 2298 953 2385 πύλῃσιν·

275 2406 293 2435 “
303 2402 408 2477 Τίπτε,
420 2399 599 2482 κασιγνήτη,
613 2397 690 2480 δεῖμ’
704 2399 814 2478 ἥλυθες
826 2426 837 2476 ,·
862 2402 897 2464 οὔ
911 2427 940 2465 τι
956 2401 1049 2484 πόρος
1065 2430 1101 2484 γε
1127 2418 1176 2464 810

230 2507 355 2582 πωλέαι,
372 2506 438 2568 ἐπεὶ
453 2503 536 2583 μάλα
552 2503 670 2567 πολλὸν
685 2505 834 2583 ἀπόπροθι
850 2507 971 2581 δώματα
987 2508 1090 2572 ναίεις·

231 2609 283 2671 καί
293 2634 331 2686 με
347 2608 450 2672 κέλεαι
464 2608 640 2671 παύσασθαι
654 2607 752 2684 ὀϊζύος
767 2607 811 2686 ἠδ’
828 2608 962 2672 ὀδυνάων

229 2711 382 2788 πολλέων,
395 2714 428 2774 αἵ
441 2709 472 2789 μ’
488 2710 625 2791 ἐρέθουσι
644 2709 718 2772 κατὰ
733 2711 829 2790 φρένα
846 2710 895 2776 καὶ
911 2711 985 2775 κατὰ
1001 2716 1106 2793 θυμόν,

228 2811 246 2889 ή
262 2810 331 2891 πρὶν
345 2815 402 2892 μὲν
417 2815 510 2879 πόσιν
525 2815 639 2878 ἐσθλὸν
654 2815 801 2878 ἀπώλεσα
817 2816 1012 2897 θυμολέοντα,

228 2918 370 3004 παντοίῃς
386 2918 508 3002 ἀρετῇσι
524 2918 708 2997 κεκασμένον
723 2919 756 2982 ἐν
774 2924 951 2997 Δαναοῖσιν,
1126 2935 1173 2996 815

228 3018 364 3100 [ἐσθλόν
380 3026 433 3084 τοῦ
449 3020 537 3086 κλέος
553 3020 621 3101 εὐρὺ
637 3019 701 3084 καθ’
712 3020 851 3086 Ἐλλάδα
867 3020 915 3084 καὶ
929 3022 1023 3100 μέσον
1034 3023 1174 3105 Ἄργος]

227 3126 281 3187 νῦν
296 3124 332 3187 αὖ
347 3129 418 3190 παῖς
433 3126 586 3206 ἀγαπητὸς
602 3124 660 3203 ἔβη
678 3126 781 3204 κοίλης
798 3127 847 3189 ἐπὶ
864 3126 943 3204 νηός,

227 3227 341 3305 νήπιος,
357 3227 424 3291 οὔτε
440 3229 540 3292 πόνων
556 3228 590 3290 εδ
604 3229 689 3293 εἰδὼς
704 3225 765 3292 οὔτ’
781 3228 927 3310 ἀγοράων.

226 3333 278 3393 τοῦ
293 3331 329 3409 δή
345 3332 403 3413 ἐγὼ
420 3333 469 3396 καὶ
483 3337 603 3412 μᾶλλον
619 3331 759 3413 ὀδύρομαι
775 3330 794 3409 ή
809 3358 866 3413 περ
882 3333 1008 3396 ἐκείνου.

226 3437 277 3496 τοῦ
292 3431 317 3497 δ’
332 3435 521 3515 ἀμφιτρομέω
537 3433 585 3499 καὶ
601 3436 695 3498 δείδια
708 3433 749 3513 μή
766 3460 793 3498 τι
808 3435 952 3520 πάθῃσιν,
1123 3453 1172 3498 820

224 3536 243 3614 ἢ
259 3538 278 3599 ό
291 3562 328 3618 γε
343 3544 401 3600 τῶν
416 3540 461 3601 ἐνὶ
476 3538 568 3624 δήμῳ,
583 3537 621 3602 ἵν’
637 3538 761 3617 οἴχεται,
776 3535 795 3616 ἢ
812 3537 855 3602 ἐνὶ
871 3539 982 3624 πόντῳ·

224 3641 386 3719 δυσμενέες
402 3644 459 3722 γάρ
474 3639 585 3705 πολλοὶ
602 3639 648 3705 ἐπ’
663 3641 740 3724 αὐτῷ
756 3641 976 3724 μηχανόωνται,

227 3745 338 3824 ἱέμενοι
355 3749 475 3822 κτεῖναι,
491 3748 560 3826 πρὶν
575 3746 702 3825 πατρίδα
718 3750 807 3825 γαῖαν
825 3744 975 3810 ἱκέσθαι.”
