2874 4234
307 318 371 399 578
610 337 642 394 4.
668 321 903 381 οοτυςαιλυ
935 324 973 380 Δ.

350 491 415 568 Τὴν
430 487 455 552 δ’
470 489 540 553 οὗτε
556 489 719 569 προσέειπε
736 489 854 566 Μέδων,
872 488 1045 570 πεπνυμένα
1061 489 1155 554 εἰδώς·
1196 576 1198 580 7

308 600 328 630 “
339 595 370 659 αἲ
384 593 442 675 γὰρ
458 591 503 671 δή,
518 595 676 672 βασίλεια,
691 594 760 657 τόδε
776 598 925 659 πλεῖστον
940 599 1031 656 κακὸν
1047 595 1076 657 εί
1096 640 1102 654 .

307 696 389 762 ἀλλὰ
404 696 485 760 πολὺ
499 697 600 776 μεῖζόν
615 721 648 760 τε
664 698 712 760 καὶ
728 697 956 779 ἀργαλεώτερον
971 696 1051 760 ἀλλο
1125 751 1128 756 .

306 803 475 881 μνηστῆρες
491 800 666 880 φράζονται,
683 798 698 862 δ
713 799 754 880 μὴ
769 800 905 864 τελέσειε
922 801 1066 881 Κρονίων·

307 905 491 986 Τηλέμαχον
506 902 639 982 μεμάασι
655 902 839 982 κατακτάμεν
855 902 920 982 ὀξέϊ
934 905 1040 985 χαλκῷ
1206 928 1255 976 700

308 1009 407 1072 οἴκαδε
423 1009 591 1086 νισόμενον·
617 1006 669 1069 ὅδ’
686 1007 744 1086 ἔβη
759 1007 834 1087 μετὰ
850 1008 961 1089 πατρὸς
977 1007 1086 1087 ἀκουὴν

309 1113 341 1180 ἐς
357 1112 462 1175 Πύλον
477 1109 609 1192 ἠγαθέην
625 1109 669 1189 ἠδ’
687 1111 717 1176 ἐς
732 1112 939 1192 Λακεδαίμονα
954 1109 1050 1175 δῖαν.”

346 1211 409 1279 Ὣς
425 1212 513 1294 φάτο,
529 1215 581 1290 τῆς
597 1213 622 1277 δ’
639 1213 729 1275 αὐτοῦ
744 1213 817 1275 λύτο
833 1214 962 1295 γούνατα
979 1215 1027 1276 καὶ
1044 1215 1138 1294 φίλου
1154 1211 1233 1292 ἦτορ,

309 1317 364 1396 δην
379 1317 413 1380 δέ
427 1342 478 1398 μιν
495 1319 635 1397 ἀμφασίη
652 1317 747 1381 ἐπέων
762 1316 852 1395 λάβε·
876 1317 917 1380 τῶ
933 1318 967 1382 δέ
982 1319 1011 1380 οἱ
1027 1318 1104 1380 ὄσσε

310 1423 456 1501 δακρυόφι
473 1425 619 1498 πλῆσθεν,
635 1421 747 1500 θαλερὴ
764 1423 797 1486 δέ
812 1424 841 1484 οἱ
857 1423 967 1505 ἔσχετο
982 1419 1079 1501 φωνή.
1205 1444 1254 1496 705

306 1526 368 1606 όφέ
387 1528 419 1588 δὲ
435 1525 472 1604 δή
486 1551 538 1604 μιν
553 1525 682 1588 ἔπεσσιν
698 1526 882 1605 ἀμειβομένη
899 1527 1071 1606 προσέειπε·

350 1634 368 1664 “
381 1628 489 1708 Κῆρυξ,
506 1630 591 1692 τίπτε
605 1626 639 1691 δέ
652 1653 704 1708 μοι
719 1628 789 1694 πάϊς
805 1630 947 1712 οίχετοι,·
970 1629 1041 1694 οὐδέ
1056 1629 1086 1692 τί
1098 1653 1150 1708 μιν
1165 1629 1245 1709 χρεὼ

307 1738 385 1811 νηῶν
400 1732 561 1810 ὠκυπόρων
577 1731 782 1812 ἐπιβαινέμεν,
799 1734 832 1795 αί
846 1733 872 1796 θ’
888 1731 962 1799 ἀλδς
979 1734 1065 1796 ίπτοι

306 1834 433 1916 ἀνδράσι
449 1837 612 1918 γίγνονται,
628 1836 761 1916 περόωσι
777 1838 809 1900 δέ
824 1837 940 1900 πουλὺν
957 1834 1005 1916 ἐφ’
1022 1834 1125 1917 ὑγρήν.
1196 1850 1200 1858 ’

306 1939 325 2019 ἦ
341 1945 391 2004 ἵνα
405 1939 472 2018 μηδ’
490 1938 571 2018 ὄνομ’
588 1940 678 2004 αὐτοῦ
694 1941 726 2002 ἐν
742 1940 927 2020 ἀνθρώποισι
941 1940 1067 2017 λίπηται
1080 1964 1091 2012 ,·
1106 1936 1122 1963 ”
1203 1963 1252 2014 710

348 2045 412 2122 Τὴν
428 2042 454 2106 δ’
470 2041 605 2124 ἠμείβετ’
622 2043 726 2108 ἔπειτα
742 2045 852 2110 Μέδων
867 2043 1040 2122 πεπνυμένα
1055 2043 1150 2110 εἰδώς·

305 2151 322 2180 “
333 2147 385 2210 οὐκ
403 2145 458 2211 οἶδ’
472 2147 491 2225 ἤ
505 2150 550 2213 τίς
565 2173 617 2226 μιν
632 2151 700 2213 θἐδς
719 2148 840 2240 ὤρορεν,
857 2146 892 2226 ἦε
908 2145 956 2211 καὶ
971 2148 1061 2210 αὐτοῦ

307 2255 398 2329 θυμὸς
415 2251 576 2332 ἐφωρμήθη
594 2254 660 2329 ἴμεν
675 2252 705 2316 ἐς
722 2254 837 2330 Πύλον,
854 2254 935 2332 ὄφρα
950 2251 1079 2330 πύθηται

306 2353 417 2434 πατρὸς
434 2357 483 2417 ἑοῦ
498 2352 516 2432 ἢ
533 2354 640 2417 νόστον
655 2351 673 2433 ἢ
690 2355 724 2418 ὅν
740 2379 807 2420 τινα
822 2356 937 2435 πότμον
952 2353 1113 2418 ἐπέσπεν.”

343 2456 407 2522 Ὣς
422 2457 477 2538 ἀρα
494 2457 639 2537 φωνήσας
654 2458 755 2538 ἀπέβη
774 2458 848 2522 κατά
863 2456 935 2538 δῶμ’
950 2457 1109 2537 Ὀδυσῆος.
1207 2483 1252 2534 715

306 2562 361 2640 τὴν
377 2559 402 2623 δ’
419 2560 493 2644 ἄχος
510 2562 670 2642 ἀμφεχύθη
688 2563 889 2643 θυμοφθόρον,
905 2561 965 2626 οὐδ’
981 2561 1026 2644 ἄρ’
1042 2561 1083 2626 ἐτ’
1099 2564 1170 2638 έτλη

306 2667 401 2750 δίφρῳ
418 2665 579 2742 ἐφέζεσθαι
597 2671 723 2728 πολλῶν
739 2664 814 2728 κατά
829 2665 913 2728 οἶκον
932 2667 1051 2740 ἐόντων,

306 2768 376 2831 ἀλλ’
393 2766 437 2849 ἀρ’
453 2767 499 2836 ἐπ’
514 2767 602 2831 οὐδοῦ
617 2769 662 2846 ἷζε
678 2767 868 2848 πολυκμήτου
888 2769 1036 2848 θαλάμοιο

306 2870 398 2953 οἴκτρ’
413 2871 632 2954 ὀλοφυραμένη·
656 2873 724 2954 περὶ
740 2873 772 2936 δὲ
788 2870 883 2956 δμῳαὶ
898 2872 1050 2953 μινύριζον

310 2981 415 3051 πᾶσαι,
433 2977 503 3040 ὅσοι
520 2979 594 3040 κατά
610 2974 718 3056 δώματ’
736 2976 811 3038 ἔσαν
827 2976 892 3040 νέαι
909 2976 961 3054 ἠδὲ
976 2976 1112 3040 παλαιοί.
1205 3001 1253 3052 720

306 3079 359 3163 τῇς
375 3077 400 3142 δ’
418 3079 520 3143 ἀδινὸν
536 3081 658 3161 γοόωσα
672 3079 803 3160 μετηύδα
821 3079 1026 3156 Πηνελόπεια·

270 3250 273 3255 ,
351 3187 486 3258 “Κλΰτε,
504 3185 605 3263 φίλαι·
629 3185 697 3264 πέρι
713 3183 770 3265 γόρ
784 3209 836 3263 μοι
850 3181 1019 3263 Ὀλύμπιος
1033 3180 1119 3264 ἄλγε’
1135 3183 1245 3248 ἔδωκεν

308 3286 341 3348 ἐκ
358 3287 488 3362 πασέων,
504 3288 598 3350 ὅσσοι
616 3311 666 3365 μοι
682 3288 755 3367 ὁμοῦ
770 3287 885 3368 τράφεν
899 3285 944 3366 ἠδ’
961 3286 1111 3368 ἐγένοντο,

307 3386 325 3466 ἦ
342 3389 412 3469 πρὶν
427 3391 483 3467 μὲν
498 3391 590 3454 πόσιν
606 3392 719 3454 ἐσθλὸν
735 3391 880 3454 ἀπώλεσα
897 3386 1088 3470 θυμολέοντα,

307 3492 450 3576 παντοίῃς
466 3493 590 3578 ἀρετῇσι
606 3492 787 3574 κεκασμένον
803 3495 834 3557 έν
852 3498 1031 3567 Δαναοῖσιν,
1205 3521 1250 3569 7²5

309 3595 444 3686 [ἐσθλόν,
462 3601 515 3658 τοῦ
531 3596 618 3663 κλέος
636 3597 703 3678 εὗρδ
718 3595 783 3661 καθ’
797 3596 931 3661 Ἑλλάδα
948 3594 996 3660 καί
1011 3599 1106 3677 μέσον
1117 3597 1252 3680 Ἄργος]

310 3705 362 3768 νῦν
378 3700 414 3764 αὖ
430 3697 511 3770 παῖδ’
528 3700 683 3781 ἀγαπητὸν
699 3701 901 3782 ἀνηρείψαντο
917 3700 1044 3766 θύελλαι
