2908 4232
573 357 624 417 24.
655 344 824 404 ΙΛΙΑΔΟΣ
848 345 888 404 Ω.
1132 352 1192 420 501

249 513 344 574 κεῖται
359 507 384 572 δ’
401 509 435 572 έν
448 506 604 591 λεχέεσσ’·
628 508 689 588 ἅμα
704 510 729 573 δ’
745 509 795 589 ἠοῖ
809 511 1034 592 φαινομένηφιν
1148 522 1197 572 600

249 614 343 694 ὄψεαι
357 610 446 678 αιἰτὸς
461 611 553 694 ἄγων·
577 617 630 675 νῦν
645 613 678 675 δὲ
691 614 875 693 μνησώμεθα
890 615 1010 694 δόρπου.

250 717 298 778 καὶ
313 714 371 798 γάρ
389 712 417 777 τ’
431 713 559 794 ἠΰκομος
575 717 679 795 Νιόβη
695 715 848 796 ἐμνήσατο
864 718 959 790 σίτου,

249 821 284 905 τῇ
300 844 356 900 περ
372 819 486 884 δώδεκα
497 823 603 899 παῖδες
618 821 663 882 ένὶ
676 818 857 902 μεγάροισιν
872 823 989 896 ὄλοντο,

249 920 286 1002 ἓξ
297 923 353 1000 μὲν
368 921 537 1005 θυγατέρες,
553 921 590 1002 ἓξ
602 923 627 986 δ’
644 922 723 989 υἱέες
737 923 902 1004 ἡβώοντες.

249 1026 317 1094 τοὺς
330 1027 386 1108 μὲν
400 1024 566 1093 Ἀπόλλων
581 1025 700 1107 πέφνεν
714 1028 765 1090 ἀπ’
781 1026 935 1109 ἀργυρέοιο
949 1032 1035 1108 βιοῖο
1149 1040 1198 1104 605

248 1130 402 1213 χωόμενος
416 1130 531 1216 Νιόβῃ,
545 1132 599 1196 τὰς
614 1126 642 1193 δ’
657 1129 800 1210 Ἀρτεμις
815 1129 959 1214 ἰοχέαιρα,

249 1232 343 1297 οὕνεκ’
360 1234 418 1315 ἄρα
435 1239 531 1311 Λητοῖ
546 1232 692 1297 ίσάσκετο
708 1231 917 1320 καλλιπαρῄῳ·

249 1341 292 1417 φῆ
309 1337 379 1400 δοιδ
395 1336 519 1410 τεκέειν,
535 1335 553 1416 ἡ
570 1335 597 1401 δ’
613 1337 686 1414 αὐτὴ
700 1340 823 1420 γείνατο
837 1338 982 1404 πολλοθς·
1010 1356 1015 1387 1
1031 1360 1037 1444 ῃ

250 1441 289 1504 τὸ
305 1441 330 1503 δ’
347 1441 404 1521 ἄρα
420 1438 469 1503 καὶ
485 1440 555 1503 δοιώ
572 1466 629 1522 περ
645 1441 721 1504 ἐόντ’
742 1440 803 1504 άπὸ
816 1442 931 1509 πάντας
947 1424 1094 1505 όλεάσαν.

250 1545 348 1622 οἱμὲν
363 1541 409 1620 ἄρ’
425 1547 555 1625 ἐννῆμαρ
571 1543 649 1607 κέατ’
667 1545 701 1610 ἐν
715 1545 810 1629 φόνῳ,
828 1543 897 1609 οὐδέ
911 1570 957 1610 τις
972 1543 1026 1623 ἦεν
1149 1554 1198 1603 οιο

250 1645 411 1727 κατθάψαι,
427 1647 520 1712 λαοὺς
537 1649 569 1710 δὲ
584 1648 689 1714 λίθους
703 1651 815 1727 ποίησε
831 1649 976 1730 Κρονίων·
992 1713 994 1722 s

249 1749 317 1816 τοὺς
332 1750 356 1814 δ’
373 1751 430 1832 ἄρα
444 1777 480 1836 τῃ
498 1748 606 1837 δεκάτῃ
623 1751 727 1833 θάψαν
744 1753 808 1816 θεοὶ
823 1752 1023 1834 Οὐρανίωνες.

249 1853 267 1932 ἡ
283 1853 308 1918 δ’
325 1853 382 1936 ἄρα
397 1855 482 1918 σίτου
496 1852 632 1934 μνήσατ’,
650 1855 717 1919 έπεῖ
732 1854 808 1934 κάμε
822 1853 913 1937 δάκρυ
927 1853 1053 1938 χέουσα.

250 1962 303 2022 νῦν
317 1955 351 2021 δέ
365 1983 423 2022 που
438 1959 471 2021 έν
486 1959 640 2044 πέτρῃσιν,
656 1959 690 2022 έν
705 1957 825 2039 οὔρεσιν
839 1959 1042 2036 οἰοπόλοισιν,

251 2063 283 2124 ἐν
298 2061 431 2145 Σιπόλιρ,
447 2061 496 2123 ὅθι
511 2059 590 2140 φασὶ
607 2059 704 2124 θεάων
719 2061 844 2141 ἔμμεναι
860 2061 946 2128 εὐνὰς
1149 2072 1197 2134 615

250 2163 402 2246 νυμφάων,
422 2166 455 2227 αί
471 2163 496 2225 τ’
514 2162 590 2243 ἀμφ’
605 2162 776 2246 Ἀχελώϊον
792 2165 970 2246 ἐρρώσαντο,

250 2268 323 2330 ἔνθα
336 2266 423 2333 λίθος
437 2292 493 2347 περ
509 2268 603 2329 έοΰσα
619 2270 696 2330 θεῶν
712 2269 745 2330 έκ
761 2267 852 2346 κήδεα
867 2265 988 2331 πέσσει.

250 2365 321 2431 ἀλλ’
337 2368 393 2451 ἄγε
408 2370 445 2448 δὴ
461 2370 510 2434 καὶ
527 2375 581 2433 νῶῖ
594 2371 760 2449 μεδώμεθα,
777 2374 823 2434 δῖε
841 2369 953 2452 γεραιέ,

251 2476 345 2537 σίτου·
369 2471 474 2537 ἔπειτά
489 2499 541 2538 κεν
556 2473 626 2538 αὓτε
641 2475 736 2554 φίλον
750 2478 844 2538 παῖδα
859 2476 1030 2548 κλαίοισθα,

247 2573 345 2640 Ἴλιον
360 2577 541 2659 εἰσαγαγών·
564 2575 788 2657 πολυδάκρυτος
803 2575 837 2639 δέ
851 2601 898 2638 τοι
915 2572 1031 2640 έσται.”
1149 2586 1198 2637 6ου

288 2677 343 2752 Ἠ,
361 2681 409 2743 καὶ
425 2679 550 2758 ἀναΐξας
565 2682 614 2744 όῖν
628 2681 765 2763 ἄργυφον
781 2678 856 2745 ὠκὺς
870 2677 1037 2762 Ἀχιλλεὺς

251 2781 358 2864 σφάξ’·
382 2784 482 2866 ἕταροι
498 2783 523 2848 δ’
542 2783 644 2865 ἔδερόν
658 2808 692 2847 τε
707 2784 757 2847 καὶ
772 2783 915 2865 άμφεπον
930 2783 963 2846 εὖ
978 2782 1053 2846 κατὰ
1074 2783 1198 2862 κόσμον,

249 2887 419 2967 μίστυλλόν
433 2888 458 2950 τ’
475 2885 520 2970 ἆρ’
541 2884 748 2968 ἐπισταμένως
763 2884 869 2968 πεῖράν
882 2883 910 2949 ’τ’
927 2887 1097 2966 ὀβελοῖσιν,

251 2990 394 3070 ὤπτησάν
409 3016 442 3055 τε
457 2989 673 3073 περιφραδέως,
688 2990 835 3072 ε’ρθσαντό
849 3016 882 3055 τε
897 2988 1004 3055 πάντα.

249 3094 428 3174 Αὐτομέδων
443 3093 468 3158 δ’
486 3095 544 3177 άρα
559 3100 646 3158 σῖτον
661 3096 739 3158 ἑλὼν
755 3093 892 3173 ἐπένειμε
907 3093 1037 3180 τραπέζῃ
1151 3107 1198 3170 625

252 3203 356 3263 καλοῖς
371 3200 404 3261 έν
419 3197 580 3262 κανέοισιν·
604 3199 678 3278 ἆτδρ
695 3196 766 3279 κρέα
779 3202 881 3278 νεῖμεν
895 3198 1069 3280 Ἀχιλλεύς.

251 3301 280 3362 οἱ
296 3297 320 3363 δ’
338 3300 384 3384 ἐπ’
400 3299 512 3366 ὀνείαθ’
528 3305 633 3380 ἑτοῖμα
648 3301 827 3381 προκείμενα
842 3305 947 3384 χεῖρας
962 3303 1082 3367 ίαλλον.

251 3390 348 3486 αὐτὰρ
359 3406 425 3469 ἐπεὶ
440 3407 550 3495 πόσιος
566 3403 614 3468 καὶ
629 3403 752 3479 ἐδητύος
765 3401 802 3482 έξ
815 3404 884 3486 ἔρον
899 3403 977 3481 έντο,

251 3505 270 3586 ἦ
285 3532 331 3570 τοι
347 3510 536 3588 Δαρδανίδης
551 3509 688 3590 Πρίαμος
702 3503 831 3587 θαύμαζ’
845 3506 988 3590 Ἀχιλῆα,

251 3613 345 3678 ὅσσος
360 3612 413 3692 έην
429 3614 493 3678 οίός
507 3634 550 3678 τε·
574 3617 673 3678 θεοῖσι
688 3614 746 3694 γὰρ
762 3611 837 3674 άντα
853 3609 949 3696 έφκει·
1150 3625 1199 3685 630
1220 3623 1234 3656 “·

253 3711 344 3794 αὐτὰρ
361 3713 377 3774 ὁ
394 3714 584 3795 Δαρδανίδην
600 3713 738 3794 Πρίαμον
753 3710 901 3791 θαύμαζεν
917 3709 1090 3796 Ἀχιλλεύς,
