2874 4234
533 345 822 435 &omma
850 346 884 404 ιι.
1121 338 1185 422 585

237 507 297 573 ἔνθ’
312 512 344 573 έκ
361 511 472 576 πόντου
487 512 547 592 βὰς
565 513 685 580 ἰοειδέος
701 514 857 595 ἤπειρόνδε

235 613 309 692 ήϊεν,
327 617 408 696 ὄφρα
422 615 501 698 μέγα
516 617 609 683 σπέος
626 620 717 695 ἵκετο,
733 619 773 700 τῷ
792 619 836 681 ένι
852 617 951 696 νύμφη

235 723 317 782 ναῖεν
332 721 530 800 ἐϋπλόκαμος·
553 722 608 800 τήν
623 719 648 784 δ’
664 723 762 785 ἔνδοθι
779 721 886 802 τέτμεν
902 723 1024 811 έοῦσαν.

237 827 294 901 πῦρ
309 825 364 902 μὲν
385 821 431 887 ἐπ’
447 827 618 906 ἐσχαρόφιν
632 825 711 906 μέγα
728 826 837 903 καίετο,
852 825 962 902 τηλόθι
980 823 1005 888 δ’
1020 826 1096 904 ὀδμή

237 925 341 1006 κέδρου
356 925 381 990 τ’
397 927 547 992 εὐκεάτοιο
565 929 636 994 θύου
651 927 675 991 τ’
691 928 748 992 ἀνὰ
764 932 859 1009 νῆσον
876 929 982 992 ὀδώδει

236 1030 412 1107 δαιομένων·
436 1031 455 1110 ἡ
472 1031 498 1096 δ’
514 1034 598 1096 ἔνδον
615 1031 781 1096 ὐοιδιάουσ’
797 1031 850 1096 ὀπὶ
866 1034 943 1118 καλῇ

237 1135 323 1198 ἱστὸν
338 1137 519 1219 ἐποιχομένη
534 1140 662 1223 χρυσείῃ
678 1135 783 1217 κερκίδ’
798 1139 934 1216 ὕφαινεν.

236 1240 293 1318 ύλη
310 1242 342 1302 δὲ
358 1240 452 1306 σπέος
468 1242 548 1321 ἀμφὶ
564 1240 692 1322 πεφύκει
708 1241 896 1318 τηλεθόωσα,

237 1341 351 1424 κλήθρη
366 1342 391 1406 τ’
406 1345 536 1426 αἴγειρός
552 1369 584 1408 τε
600 1347 648 1408 καὶ
665 1345 775 1423 εὐώδης
791 1343 987 1425 κυπάρισσος.

237 1446 309 1509 ἔνθα
324 1447 358 1510 δέ
372 1445 398 1509 τ’
414 1449 529 1529 ὄρνιθες
543 1448 753 1530 τανυσίπτεροι
770 1447 937 1526 εὐνάζοντο,
1152 1458 1184 1522 65

238 1550 356 1617 σκῶπές
371 1550 396 1613 τ’
410 1535 510 1632 ἴρηκές
525 1577 558 1616 τε
576 1552 790 1635 τανύγλωσσοί
803 1577 835 1614 τε
852 1557 977 1632 κορῶναι

238 1652 377 1732 εἰνάλιαι,
394 1652 482 1742 τῇσίν
499 1680 531 1718 τε
547 1654 704 1718 θαλάσσια
720 1657 792 1736 ἔργα
806 1654 949 1735 μέμηλεν.

236 1858 341 1943 ἡμερὶς
355 1861 503 1940 ἡβώωσα,
519 1860 639 1940 τεθήλει
655 1864 688 1925 δὲ
705 1865 890 1946 σταφυλῇσι·

238 1968 340 2044 κρῆναι
357 1962 381 2028 δ’
398 1963 494 2043 ἑξείης
511 1967 635 2046 πίσυρες
650 1965 717 2048 ῥέον
732 1967 817 2028 ὐδατι
833 1966 943 2050 λευκῷ,
1155 1985 1186 2038 70

238 2069 365 2146 πλησίαι
383 2066 530 2146 ἀλλήλων
544 2068 740 2148 τετραμμέναι
757 2067 882 2133 άλλυδις
898 2068 990 2146 άλλη.

238 2173 317 2253 ἀμφὶ
333 2175 365 2235 δὲ
380 2178 525 2250 λειμῶνες
540 2171 669 2251 μαλακοὶ
685 2173 731 2235 ἴου
747 2172 798 2252 ἠδὲ
814 2173 938 2235 σελίνου

240 2275 359 2354 θήλεον·
384 2277 456 2338 ἔνθα
473 2273 498 2340 κ’
515 2277 619 2340 ἔπειτα
634 2273 683 2338 καὶ
699 2276 845 2342 ἀθάνατός
861 2301 917 2356 περ
932 2275 1071 2338 ἐπελθὼν

241 2379 387 2458 θηήσαιτο
404 2380 475 2444 ίδὼν
491 2382 541 2444 καὶ
555 2381 697 2462 τερφθείη
715 2376 825 2460 φρεσὶν
841 2377 923 2467 ᾗσιν.

239 2484 310 2547 ἔνθα
326 2487 399 2550 στὰς
416 2488 517 2561 θηεῖτο
532 2486 685 2563 διάκτορος
701 2484 906 2566 ἀργειφόντης.

239 2585 331 2667 αὐτὰρ
349 2585 414 2651 ἐπεὶ
431 2588 466 2665 δή
483 2588 581 2651 πάντα
596 2588 635 2670 έιῇ
650 2585 784 2665 θηήσατο
801 2589 894 2670 θυμῷ,

238 2689 332 2754 αὐτίκ’
345 2689 392 2772 ἄρ’
408 2692 450 2756 εἰς
466 2691 534 2773 εὐρύ
550 2689 642 2756 σπέος
657 2683 777 2768 ήλυθεν·
801 2690 869 2754 οὐδέ
883 2716 934 2768 μιν
950 2690 1041 2766 άντην

239 2793 402 2876 ἠγνοίησεν
418 2797 526 2858 ίδούσα
541 2794 689 2876 Καλυψώ,
705 2799 754 2858 δῖα
770 2795 876 2871 θεάων,

240 2897 274 2959 οὐ
292 2898 350 2980 γάρ
368 2896 394 2962 τ’
410 2900 541 2981 ἀγνῶτες
557 2900 621 2962 θεοὶ
638 2897 802 2976 ἀλλήλοισι
819 2897 960 2960 πέλονται

241 3002 395 3078 ἀθάνατοι,
410 3000 470 3066 οὐδ’
486 3002 573 3066 εἴτις
590 3003 739 3082 ἀπόπροθι
755 3002 875 3080 δώματα
891 3001 977 3064 ναίει.
1152 3013 1186 3062 8ο

241 3207 311 3273 ἀλλ’
327 3211 343 3270 ὅ
358 3207 386 3291 γ’
402 3207 448 3273 ἐπ’
465 3212 554 3286 ἀκτῆς
575 3214 661 3273 κλαῖε
677 3208 851 3287 καθήμενος,
864 3209 935 3271 ἔνθα
950 3205 1043 3288 πάρος
1058 3233 1124 3290 περ,

241 3311 364 3393 δάκρυσι
382 3311 429 3377 καὶ
445 3315 615 3398 στοναχῇσι
632 3310 679 3375 καὶ
696 3313 808 3394 ἄλγεσι
824 3317 917 3392 θυμὸν
933 3311 1065 3394 ἐρέχθων

242 3413 369 3504 [πόντον
385 3415 430 3480 ἐπ’
446 3419 606 3500 ἀτρύγετον
622 3415 798 3497 δερκέσκετο
814 3415 925 3495 δάκρυα
939 3411 1080 3504 λείβων].

240 3521 383 3602 Ἑρμείαν
398 3519 423 3584 δ’
439 3521 549 3602 ἐρέεινε
566 3520 713 3602 Καλυψώ,
729 3525 778 3582 δῖα
793 3519 898 3597 θεάων,
1155 3535 1186 3596 85

242 3627 274 3689 ἐν
291 3627 387 3710 θρόνιρ
405 3625 552 3706 ἱδρύσασα
568 3624 682 3708 φαεινῲ
698 3624 881 3704 σιγαλόεντι·

286 3730 409 3791 “Τίπτε
423 3753 485 3807 μοι,
500 3727 624 3813 Ἑρμεία
639 3729 838 3812 χρυσόρραπι,
853 3726 1035 3808 εἰλήλουθας
1136 3775 1139 3782 1

693 3847 753 3918 υ3
