2746 4228
262 361 303 428 52
592 365 622 431 3·
647 350 816 410 ιΛιΑΔοΣ
840 352 874 426 τ,

262 516 375 582 ἄλλους
388 518 444 594 μὲν
460 515 580 581 κέλεται
594 522 698 597 Τρῶας
714 519 763 582 ’καὶ
779 517 893 586 πάντας
907 517 1050 601 Ἀχαιοὺς

261 619 369 702 τείχεα
384 619 450 684 κάλ’
467 620 636 684 ἀποθέσθαι
651 622 702 685 ἔτὶ
716 623 806 705 χθονὶ
820 626 1053 708 πουλυβοτείρῃ,

261 723 350 786 αὐτὸν
365 723 390 787 δ’
406 726 440 788 ἔν
453 723 559 809 μέσσιρ
576 726 625 788 καὶ
641 724 806 806 ἀρηίφιλον
822 725 985 790 Μενέλαον
1170 748 1204 798 9ο

261 829 340 892 οἵους
356 825 429 906 ἀμφ’
446 825 557 913 Ἑλένῃ
573 827 622 890 καὶ
638 826 768 908 κτήμασι
783 831 860 891 πᾶσι
877 827 1043 910 μάχεσθαι.

261 929 426 1010 ὁππότερος
441 931 475 994 δέ
489 956 522 994 κε
537 927 645 1016 νικήσῃ
661 930 811 1012 κρείσσων
824 955 858 995 τε
872 929 1005 1012 γένηται,

261 1031 385 1112 κτήμαθ’
400 1033 479 1096 ἔλδν
495 1032 528 1096 εὖ
542 1031 641 1100 πάντα
654 1032 782 1116 γυναῖκά
796 1057 830 1098 τε
845 1032 937 1098 οἴκαδ’
954 1031 1086 1115 ἀγέσθω·

260 1139 288 1200 οί
304 1136 329 1199 δ’
345 1137 437 1200 ἄλλοι
452 1136 604 1216 φιλότητα
620 1137 668 1201 καλ
684 1133 771 1216 ὅρκια
785 1135 881 1200 πιστδ
896 1133 1062 1216 τάμωμεν.”

295 1236 359 1305 Ὣς
374 1238 472 1320 ἔφαθ’,
489 1241 519 1302 οί
534 1235 558 1303 δ’
575 1239 633 1321 άρα
647 1238 757 1306 πάντες
773 1239 849 1318 ἀκὴν
865 1238 1006 1322 ἐγένοντο
1022 1239 1131 1322 σιωπῇ·
1170 1263 1201 1314 9⁵

258 1345 339 1404 τοῖσι
355 1343 388 1404 δὲ
404 1340 452 1404 καὶ
466 1340 605 1420 μετέειπε
619 1341 700 1420 βοήν
714 1342 827 1423 ἆγαθδς
844 1341 1012 1407 Μενέλαος·

259 1451 275 1478 “
286 1443 409 1531 κέκλυτε
424 1449 476 1508 νῦν
492 1445 542 1508 καὶ
557 1446 649 1522 ἔμεῖο·
670 1441 807 1525 μάλιστα
822 1445 880 1527 γὰρ
896 1444 991 1526 ἄλγος
1007 1441 1102 1509 ἱκάνει

259 1545 351 1627 θυμδν
366 1548 447 1625 ἔμόν,
464 1545 584 1628 φρονέω
599 1547 633 1610 δὲ
647 1546 891 1630 διακρινθήμεναι
905 1546 961 1627 ἥδη

259 1652 413 1733 Ἀργείους
429 1651 477 1713 καλ
492 1654 605 1729 Τρῶας,
622 1650 689 1714 ἐπεὶ
704 1650 780 1714 κακὰ
794 1653 898 1714 πολλὰ
912 1649 1052 1715 πέπασθε

258 1753 345 1818 εἵνεκ’
362 1755 434 1831 ἔμῆς
450 1752 546 1831 ἔριδος
561 1752 610 1815 καὶ
624 1750 828 1836 Ἀλεξάνδρου
844 1753 919 1818 ἕνεκ’
936 1754 1039 1836 ἀρχῆς·
1153 1779 1200 1814 100

258 1856 356 1934 ἡμέων
371 1855 395 1920 δ’
413 1854 570 1939 ὁπποτέρῳ
587 1853 714 1922 θάνατος
729 1858 781 1921 καὶ
795 1861 886 1937 μοῖρα
900 1855 1049 1931 τέτυκται,

257 1961 388 2036 τεθναίη·
412 1960 503 2020 άλλοι
519 1959 552 2020 δὲ
566 1962 763 2039 διακρινθεῖτε
777 1960 918 2043 τάχιστα.
1031 1963 1032 1971 ’

257 2068 357 2127 οἴσετε
373 2061 397 2124 δ’
414 2060 486 2141 ἄρν’,
503 2060 605 2141 ἔτερον
619 2063 738 2135 λευκόν,
754 2062 858 2144 ἑτέρην
874 2065 907 2126 δὲ
920 2062 1076 2144 μέλαιναν,

258 2167 298 2250 Γῇ
314 2191 346 2230 τε
364 2166 412 2228 καὶ
426 2165 551 2250 Ἠελίῳ·
578 2165 630 2229 Διὶ
645 2164 670 2230 δ’
686 2165 771 2245 ἡμεῖς
787 2169 912 2246 οἴσομεν
927 2166 1035 2230 άλλον·

256 2268 343 2348 ἄξετε
359 2269 391 2331 δὲ
407 2266 557 2347 Πριάμοιο
571 2268 654 2346 βίην,
671 2268 739 2349 ὄφρ’
756 2269 842 2351 ὅρκια
857 2268 954 2356 τάμνῃ
1152 2295 1197 2346 ¹05

256 2372 353 2443 αὐτός,
371 2371 438 2435 ἔπεί
452 2373 481 2434 οί
497 2374 602 2436 παῖδες
615 2370 800 2451 ὑπερφίαλοι
816 2373 865 2436 καὶ
880 2372 1013 2448 ἄπιστοι,

254 2473 295 2554 μή
312 2498 357 2541 τις
371 2465 544 2558 ὑπερβασίῃ
560 2472 634 2539 Διὸς
650 2474 736 2554 ὅρκια
751 2472 930 2554 δηλήσηται.

256 2579 314 2641 alei
330 2577 355 2641 δ’
372 2575 544 2658 ὁπλοτέρων
559 2577 675 2659 ἀνδρῶν
690 2576 799 2660 φρένες
814 2577 996 2658 ἠερέθονται·

256 2683 301 2746 οἶς
315 2680 340 2744 δ’
353 2682 370 2743 δ
385 2681 480 2763 γέρων
493 2679 646 2766 μετέῃσιν,
663 2681 724 2760 άμα
739 2681 866 2761 πρόσσω
883 2683 932 2745 καὶ
947 2682 1068 2745 ὀπίσσω
1164 2766 1168 2772 ¹

255 2784 390 2860 λεύσσει,
403 2785 485 2850 ὅπως
496 2783 544 2868 ὄχ’
558 2784 668 2866 άριστα
678 2783 742 2863 μετ’
754 2785 954 2866 ἀμφοτέροισι
965 2784 1117 2866 γένηται.”
1151 2775 1197 2850 ιἰο

292 2885 355 2953 Ὣς
371 2886 470 2968 ἔφαθ’,
487 2889 516 2950 οί
530 2885 555 2950 δ’
573 2885 729 2969 ἐχάρησαν
743 2885 866 2971 Ἀχαιοί
881 2912 913 2951 τε
927 2886 1028 2967 Τρῶές
1043 2912 1076 2952 τε

256 2991 419 3069 ἐλπόμενοι
433 2989 609 3054 παύσασθαι
624 2988 740 3069 ὀϊζυροῦ
754 2989 912 3070 πολέμοιο.

257 3095 306 3156 καί
318 3093 350 3174 ῥ’
365 3096 474 3159 ἵππους
488 3093 544 3169 μὲν
559 3089 666 3171 ἔρυξαν
681 3092 731 3156 ἐπὶ
747 3094 865 3176 στίχας,
882 3095 915 3155 ἔκ
931 3091 956 3156 δ’
973 3092 1050 3169 ἔβαν
1066 3095 1159 3167 αὐτοί,

255 3196 364 3280 τεύχεά
378 3193 405 3257 τ’
421 3193 586 3273 ἐξεδύοντο·
608 3196 646 3257 τδ
659 3195 715 3274 μὲν
731 3195 880 3261 κατέθεντ’
899 3197 949 3260 ἔπὶ
963 3197 1035 3282 γαίῃ

255 3302 388 3381 πλησίον
403 3297 557 3376 ἆλλήλων,
573 3297 662 3381 ὀλίγη
679 3297 704 3361 δ’
722 3297 759 3377 ήν
775 3300 869 3379 ἀμφὶς
885 3299 1004 3378 άρουρα·
1151 3327 1194 3378 ¹¹⁵

250 3404 368 3482 Ἕκτωρ
383 3405 415 3465 δὲ
430 3402 518 3483 προτὶ
533 3400 610 3464 άστυ
625 3401 683 3464 δύω
700 3399 825 3482 κήρυκας
840 3402 955 3479 ἔπεμπε

255 3505 448 3586 καρπαλίμως
463 3503 554 3584 άρνας
568 3527 601 3568 τε
616 3503 722 3586 φέρειν
737 3504 876 3583 Πρίαμόν
891 3529 924 3568 τε
939 3505 1099 3570 καλέσσαι·

255 3609 344 3689 αὐτὰρ
361 3609 378 3671 ὀ
392 3607 569 3687 Ταλθύβιον
583 3606 681 3689 προίει
697 3607 802 3688 κρείων
816 3606 1013 3690 Ἀγαμέμνων

254 3715 325 3790 νῆας
341 3711 391 3776 ἔπι
406 3713 564 3794 γλαφυρὰς
579 3709 665 3783 ἰέναι,
681 3709 725 3787 ἠδ’
742 3708 805 3790 ἄρν’
822 3709 960 3775 ἔκέλευεν
