2738 4226
565 916 781 990 ΙΛΙΑΔΟΣ
817 917 864 991 Ν.

514 1287 622 1385 Μάχη
640 1291 692 1361 ἐπί
710 1301 783 1369 ταῖς
802 1289 921 1362 ναυσίν.

293 1467 367 1537 Ζεδς
379 1468 403 1534 δ’
416 1470 481 1534 ἐπεὶ
494 1470 546 1536 οὖν
557 1470 661 1552 Τρῶάς
672 1498 706 1536 τε
719 1475 767 1536 καὶ
779 1471 911 1553 Ἕκτορα
922 1470 1010 1548 νηυσὶ
1025 1467 1175 1532 πέλασσε.

247 1574 316 1642 τοὺς
330 1575 385 1652 μὲν
401 1573 437 1636 ἔα
451 1576 531 1655 παρὰ
547 1575 617 1660 τῇσι
633 1576 727 1639 πόνον
741 1575 766 1636 τ’
784 1573 893 1657 ἐχέμεν
909 1575 957 1637 καὶ
973 1573 1060 1650 ὀϊζὺν

248 1674 413 1752 νωλεμέως,
431 1673 519 1740 αιἰτὸς
533 1677 567 1738 δὲ
581 1674 675 1739 πάλιν
689 1675 797 1757 τρέπεν
812 1677 889 1738 ὄσσε
905 1674 1029 1755 φαεινά,

247 1778 361 1857 νόσφιν
376 1778 424 1858 ἐφ’
443 1779 621 1843 ἱπποπόλων
637 1782 766 1864 Θρῃκῶν
781 1777 986 1858 καθορώμενος
1001 1777 1071 1840 αἶαν

249 1883 364 1944 Μυσῶν
378 1879 404 1941 τ’
421 1879 604 1963 ἀγχεμάχων
619 1882 668 1943 καὶ
684 1882 803 1962 ἀγαυῶν
818 1878 1033 1961 Ἱππημαλγῶν
1175 1903 1199 1952 5,

248 1982 479 2065 γλακτοφάγων,
495 1982 612 2064 Ἀβίων
626 2008 669 2056 τε,
686 1982 881 2047 δικαιοτάτων
895 1982 1067 2063 ἀνθρώπων.

248 2087 279 2150 ἔς
292 2087 405 2166 Τροίην
420 2086 444 2149 δ’
462 2086 496 2149 οὗ
511 2085 636 2165 πάμπαν
652 2087 696 2149 ἔτι
711 2084 819 2167 τρέπεν
834 2087 912 2148 ὄσσε
926 2085 1050 2166 φαεινά·

248 2187 282 2250 οὗ
296 2189 354 2268 γὰρ
369 2189 387 2250 ό
401 2187 429 2269 γ’
447 2187 603 2253 ἀθανάτων
617 2188 671 2253 τιν’
689 2187 816 2252 ἐέλπετο
834 2187 869 2252 δν
884 2189 959 2250 κατδ
974 2188 1066 2265 θυμὸν

248 2290 363 2354 ἐλθόντ’
380 2286 398 2367 ἢ
413 2291 573 2371 Τρώεσσιν
589 2290 735 2373 ἀρηξέμεν
749 2288 768 2368 ἢ
785 2295 962 2355 Δαναοῖσιν.

289 2392 361 2456 Οὐδ’
378 2393 588 2472 ἀλαοσκοπιὴν
603 2394 668 2477 εἶχε
684 2395 789 2474 κρείων
805 2393 983 2475 ἐνοσίχθων·
1160 2421 1189 2454 ιο

247 2497 295 2559 καὶ
310 2499 368 2578 γὰρ
384 2498 400 2558 ὁ
416 2494 571 2575 θαυμάζων
586 2496 662 2575 ἧστο
677 2496 831 2576 πτόλεμόν
846 2520 879 2559 τε
892 2495 993 2578 μάχην
1008 2518 1041 2559 τε

247 2599 328 2677 ὑψοῦ
342 2596 389 2660 ἐπ’
406 2597 571 2679 ἀκροτάτης
586 2600 716 2681 κορυφῆς
732 2597 833 2678 Σάμου
847 2597 1002 2677 ὑληέσσης

248 2698 402 2780 Θρηϊκίης·
425 2699 512 2764 ἔνθεν
526 2703 584 2782 γδρ
600 2703 742 2782 ἐφαίνετο
758 2705 843 2765 πάσα
857 2703 913 2778 μὲν
926 2698 1000 2777 Ἴδη,

247 2801 373 2882 φαίνετο
389 2805 422 2866 δὲ
437 2801 588 2884 Πριάμοιο
603 2805 693 2869 πόλις
710 2805 758 2867 καὶ
775 2807 843 2882 νῆες
856 2802 1000 2885 Ἀχαιῶν.

247 2903 306 2969 ἔνθ
323 2903 368 2986 ἄρ’
386 2905 446 2988 ὅγ’
464 2904 500 2985 ἐξ
512 2906 587 2972 ἁλὸς
602 2906 675 2984 ἕζετ’
693 2907 754 2978 ἰῶν,
771 2905 889 2987 ἐλέαιρε
904 2905 928 2969 δ’
944 2904 1087 2986 Ἀχαιοὺς
1159 2933 1187 2982 15

246 3008 368 3088 Τρωσὶν
383 3007 595 3089 δαμναμένους,
613 3009 665 3072 Διὶ
681 3010 713 3072 δὲ
729 3014 875 3089 κρατερῶς
890 3007 1049 3084 ἐνεμέσσα.

290 3110 402 3174 Αὐτίκα
417 3111 442 3176 δ’
459 3109 496 3190 ἐξ
509 3113 593 3194 ὄρεος
608 3110 797 3190 κατεβήσετο
812 3110 1033 3176 παιπαλόεντος

246 3215 375 3294 κραιπνδ
390 3214 464 3277 ποσὶ
480 3211 646 3296 προβιβάς·
669 3212 758 3291 τρέμε
773 3213 797 3277 δ’
815 3214 903 3296 οὔρεα
916 3214 1015 3292 μακρὰ
1029 3213 1078 3276 καὶ
1094 3213 1150 3287 ὕλη

247 3316 361 3381 ποσσὶν
375 3315 424 3379 ὑπ’
441 3314 619 3381 ἀθανάτοισι
635 3314 850 3382 Ποσειδάωνος
865 3315 972 3380 ἰόντος.

247 3421 309 3499 τρὶς
323 3421 379 3497 μὲν
394 3417 509 3499 ὀρέξατ’
526 3420 588 3491 ἰόν,
605 3417 639 3482 τδ
655 3421 688 3482 δὲ
703 3417 845 3500 τέτρατον
860 3421 941 3482 ἵκετο
956 3415 1080 3499 τέκμωρ,
1125 3447 1129 3457 ·
1158 3443 1189 3477 ιο

247 3519 350 3603 Αἰγάς
368 3521 442 3584 ἔνθα
457 3519 490 3583 δέ
505 3523 534 3584 οί
551 3525 644 3585 κλυτά
660 3522 781 3602 δόματα
796 3518 923 3601 βένθεσι
938 3521 1044 3600 λίμνης

246 3622 362 3706 χρύσεα
375 3624 580 3705 μαρμαίροντα
596 3624 782 3707 τετεύχαται,
799 3623 914 3704 ἄφθιτα
930 3624 997 3687 αἰεί.

248 3725 308 3789 ἔνθ’
325 3726 422 3788 έλθδν
436 3724 484 3787 ὑπ’
502 3726 617 3807 ὄχεσφι
632 3727 790 3789 τιτύσκετο
805 3726 970 3808 χαλκοποδ’
988 3729 1079 3800 ἵππω,
