<?xml version="1.0" encoding="UTF-8"?>
<!DOCTYPE html PUBLIC "-//W3C//DTD XHTML 1.0 Transitional//EN"
    "http://www.w3.org/TR/xhtml1/DTD/xhtml1-transitional.dtd">
<html xmlns="http://www.w3.org/1999/xhtml" xml:lang="en" lang="en">
 <head>
  <title>
</title>
<meta http-equiv="Content-Type" content="text/html;charset=utf-8" />
  <meta name='ocr-system' content='tesseract 3.04.00' />
  <meta name='ocr-capabilities' content='ocr_page ocr_carea ocr_par ocr_line ocrx_word'/>
</head>
<body>
  <div class='ocr_page' id='page_1' title='image "./homerioperaetre00homegoog_0631.png"; bbox 0 0 2874 4234; ppageno 0'>
   <div class='ocr_carea' id='block_1_1' title="bbox 283 306 938 372">
    <p class='ocr_par' dir='ltr' id='par_1_1' title="bbox 283 306 938 372">
     <span class='ocr_line' id='line_1_1' title="bbox 283 306 938 372; baseline 0.002 -2"><span class='ocrx_word' id='word_1_1' title='bbox 283 310 347 372; x_wconf 83' lang='lat'>626</span> <span class='ocrx_word' id='word_1_2' title='bbox 575 306 604 370; x_wconf 89' lang='lat'>8.</span> <span class='ocrx_word' id='word_1_3' title='bbox 635 311 868 372; x_wconf 78' lang='grc' dir='ltr'>ΟΔΎΣΣΒΙΛΣ</span> <span class='ocrx_word' id='word_1_4' title='bbox 900 312 938 372; x_wconf 88' lang='grc' dir='ltr'>Θ.</span> 
     </span>
    </p>
   </div>
   <div class='ocr_carea' id='block_1_2' title="bbox 278 476 1229 2426">
    <p class='ocr_par' dir='ltr' id='par_1_2' title="bbox 279 476 1229 1803">
     <span class='ocr_line' id='line_1_2' title="bbox 283 476 1229 559; baseline 0 -21"><span class='ocrx_word' id='word_1_5' title='bbox 283 480 312 540; x_wconf 83' lang='grc' dir='ltr'>οἱ</span> <span class='ocrx_word' id='word_1_6' title='bbox 327 477 352 541; x_wconf 85' lang='grc' dir='ltr'>δ’</span> <span class='ocrx_word' id='word_1_7' title='bbox 367 476 387 556; x_wconf 75' lang='grc' dir='ltr'><em>ἦ</em></span> <span class='ocrx_word' id='word_1_8' title='bbox 401 502 448 540; x_wconf 94' lang='grc' dir='ltr'>τοι</span> <span class='ocrx_word' id='word_1_9' title='bbox 463 483 581 558; x_wconf 82' lang='grc' dir='ltr'>πρῶτον</span> <span class='ocrx_word' id='word_1_10' title='bbox 594 480 650 559; x_wconf 72' lang='grc' dir='ltr'>μὲν</span> <span class='ocrx_word' id='word_1_11' title='bbox 666 477 865 559; x_wconf 85' lang='grc' dir='ltr'>ἐπειρήσαντο</span> <span class='ocrx_word' id='word_1_12' title='bbox 880 479 1019 542; x_wconf 90' lang='grc' dir='ltr'>πόδεσσι.</span> <span class='ocrx_word' id='word_1_13' title='bbox 1181 503 1229 538; x_wconf 82' lang='lat'>120</span> 
     </span>
     <span class='ocr_line' id='line_1_3' title="bbox 281 580 1163 663; baseline 0.006 -21"><span class='ocrx_word' id='word_1_14' title='bbox 281 586 362 644; x_wconf 86' lang='grc' dir='ltr'>τοῖσι</span> <span class='ocrx_word' id='word_1_15' title='bbox 377 581 403 644; x_wconf 85' lang='grc' dir='ltr'>δ’</span> <span class='ocrx_word' id='word_1_16' title='bbox 418 583 477 644; x_wconf 82' lang='grc' dir='ltr'>ἀπὸ</span> <span class='ocrx_word' id='word_1_17' title='bbox 493 582 607 662; x_wconf 93' lang='grc' dir='ltr'>νύσσης</span> <span class='ocrx_word' id='word_1_18' title='bbox 622 584 728 648; x_wconf 90' lang='grc' dir='ltr'>τέτατο</span> <span class='ocrx_word' id='word_1_19' title='bbox 743 583 860 663; x_wconf 82' lang='grc' dir='ltr'>δρόμος·</span> <span class='ocrx_word' id='word_1_20' title='bbox 892 584 921 645; x_wconf 89' lang='grc' dir='ltr'>οί</span> <span class='ocrx_word' id='word_1_21' title='bbox 937 581 962 645; x_wconf 90' lang='grc' dir='ltr'>δ’</span> <span class='ocrx_word' id='word_1_22' title='bbox 978 580 1038 660; x_wconf 80' lang='grc' dir='ltr'>ἅμα</span> <span class='ocrx_word' id='word_1_23' title='bbox 1054 580 1163 647; x_wconf 89' lang='grc' dir='ltr'>πάντες</span> 
     </span>
     <span class='ocr_line' id='line_1_4' title="bbox 282 685 938 764; baseline 0.003 -18"><span class='ocrx_word' id='word_1_24' title='bbox 282 685 476 764; x_wconf 81' lang='grc' dir='ltr'>καρπαλίμως</span> <span class='ocrx_word' id='word_1_25' title='bbox 491 687 633 750; x_wconf 92' lang='grc' dir='ltr'>ἐπέτοντο</span> <span class='ocrx_word' id='word_1_26' title='bbox 649 689 798 752; x_wconf 78' lang='grc' dir='ltr'>κονίοντες</span> <span class='ocrx_word' id='word_1_27' title='bbox 814 689 938 750; x_wconf 90' lang='grc' dir='ltr'>πεδίοιο.</span> 
     </span>
     <span class='ocr_line' id='line_1_5' title="bbox 281 787 1090 873; baseline 0.007 -26"><span class='ocrx_word' id='word_1_28' title='bbox 281 793 340 850; x_wconf 81' lang='grc' dir='ltr'>τῶν</span> <span class='ocrx_word' id='word_1_29' title='bbox 357 791 389 852; x_wconf 81' lang='grc' dir='ltr'>δὲ</span> <span class='ocrx_word' id='word_1_30' title='bbox 406 787 485 854; x_wconf 81' lang='grc' dir='ltr'>θέειν</span> <span class='ocrx_word' id='word_1_31' title='bbox 501 791 549 873; x_wconf 88' lang='grc' dir='ltr'>ὄχ’</span> <span class='ocrx_word' id='word_1_32' title='bbox 563 791 685 872; x_wconf 81' lang='grc' dir='ltr'>ἄριστος</span> <span class='ocrx_word' id='word_1_33' title='bbox 702 791 755 870; x_wconf 88' lang='grc' dir='ltr'>έην</span> <span class='ocrx_word' id='word_1_34' title='bbox 771 791 942 868; x_wconf 85' lang='grc' dir='ltr'>Κλυτόνηος</span> <span class='ocrx_word' id='word_1_35' title='bbox 957 789 1090 868; x_wconf 88' lang='grc' dir='ltr'>ἀμύμων·</span> 
     </span>
     <span class='ocr_line' id='line_1_6' title="bbox 281 891 926 979; baseline 0.008 -28"><span class='ocrx_word' id='word_1_36' title='bbox 281 891 379 956; x_wconf 85' lang='grc' dir='ltr'>ὅσσον</span> <span class='ocrx_word' id='word_1_37' title='bbox 394 893 419 956; x_wconf 91' lang='grc' dir='ltr'>τ’</span> <span class='ocrx_word' id='word_1_38' title='bbox 435 895 468 957; x_wconf 92' lang='grc' dir='ltr'>ἐν</span> <span class='ocrx_word' id='word_1_39' title='bbox 483 895 553 979; x_wconf 73' lang='grc' dir='ltr'>νειῷ</span> <span class='ocrx_word' id='word_1_40' title='bbox 568 895 655 976; x_wconf 89' lang='grc' dir='ltr'>οὐρον</span> <span class='ocrx_word' id='word_1_41' title='bbox 669 894 757 958; x_wconf 88' lang='grc' dir='ltr'>πέλει</span> <span class='ocrx_word' id='word_1_42' title='bbox 772 894 926 973; x_wconf 79' lang='grc' dir='ltr'>ἡμιόνοιιν,</span> 
     </span>
     <span class='ocr_line' id='line_1_7' title="bbox 280 995 1227 1078; baseline 0.002 -22"><span class='ocrx_word' id='word_1_43' title='bbox 280 997 396 1059; x_wconf 92' lang='grc' dir='ltr'>τόσσον</span> <span class='ocrx_word' id='word_1_44' title='bbox 411 998 623 1078; x_wconf 78' lang='grc' dir='ltr'>ὑπεκπροθέων</span> <span class='ocrx_word' id='word_1_45' title='bbox 637 997 728 1063; x_wconf 87' lang='grc' dir='ltr'>λαούς</span> <span class='ocrx_word' id='word_1_46' title='bbox 744 997 828 1074; x_wconf 76' lang='grc' dir='ltr'>ἵκεθ’,</span> <span class='ocrx_word' id='word_1_47' title='bbox 846 999 874 1059; x_wconf 83' lang='grc' dir='ltr'>οί</span> <span class='ocrx_word' id='word_1_48' title='bbox 890 995 915 1059; x_wconf 91' lang='grc' dir='ltr'>δ’</span> <span class='ocrx_word' id='word_1_49' title='bbox 931 995 1082 1059; x_wconf 92' lang='grc' dir='ltr'>ἐλίποντο.</span> <span class='ocrx_word' id='word_1_50' title='bbox 1181 1022 1227 1073; x_wconf 82' lang='lat'>1²5</span> 
     </span>
     <span class='ocr_line' id='line_1_8' title="bbox 281 1098 980 1183; baseline 0 -22"><span class='ocrx_word' id='word_1_51' title='bbox 281 1100 310 1160; x_wconf 76' lang='grc' dir='ltr'>οἱ</span> <span class='ocrx_word' id='word_1_52' title='bbox 325 1102 359 1162; x_wconf 79' lang='grc' dir='ltr'>δὲ</span> <span class='ocrx_word' id='word_1_53' title='bbox 375 1101 603 1180; x_wconf 79' lang='grc' dir='ltr'>παλαιμοσύνης</span> <span class='ocrx_word' id='word_1_54' title='bbox 618 1101 775 1183; x_wconf 78' lang='grc' dir='ltr'>ἀλεγεινῆς</span> <span class='ocrx_word' id='word_1_55' title='bbox 789 1098 980 1180; x_wconf 86' lang='grc' dir='ltr'>πειρήσαντο·</span> 
     </span>
     <span class='ocr_line' id='line_1_9' title="bbox 281 1202 1090 1286; baseline 0.005 -22"><span class='ocrx_word' id='word_1_56' title='bbox 281 1203 318 1286; x_wconf 76' lang='grc' dir='ltr'>τῇ</span> <span class='ocrx_word' id='word_1_57' title='bbox 333 1203 359 1266; x_wconf 92' lang='grc' dir='ltr'>δ’</span> <span class='ocrx_word' id='word_1_58' title='bbox 374 1203 437 1265; x_wconf 84' lang='grc' dir='ltr'>οὐτ’</span> <span class='ocrx_word' id='word_1_59' title='bbox 453 1205 607 1285; x_wconf 82' lang='grc' dir='ltr'>Εὐρύαλος</span> <span class='ocrx_word' id='word_1_60' title='bbox 623 1206 801 1268; x_wconf 83' lang='grc' dir='ltr'>ἀπεκαίνυτο</span> <span class='ocrx_word' id='word_1_61' title='bbox 818 1202 930 1268; x_wconf 86' lang='grc' dir='ltr'>πάντας</span> <span class='ocrx_word' id='word_1_62' title='bbox 945 1203 1090 1282; x_wconf 89' lang='grc' dir='ltr'>ἀρίστους.</span> 
     </span>
     <span class='ocr_line' id='line_1_10' title="bbox 281 1304 1158 1388; baseline 0 -20"><span class='ocrx_word' id='word_1_63' title='bbox 281 1306 393 1383; x_wconf 88' lang='grc' dir='ltr'>άλματι</span> <span class='ocrx_word' id='word_1_64' title='bbox 408 1307 434 1370; x_wconf 93' lang='grc' dir='ltr'>δ’</span> <span class='ocrx_word' id='word_1_65' title='bbox 449 1307 619 1388; x_wconf 87' lang='grc' dir='ltr'>Ἀμφίαλος</span> <span class='ocrx_word' id='word_1_66' title='bbox 635 1307 753 1371; x_wconf 89' lang='grc' dir='ltr'>πάντων</span> <span class='ocrx_word' id='word_1_67' title='bbox 769 1307 1010 1388; x_wconf 76' lang='grc' dir='ltr'>προφερέστατος</span> <span class='ocrx_word' id='word_1_68' title='bbox 1025 1304 1087 1384; x_wconf 73' lang='grc' dir='ltr'>ἦεν·</span> <span class='ocrx_word' id='word_1_69' title='bbox 1156 1329 1158 1336; x_wconf 75' lang='grc'>’</span> 
     </span>
     <span class='ocr_line' id='line_1_11' title="bbox 282 1409 1116 1495; baseline 0.006 -24"><span class='ocrx_word' id='word_1_70' title='bbox 282 1412 374 1495; x_wconf 85' lang='grc' dir='ltr'>δίσκῳ</span> <span class='ocrx_word' id='word_1_71' title='bbox 392 1411 418 1475; x_wconf 92' lang='grc' dir='ltr'>δ’</span> <span class='ocrx_word' id='word_1_72' title='bbox 434 1411 476 1474; x_wconf 80' lang='grc' dir='ltr'>αὐ</span> <span class='ocrx_word' id='word_1_73' title='bbox 487 1411 608 1476; x_wconf 90' lang='grc' dir='ltr'>πάντων</span> <span class='ocrx_word' id='word_1_74' title='bbox 624 1412 701 1476; x_wconf 83' lang='grc' dir='ltr'>πολὺ</span> <span class='ocrx_word' id='word_1_75' title='bbox 717 1411 862 1493; x_wconf 90' lang='grc' dir='ltr'>φέρτατος</span> <span class='ocrx_word' id='word_1_76' title='bbox 877 1410 929 1489; x_wconf 81' lang='grc' dir='ltr'>ἦεν</span> <span class='ocrx_word' id='word_1_77' title='bbox 943 1409 1116 1490; x_wconf 86' lang='grc' dir='ltr'>Ἐλατρεύς,</span> 
     </span>
     <span class='ocr_line' id='line_1_12' title="bbox 281 1513 1226 1596; baseline 0.001 -20"><span class='ocrx_word' id='word_1_78' title='bbox 281 1513 343 1592; x_wconf 84' lang='grc' dir='ltr'>πὺξ</span> <span class='ocrx_word' id='word_1_79' title='bbox 358 1514 383 1578; x_wconf 90' lang='grc' dir='ltr'>δ’</span> <span class='ocrx_word' id='word_1_80' title='bbox 401 1515 438 1578; x_wconf 83' lang='grc' dir='ltr'>αὐ</span> <span class='ocrx_word' id='word_1_81' title='bbox 453 1514 622 1595; x_wconf 83' lang='grc' dir='ltr'>Λαοδάμας,</span> <span class='ocrx_word' id='word_1_82' title='bbox 640 1517 750 1596; x_wconf 85' lang='grc' dir='ltr'>ἀγαθὸς</span> <span class='ocrx_word' id='word_1_83' title='bbox 768 1515 838 1581; x_wconf 83' lang='grc' dir='ltr'>πάϊς</span> <span class='ocrx_word' id='word_1_84' title='bbox 853 1514 1033 1577; x_wconf 88' lang='grc' dir='ltr'>Ἀλκινόοιο.</span> <span class='ocrx_word' id='word_1_85' title='bbox 1177 1542 1226 1590; x_wconf 83' lang='lat'>130</span> 
     </span>
     <span class='ocr_line' id='line_1_13' title="bbox 280 1616 1080 1700; baseline 0.001 -20"><span class='ocrx_word' id='word_1_86' title='bbox 280 1617 372 1697; x_wconf 81' lang='grc' dir='ltr'>αὐτὰρ</span> <span class='ocrx_word' id='word_1_87' title='bbox 387 1619 452 1682; x_wconf 85' lang='grc' dir='ltr'>ἐπεὶ</span> <span class='ocrx_word' id='word_1_88' title='bbox 468 1620 504 1698; x_wconf 77' lang='grc' dir='ltr'>δὴ</span> <span class='ocrx_word' id='word_1_89' title='bbox 519 1620 630 1685; x_wconf 90' lang='grc' dir='ltr'>πάντες</span> <span class='ocrx_word' id='word_1_90' title='bbox 644 1618 834 1700; x_wconf 76' lang='grc' dir='ltr'>ἐτέρφθησαν</span> <span class='ocrx_word' id='word_1_91' title='bbox 850 1616 934 1698; x_wconf 83' lang='grc' dir='ltr'>φρέν’</span> <span class='ocrx_word' id='word_1_92' title='bbox 950 1617 1080 1694; x_wconf 91' lang='grc' dir='ltr'>ἀέθλοις,</span> 
     </span>
     <span class='ocr_line' id='line_1_14' title="bbox 279 1720 1007 1803; baseline 0.001 -22"><span class='ocrx_word' id='word_1_93' title='bbox 279 1726 341 1786; x_wconf 88' lang='grc' dir='ltr'>τοῖς</span> <span class='ocrx_word' id='word_1_94' title='bbox 357 1720 413 1801; x_wconf 82' lang='grc' dir='ltr'>ἀρα</span> <span class='ocrx_word' id='word_1_95' title='bbox 428 1723 588 1803; x_wconf 83' lang='grc' dir='ltr'>Λαοδάμας</span> <span class='ocrx_word' id='word_1_96' title='bbox 602 1722 727 1803; x_wconf 88' lang='grc' dir='ltr'>μετέφη,</span> <span class='ocrx_word' id='word_1_97' title='bbox 743 1722 813 1786; x_wconf 87' lang='grc' dir='ltr'>πάϊς</span> <span class='ocrx_word' id='word_1_98' title='bbox 828 1721 1007 1782; x_wconf 88' lang='grc' dir='ltr'>Ἀλκινόοιο·</span> 
     </span>
    </p>

    <p class='ocr_par' dir='ltr' id='par_1_3' title="bbox 278 1821 1224 2426">
     <span class='ocr_line' id='line_1_15' title="bbox 324 1821 1140 1907; baseline 0.002 -20"><span class='ocrx_word' id='word_1_99' title='bbox 324 1829 345 1858; x_wconf 85' lang='grc'><strong>“</strong></span> <span class='ocrx_word' id='word_1_100' title='bbox 355 1830 459 1901; x_wconf 84' lang='grc' dir='ltr'>Δεῦτε,</span> <span class='ocrx_word' id='word_1_101' title='bbox 476 1828 572 1907; x_wconf 88' lang='grc' dir='ltr'>φίλοι,</span> <span class='ocrx_word' id='word_1_102' title='bbox 588 1827 641 1892; x_wconf 87' lang='grc' dir='ltr'>τὸν</span> <span class='ocrx_word' id='word_1_103' title='bbox 656 1824 753 1906; x_wconf 82' lang='grc' dir='ltr'>ξεῖνον</span> <span class='ocrx_word' id='word_1_104' title='bbox 769 1825 902 1906; x_wconf 77' lang='grc' dir='ltr'>ἐρώμεθα</span> <span class='ocrx_word' id='word_1_105' title='bbox 917 1823 945 1886; x_wconf 90' lang='grc' dir='ltr'>εί</span> <span class='ocrx_word' id='word_1_106' title='bbox 956 1821 1011 1886; x_wconf 92' lang='grc' dir='ltr'>τιν’</span> <span class='ocrx_word' id='word_1_107' title='bbox 1026 1822 1140 1889; x_wconf 77' lang='grc' dir='ltr'>ἄεθλον</span> 
     </span>
     <span class='ocr_line' id='line_1_16' title="bbox 280 1926 1082 2011; baseline -0.001 -21"><span class='ocrx_word' id='word_1_108' title='bbox 280 1927 343 1991; x_wconf 85' lang='grc' dir='ltr'>οἶδέ</span> <span class='ocrx_word' id='word_1_109' title='bbox 357 1952 390 1992; x_wconf 95' lang='grc' dir='ltr'>τε</span> <span class='ocrx_word' id='word_1_110' title='bbox 410 1926 457 1992; x_wconf 79' lang='grc' dir='ltr'>καὶ</span> <span class='ocrx_word' id='word_1_111' title='bbox 473 1929 607 2008; x_wconf 86' lang='grc' dir='ltr'>δεδάηκε·</span> <span class='ocrx_word' id='word_1_112' title='bbox 638 1928 718 2010; x_wconf 80' lang='grc' dir='ltr'>φυήν</span> <span class='ocrx_word' id='word_1_113' title='bbox 732 1955 768 2011; x_wconf 91' lang='grc' dir='ltr'>γε</span> <span class='ocrx_word' id='word_1_114' title='bbox 782 1931 838 2009; x_wconf 75' lang='grc' dir='ltr'>μὲν</span> <span class='ocrx_word' id='word_1_115' title='bbox 849 1928 881 1991; x_wconf 92' lang='grc' dir='ltr'>οὐ</span> <span class='ocrx_word' id='word_1_116' title='bbox 898 1929 987 1992; x_wconf 86' lang='grc' dir='ltr'>κακός</span> <span class='ocrx_word' id='word_1_117' title='bbox 1006 1928 1082 2004; x_wconf 88' lang='grc' dir='ltr'>ἐστι,</span> 
     </span>
     <span class='ocr_line' id='line_1_17' title="bbox 278 2031 1224 2114; baseline -0.002 -20"><span class='ocrx_word' id='word_1_118' title='bbox 278 2031 390 2111; x_wconf 91' lang='grc' dir='ltr'>μηρούς</span> <span class='ocrx_word' id='word_1_119' title='bbox 405 2057 439 2096; x_wconf 94' lang='grc' dir='ltr'>τε</span> <span class='ocrx_word' id='word_1_120' title='bbox 455 2032 567 2113; x_wconf 82' lang='grc' dir='ltr'>κνήμας</span> <span class='ocrx_word' id='word_1_121' title='bbox 583 2059 615 2098; x_wconf 91' lang='grc' dir='ltr'>τε</span> <span class='ocrx_word' id='word_1_122' title='bbox 631 2031 679 2096; x_wconf 83' lang='grc' dir='ltr'>καὶ</span> <span class='ocrx_word' id='word_1_123' title='bbox 694 2032 784 2113; x_wconf 77' lang='grc' dir='ltr'>ἄμφω</span> <span class='ocrx_word' id='word_1_124' title='bbox 799 2036 902 2114; x_wconf 85' lang='grc' dir='ltr'>χεῖρας</span> <span class='ocrx_word' id='word_1_125' title='bbox 916 2031 1042 2109; x_wconf 83' lang='grc' dir='ltr'>ὕπερθεν</span> <span class='ocrx_word' id='word_1_126' title='bbox 1177 2057 1186 2092; x_wconf 84' lang='grc' dir='ltr'>ι</span> <span class='ocrx_word' id='word_1_127' title='bbox 1194 2059 1224 2108; x_wconf 82' lang='lat'>35</span> 
     </span>
     <span class='ocr_line' id='line_1_18' title="bbox 279 2132 1120 2219; baseline 0.006 -23"><span class='ocrx_word' id='word_1_128' title='bbox 279 2133 393 2217; x_wconf 88' lang='grc' dir='ltr'>αὐχένα</span> <span class='ocrx_word' id='word_1_129' title='bbox 407 2161 441 2200; x_wconf 93' lang='grc' dir='ltr'>τε</span> <span class='ocrx_word' id='word_1_130' title='bbox 456 2137 606 2218; x_wconf 85' lang='grc' dir='ltr'>στιβαρὸν</span> <span class='ocrx_word' id='word_1_131' title='bbox 619 2139 696 2219; x_wconf 90' lang='grc' dir='ltr'>μέγα</span> <span class='ocrx_word' id='word_1_132' title='bbox 714 2162 747 2200; x_wconf 93' lang='grc' dir='ltr'>τε</span> <span class='ocrx_word' id='word_1_133' title='bbox 765 2134 882 2201; x_wconf 83' lang='grc' dir='ltr'>σθένος·</span> <span class='ocrx_word' id='word_1_134' title='bbox 913 2132 981 2197; x_wconf 87' lang='grc' dir='ltr'>οὐδέ</span> <span class='ocrx_word' id='word_1_135' title='bbox 996 2157 1025 2195; x_wconf 94' lang='grc' dir='ltr'>τι</span> <span class='ocrx_word' id='word_1_136' title='bbox 1039 2133 1120 2212; x_wconf 78' lang='grc' dir='ltr'>ἥβης</span> 
     </span>
     <span class='ocr_line' id='line_1_19' title="bbox 279 2236 1038 2321; baseline -0.003 -20"><span class='ocrx_word' id='word_1_137' title='bbox 279 2239 403 2318; x_wconf 75' lang='grc' dir='ltr'>δαίεται,</span> <span class='ocrx_word' id='word_1_138' title='bbox 419 2241 501 2304; x_wconf 79' lang='grc' dir='ltr'>ἀλλὰ</span> <span class='ocrx_word' id='word_1_139' title='bbox 517 2246 636 2305; x_wconf 84' lang='grc' dir='ltr'>κακοῖσι</span> <span class='ocrx_word' id='word_1_140' title='bbox 652 2240 845 2321; x_wconf 87' lang='grc' dir='ltr'>συνέρρηκται</span> <span class='ocrx_word' id='word_1_141' title='bbox 862 2236 1038 2301; x_wconf 88' lang='grc' dir='ltr'>πολέεσσιν.</span> 
     </span>
     <span class='ocr_line' id='line_1_20' title="bbox 279 2339 1095 2426; baseline 0.004 -22"><span class='ocrx_word' id='word_1_142' title='bbox 279 2342 386 2424; x_wconf 86' lang='grc' dir='ltr'>οὐγὰρ</span> <span class='ocrx_word' id='word_1_143' title='bbox 403 2345 462 2426; x_wconf 91' lang='grc' dir='ltr'>ἐγώ</span> <span class='ocrx_word' id='word_1_144' title='bbox 478 2343 514 2426; x_wconf 92' lang='grc' dir='ltr'>γέ</span> <span class='ocrx_word' id='word_1_145' title='bbox 528 2346 559 2407; x_wconf 89' lang='grc' dir='ltr'>τί</span> <span class='ocrx_word' id='word_1_146' title='bbox 572 2352 651 2425; x_wconf 91' lang='grc' dir='ltr'>φημι</span> <span class='ocrx_word' id='word_1_147' title='bbox 666 2345 830 2424; x_wconf 79' lang='grc' dir='ltr'>κακώτερον</span> <span class='ocrx_word' id='word_1_148' title='bbox 844 2341 923 2404; x_wconf 86' lang='grc' dir='ltr'>ἀλλο</span> <span class='ocrx_word' id='word_1_149' title='bbox 937 2339 1095 2420; x_wconf 89' lang='grc' dir='ltr'>θαλάσσης</span> 
     </span>
    </p>
   </div>
   <div class='ocr_carea' id='block_1_3' title="bbox 279 2442 1227 3153">
    <p class='ocr_par' dir='ltr' id='par_1_4' title="bbox 279 2442 1227 3153">
     <span class='ocr_line' id='line_1_21' title="bbox 279 2442 1051 2532; baseline 0.004 -25"><span class='ocrx_word' id='word_1_150' title='bbox 279 2445 372 2526; x_wconf 80' lang='grc' dir='ltr'>ἄνδρα</span> <span class='ocrx_word' id='word_1_151' title='bbox 388 2473 424 2529; x_wconf 90' lang='grc' dir='ltr'>γε</span> <span class='ocrx_word' id='word_1_152' title='bbox 440 2452 599 2532; x_wconf 82' lang='grc' dir='ltr'>συγχεῦαι,</span> <span class='ocrx_word' id='word_1_153' title='bbox 617 2451 643 2512; x_wconf 90' lang='grc' dir='ltr'>εί</span> <span class='ocrx_word' id='word_1_154' title='bbox 659 2449 707 2512; x_wconf 87' lang='grc' dir='ltr'>καὶ</span> <span class='ocrx_word' id='word_1_155' title='bbox 720 2446 803 2528; x_wconf 87' lang='grc' dir='ltr'>μάλα</span> <span class='ocrx_word' id='word_1_156' title='bbox 819 2451 959 2528; x_wconf 88' lang='grc' dir='ltr'>καρτερὸς</span> <span class='ocrx_word' id='word_1_157' title='bbox 975 2442 1051 2525; x_wconf 83' lang='grc' dir='ltr'>είη.”</span> 
     </span>
     <span class='ocr_line' id='line_1_22' title="bbox 322 2549 1227 2632; baseline -0.001 -21"><span class='ocrx_word' id='word_1_158' title='bbox 322 2549 384 2613; x_wconf 90' lang='grc' dir='ltr'>Τδν</span> <span class='ocrx_word' id='word_1_159' title='bbox 400 2550 425 2613; x_wconf 90' lang='grc' dir='ltr'>δ’</span> <span class='ocrx_word' id='word_1_160' title='bbox 441 2551 503 2613; x_wconf 86' lang='grc' dir='ltr'>οὐτ’</span> <span class='ocrx_word' id='word_1_161' title='bbox 519 2551 672 2632; x_wconf 81' lang='grc' dir='ltr'>Εὐρύαλος</span> <span class='ocrx_word' id='word_1_162' title='bbox 688 2553 873 2632; x_wconf 82' lang='grc' dir='ltr'>ἀπαμείβετο</span> <span class='ocrx_word' id='word_1_163' title='bbox 885 2551 1029 2629; x_wconf 82' lang='grc' dir='ltr'>φώνησέν</span> <span class='ocrx_word' id='word_1_164' title='bbox 1044 2570 1086 2614; x_wconf 92' lang='grc' dir='ltr'>τε·</span> <span class='ocrx_word' id='word_1_165' title='bbox 1177 2576 1227 2628; x_wconf 90' lang='lat'>140</span> 
     </span>
     <span class='ocr_line' id='line_1_23' title="bbox 280 2653 1087 2734; baseline 0.001 -19"><span class='ocrx_word' id='word_1_166' title='bbox 280 2659 301 2688; x_wconf 91' lang='lat'><em>“</em></span> <span class='ocrx_word' id='word_1_167' title='bbox 311 2653 465 2733; x_wconf 87' lang='grc' dir='ltr'>Λαοδάμα,</span> <span class='ocrx_word' id='word_1_168' title='bbox 480 2654 563 2733; x_wconf 91' lang='grc' dir='ltr'>μάλα</span> <span class='ocrx_word' id='word_1_169' title='bbox 578 2660 665 2718; x_wconf 92' lang='grc' dir='ltr'>τοῦτο</span> <span class='ocrx_word' id='word_1_170' title='bbox 681 2656 753 2721; x_wconf 89' lang='grc' dir='ltr'>έπος</span> <span class='ocrx_word' id='word_1_171' title='bbox 770 2657 843 2717; x_wconf 79' lang='grc' dir='ltr'>κατὰ</span> <span class='ocrx_word' id='word_1_172' title='bbox 855 2658 962 2734; x_wconf 85' lang='grc' dir='ltr'>μοῖραν</span> <span class='ocrx_word' id='word_1_173' title='bbox 978 2655 1087 2720; x_wconf 89' lang='grc' dir='ltr'>έειπες.</span> 
     </span>
     <span class='ocr_line' id='line_1_24' title="bbox 280 2754 1082 2838; baseline 0 -17"><span class='ocrx_word' id='word_1_174' title='bbox 280 2757 368 2824; x_wconf 88' lang='grc' dir='ltr'>αὐτὸς</span> <span class='ocrx_word' id='word_1_175' title='bbox 384 2762 437 2822; x_wconf 93' lang='grc' dir='ltr'>νῦν</span> <span class='ocrx_word' id='word_1_176' title='bbox 451 2757 661 2838; x_wconf 87' lang='grc' dir='ltr'>προκάλεσσαι</span> <span class='ocrx_word' id='word_1_177' title='bbox 677 2760 731 2821; x_wconf 77' lang='grc' dir='ltr'>ἰὼν</span> <span class='ocrx_word' id='word_1_178' title='bbox 746 2759 794 2822; x_wconf 85' lang='grc' dir='ltr'>καὶ</span> <span class='ocrx_word' id='word_1_179' title='bbox 809 2756 944 2838; x_wconf 88' lang='grc' dir='ltr'>πέφραδε</span> <span class='ocrx_word' id='word_1_180' title='bbox 958 2754 1082 2837; x_wconf 90' lang='grc' dir='ltr'>μῦθον.”</span> 
     </span>
     <span class='ocr_line' id='line_1_25' title="bbox 324 2859 1122 2944; baseline -0.003 -19"><span class='ocrx_word' id='word_1_181' title='bbox 324 2863 424 2943; x_wconf 77' lang='grc' dir='ltr'>Αὐτὰρ</span> <span class='ocrx_word' id='word_1_182' title='bbox 439 2863 505 2926; x_wconf 84' lang='grc' dir='ltr'>ἐπεὶ</span> <span class='ocrx_word' id='word_1_183' title='bbox 521 2863 556 2924; x_wconf 91' lang='grc' dir='ltr'>τό</span> <span class='ocrx_word' id='word_1_184' title='bbox 570 2862 599 2944; x_wconf 91' lang='grc' dir='ltr'>γ’</span> <span class='ocrx_word' id='word_1_185' title='bbox 614 2862 716 2926; x_wconf 81' lang='grc' dir='ltr'>ἀκουσ’</span> <span class='ocrx_word' id='word_1_186' title='bbox 731 2863 842 2944; x_wconf 86' lang='grc' dir='ltr'>ἀγαθὸς</span> <span class='ocrx_word' id='word_1_187' title='bbox 857 2859 927 2926; x_wconf 88' lang='grc' dir='ltr'>πάϊς</span> <span class='ocrx_word' id='word_1_188' title='bbox 941 2861 1122 2938; x_wconf 91' lang='grc' dir='ltr'>Ἀλκινόοιο,</span> 
     </span>
     <span class='ocr_line' id='line_1_26' title="bbox 281 2963 1062 3049; baseline 0 -21"><span class='ocrx_word' id='word_1_189' title='bbox 281 2969 337 3044; x_wconf 87' lang='grc' dir='ltr'>στῆ</span> <span class='ocrx_word' id='word_1_190' title='bbox 353 2967 383 3049; x_wconf 82' lang='grc' dir='ltr'>ῤ’</span> <span class='ocrx_word' id='word_1_191' title='bbox 399 2969 430 3033; x_wconf 88' lang='grc' dir='ltr'>ἐς</span> <span class='ocrx_word' id='word_1_192' title='bbox 444 2967 563 3046; x_wconf 87' lang='grc' dir='ltr'>μέσσον</span> <span class='ocrx_word' id='word_1_193' title='bbox 582 2967 635 3030; x_wconf 81' lang='grc' dir='ltr'>ίδν</span> <span class='ocrx_word' id='word_1_194' title='bbox 651 2963 699 3029; x_wconf 79' lang='grc' dir='ltr'>καὶ</span> <span class='ocrx_word' id='word_1_195' title='bbox 720 2967 876 3043; x_wconf 84' lang='grc' dir='ltr'>Ὀδυσσῆα</span> <span class='ocrx_word' id='word_1_196' title='bbox 891 2964 1062 3046; x_wconf 91' lang='grc' dir='ltr'>προσέειπε·</span> 
     </span>
     <span class='ocr_line' id='line_1_27' title="bbox 323 3067 1226 3153; baseline -0.002 -21"><span class='ocrx_word' id='word_1_197' title='bbox 323 3073 339 3101; x_wconf 88' lang='grc'><em>“</em></span> <span class='ocrx_word' id='word_1_198' title='bbox 349 3070 438 3151; x_wconf 91' lang='grc' dir='ltr'>Δεῦρ’</span> <span class='ocrx_word' id='word_1_199' title='bbox 453 3070 509 3153; x_wconf 86' lang='grc' dir='ltr'>ἀγε</span> <span class='ocrx_word' id='word_1_200' title='bbox 525 3072 574 3134; x_wconf 84' lang='grc' dir='ltr'>καὶ</span> <span class='ocrx_word' id='word_1_201' title='bbox 591 3071 638 3146; x_wconf 89' lang='grc' dir='ltr'>ού,</span> <span class='ocrx_word' id='word_1_202' title='bbox 655 3070 733 3149; x_wconf 79' lang='grc' dir='ltr'>ξεῖνε</span> <span class='ocrx_word' id='word_1_203' title='bbox 749 3068 851 3149; x_wconf 89' lang='grc' dir='ltr'>πάτερ,</span> <span class='ocrx_word' id='word_1_204' title='bbox 866 3071 1008 3149; x_wconf 91' lang='grc' dir='ltr'>πείρησαι</span> <span class='ocrx_word' id='word_1_205' title='bbox 1024 3067 1149 3148; x_wconf 86' lang='grc' dir='ltr'>ἀέθλων,</span> <span class='ocrx_word' id='word_1_206' title='bbox 1178 3096 1226 3148; x_wconf 87' lang='lat'>145</span> 
     </span>
    </p>
   </div>
   <div class='ocr_carea' id='block_1_4' title="bbox 280 3171 1226 3772">
    <p class='ocr_par' dir='ltr' id='par_1_5' title="bbox 281 3171 1084 3254">
     <span class='ocr_line' id='line_1_28' title="bbox 281 3171 1084 3254; baseline 0.002 -21"><span class='ocrx_word' id='word_1_207' title='bbox 281 3171 310 3233; x_wconf 86' lang='grc' dir='ltr'>εί</span> <span class='ocrx_word' id='word_1_208' title='bbox 323 3172 390 3235; x_wconf 90' lang='grc' dir='ltr'>τινά</span> <span class='ocrx_word' id='word_1_209' title='bbox 404 3199 462 3236; x_wconf 94' lang='grc' dir='ltr'>που</span> <span class='ocrx_word' id='word_1_210' title='bbox 477 3175 629 3254; x_wconf 89' lang='grc' dir='ltr'>δεδάηκας·</span> <span class='ocrx_word' id='word_1_211' title='bbox 662 3174 740 3237; x_wconf 87' lang='grc' dir='ltr'>έοικε</span> <span class='ocrx_word' id='word_1_212' title='bbox 755 3172 789 3236; x_wconf 89' lang='grc' dir='ltr'>δέ</span> <span class='ocrx_word' id='word_1_213' title='bbox 804 3171 834 3234; x_wconf 92' lang='grc' dir='ltr'>σ’</span> <span class='ocrx_word' id='word_1_214' title='bbox 849 3173 933 3253; x_wconf 89' lang='grc' dir='ltr'>ίδμεν</span> <span class='ocrx_word' id='word_1_215' title='bbox 949 3171 1084 3238; x_wconf 85' lang='grc' dir='ltr'>ἀέθλους.</span> 
     </span>
    </p>

    <p class='ocr_par' dir='ltr' id='par_1_6' title="bbox 281 3273 1054 3362">
     <span class='ocr_line' id='line_1_29' title="bbox 281 3273 1054 3362; baseline 0.01 -28"><span class='ocrx_word' id='word_1_216' title='bbox 281 3273 314 3335; x_wconf 92' lang='grc' dir='ltr'>οὐ</span> <span class='ocrx_word' id='word_1_217' title='bbox 328 3275 384 3352; x_wconf 84' lang='grc' dir='ltr'>μέν</span> <span class='ocrx_word' id='word_1_218' title='bbox 398 3278 456 3357; x_wconf 78' lang='grc' dir='ltr'>γὰρ</span> <span class='ocrx_word' id='word_1_219' title='bbox 470 3279 572 3357; x_wconf 79' lang='grc' dir='ltr'>μεῖζον</span> <span class='ocrx_word' id='word_1_220' title='bbox 587 3278 675 3344; x_wconf 88' lang='grc' dir='ltr'>κλέος</span> <span class='ocrx_word' id='word_1_221' title='bbox 691 3277 793 3358; x_wconf 87' lang='grc' dir='ltr'>ἀνέρος</span> <span class='ocrx_word' id='word_1_222' title='bbox 809 3278 889 3357; x_wconf 88' lang='grc' dir='ltr'>ὄφρα</span> <span class='ocrx_word' id='word_1_223' title='bbox 906 3301 957 3340; x_wconf 89' lang='grc' dir='ltr'>κεν</span> <span class='ocrx_word' id='word_1_224' title='bbox 970 3273 1054 3362; x_wconf 72' lang='grc' dir='ltr'>ᾖσιν,</span> 
     </span>
    </p>

    <p class='ocr_par' dir='ltr' id='par_1_7' title="bbox 280 3371 940 3468">
     <span class='ocr_line' id='line_1_30' title="bbox 280 3371 940 3468; baseline 0.008 -32"><span class='ocrx_word' id='word_1_225' title='bbox 280 3371 299 3451; x_wconf 83' lang='grc' dir='ltr'>ἢ</span> <span class='ocrx_word' id='word_1_226' title='bbox 315 3372 332 3436; x_wconf 85' lang='grc' dir='ltr'>ὅ</span> <span class='ocrx_word' id='word_1_227' title='bbox 347 3400 375 3438; x_wconf 95' lang='grc' dir='ltr'>τι</span> <span class='ocrx_word' id='word_1_228' title='bbox 394 3381 507 3443; x_wconf 92' lang='grc' dir='ltr'>ποσσίν</span> <span class='ocrx_word' id='word_1_229' title='bbox 522 3404 554 3446; x_wconf 94' lang='grc' dir='ltr'>τε</span> <span class='ocrx_word' id='word_1_230' title='bbox 568 3381 640 3468; x_wconf 78' lang='grc' dir='ltr'>ῥέξῃ</span> <span class='ocrx_word' id='word_1_231' title='bbox 659 3379 707 3445; x_wconf 82' lang='grc' dir='ltr'>καὶ</span> <span class='ocrx_word' id='word_1_232' title='bbox 722 3377 830 3464; x_wconf 81' lang='grc' dir='ltr'>χερσὶν</span> <span class='ocrx_word' id='word_1_233' title='bbox 846 3377 940 3465; x_wconf 73' lang='grc' dir='ltr'>ἑῇσιν.</span> 
     </span>
    </p>

    <p class='ocr_par' dir='ltr' id='par_1_8' title="bbox 281 3465 1146 3562">
     <span class='ocr_line' id='line_1_31' title="bbox 281 3465 1146 3562; baseline 0.01 -25"><span class='ocrx_word' id='word_1_234' title='bbox 281 3476 352 3538; x_wconf 89' lang='grc' dir='ltr'>ἀλλ’</span> <span class='ocrx_word' id='word_1_235' title='bbox 365 3476 420 3559; x_wconf 86' lang='grc' dir='ltr'>άγε</span> <span class='ocrx_word' id='word_1_236' title='bbox 436 3481 584 3561; x_wconf 86' lang='grc' dir='ltr'>πείρησαι,</span> <span class='ocrx_word' id='word_1_237' title='bbox 601 3485 750 3548; x_wconf 91' lang='grc' dir='ltr'>σκέδασον</span> <span class='ocrx_word' id='word_1_238' title='bbox 768 3483 792 3547; x_wconf 91' lang='grc' dir='ltr'>δ’</span> <span class='ocrx_word' id='word_1_239' title='bbox 808 3484 866 3546; x_wconf 82' lang='grc' dir='ltr'>ἀπὸ</span> <span class='ocrx_word' id='word_1_240' title='bbox 883 3480 973 3561; x_wconf 80' lang='grc' dir='ltr'>κήδεα</span> <span class='ocrx_word' id='word_1_241' title='bbox 989 3487 1090 3562; x_wconf 91' lang='grc' dir='ltr'>θυμοῦ·</span> <span class='ocrx_word' id='word_1_242' title='bbox 1142 3465 1146 3472; x_wconf 44' lang='grc'>’</span> 
     </span>
    </p>

    <p class='ocr_par' dir='ltr' id='par_1_9' title="bbox 282 3573 1226 3772">
     <span class='ocr_line' id='line_1_32' title="bbox 282 3573 1226 3666; baseline 0.014 -28"><span class='ocrx_word' id='word_1_243' title='bbox 282 3573 332 3639; x_wconf 78' lang='grc' dir='ltr'>σοί</span> <span class='ocrx_word' id='word_1_244' title='bbox 347 3576 372 3641; x_wconf 92' lang='grc' dir='ltr'>δ’</span> <span class='ocrx_word' id='word_1_245' title='bbox 388 3580 455 3644; x_wconf 89' lang='grc' dir='ltr'>όδδς</span> <span class='ocrx_word' id='word_1_246' title='bbox 472 3583 568 3647; x_wconf 90' lang='grc' dir='ltr'>οὐκέτι</span> <span class='ocrx_word' id='word_1_247' title='bbox 583 3586 672 3666; x_wconf 87' lang='grc' dir='ltr'>δηρὸν</span> <span class='ocrx_word' id='word_1_248' title='bbox 687 3588 862 3661; x_wconf 88' lang='grc' dir='ltr'>ἀπέσσεται,</span> <span class='ocrx_word' id='word_1_249' title='bbox 875 3585 957 3649; x_wconf 89' lang='grc' dir='ltr'>ἀλλά</span> <span class='ocrx_word' id='word_1_250' title='bbox 971 3612 1017 3650; x_wconf 94' lang='grc' dir='ltr'>τοι</span> <span class='ocrx_word' id='word_1_251' title='bbox 1031 3586 1088 3666; x_wconf 88' lang='grc' dir='ltr'>ἤδη</span> <span class='ocrx_word' id='word_1_252' title='bbox 1179 3615 1226 3664; x_wconf 85' lang='lat'>¹50</span> 
     </span>
     <span class='ocr_line' id='line_1_33' title="bbox 282 3682 1077 3772; baseline 0.016 -31"><span class='ocrx_word' id='word_1_253' title='bbox 282 3682 351 3755; x_wconf 84' lang='grc' dir='ltr'>νηῦς</span> <span class='ocrx_word' id='word_1_254' title='bbox 366 3705 398 3742; x_wconf 92' lang='grc' dir='ltr'>τε</span> <span class='ocrx_word' id='word_1_255' title='bbox 414 3682 604 3760; x_wconf 83' lang='grc' dir='ltr'>κατείρυσται</span> <span class='ocrx_word' id='word_1_256' title='bbox 619 3691 668 3752; x_wconf 84' lang='grc' dir='ltr'>καὶ</span> <span class='ocrx_word' id='word_1_257' title='bbox 684 3690 824 3772; x_wconf 79' lang='grc' dir='ltr'>ἐπαρτέες</span> <span class='ocrx_word' id='word_1_258' title='bbox 841 3688 919 3754; x_wconf 83' lang='grc' dir='ltr'>εἰσὶν</span> <span class='ocrx_word' id='word_1_259' title='bbox 935 3688 1077 3771; x_wconf 84' lang='grc' dir='ltr'>ἑταῖροι.”</span> 
     </span>
    </p>
   </div>
   <div class='ocr_carea' id='block_1_5' title="bbox 0 0 1442 4234">
    <p class='ocr_par' dir='ltr' id='par_1_10' title="bbox 0 0 1442 4234">
     <span class='ocr_line' id='line_1_34' title="bbox 0 0 1442 4234; baseline 0 0"><span class='ocrx_word' id='word_1_260' title='bbox 0 0 1442 4234; x_wconf 95' lang='lat' dir='ltr'> </span> 
     </span>
    </p>
   </div>
  </div>
 </body>
</html>
