<?xml version="1.0" encoding="UTF-8"?>
<!DOCTYPE html PUBLIC "-//W3C//DTD XHTML 1.0 Transitional//EN"
    "http://www.w3.org/TR/xhtml1/DTD/xhtml1-transitional.dtd">
<html xmlns="http://www.w3.org/1999/xhtml" xml:lang="en" lang="en">
 <head>
  <title>
</title>
<meta http-equiv="Content-Type" content="text/html;charset=utf-8" />
  <meta name='ocr-system' content='tesseract 3.04.00' />
  <meta name='ocr-capabilities' content='ocr_page ocr_carea ocr_par ocr_line ocrx_word'/>
</head>
<body>
  <div class='ocr_page' id='page_1' title='image "./homerioperaetre00homegoog_0487.png"; bbox 0 0 2908 4232; ppageno 0'>
   <div class='ocr_carea' id='block_1_1' title="bbox 572 335 1191 416">
    <p class='ocr_par' dir='ltr' id='par_1_1' title="bbox 572 335 1191 416">
     <span class='ocr_line' id='line_1_1' title="bbox 572 335 1191 416; baseline -0.002 -20"><span class='ocrx_word' id='word_1_1' title='bbox 572 348 623 416; x_wconf 81' lang='lat'>23.</span> <span class='ocrx_word' id='word_1_2' title='bbox 647 335 819 395; x_wconf 86' lang='grc' dir='ltr'><strong>ΙΛῙΑΔΟΣ</strong></span> <span class='ocrx_word' id='word_1_3' title='bbox 842 336 878 396; x_wconf 77' lang='grc' dir='ltr'>Ψ.</span> <span class='ocrx_word' id='word_1_4' title='bbox 1127 346 1191 416; x_wconf 85' lang='lat'>473</span> 
     </span>
    </p>
   </div>
   <div class='ocr_carea' id='block_1_2' title="bbox 238 500 1195 3789">
    <p class='ocr_par' dir='ltr' id='par_1_2' title="bbox 241 500 1103 587">
     <span class='ocr_line' id='line_1_2' title="bbox 241 500 1103 587; baseline 0 -18"><span class='ocrx_word' id='word_1_5' title='bbox 241 505 304 572; x_wconf 83' lang='grc' dir='ltr'>ἔνθ’</span> <span class='ocrx_word' id='word_1_6' title='bbox 318 504 353 568; x_wconf 87' lang='grc' dir='ltr'>ού</span> <span class='ocrx_word' id='word_1_7' title='bbox 369 504 415 571; x_wconf 81' lang='grc' dir='ltr'>τίς</span> <span class='ocrx_word' id='word_1_8' title='bbox 429 527 481 584; x_wconf 92' lang='grc' dir='ltr'>μοι</span> <span class='ocrx_word' id='word_1_9' title='bbox 498 505 601 583; x_wconf 81' lang='grc' dir='ltr'>ὁμοῖος</span> <span class='ocrx_word' id='word_1_10' title='bbox 616 504 691 586; x_wconf 84' lang='grc' dir='ltr'>ἀνήρ</span> <span class='ocrx_word' id='word_1_11' title='bbox 708 502 815 587; x_wconf 96' lang='grc' dir='ltr'>γένετ’,</span> <span class='ocrx_word' id='word_1_12' title='bbox 831 500 893 566; x_wconf 81' lang='grc' dir='ltr'>οὔτ’</span> <span class='ocrx_word' id='word_1_13' title='bbox 909 500 955 585; x_wconf 84' lang='grc' dir='ltr'>ἀρ’</span> <span class='ocrx_word' id='word_1_14' title='bbox 971 503 1103 569; x_wconf 81' lang='grc' dir='ltr'>Ἐπειῶν</span> 
     </span>
    </p>

    <p class='ocr_par' dir='ltr' id='par_1_3' title="bbox 241 607 1003 690">
     <span class='ocr_line' id='line_1_3' title="bbox 241 607 1003 690; baseline 0.003 -18"><span class='ocrx_word' id='word_1_15' title='bbox 241 609 301 673; x_wconf 78' lang='grc' dir='ltr'>οὔτ’</span> <span class='ocrx_word' id='word_1_16' title='bbox 318 609 416 676; x_wconf 78' lang='grc' dir='ltr'>αὐτῶν</span> <span class='ocrx_word' id='word_1_17' title='bbox 432 609 560 672; x_wconf 77' lang='grc' dir='ltr'>Πυλίων</span> <span class='ocrx_word' id='word_1_18' title='bbox 574 607 635 672; x_wconf 64' lang='grc' dir='ltr'>οὔτ’</span> <span class='ocrx_word' id='word_1_19' title='bbox 653 611 799 673; x_wconf 77' lang='grc' dir='ltr'>Αἰτωλῶν</span> <span class='ocrx_word' id='word_1_20' title='bbox 815 607 1003 690; x_wconf 73' lang='grc' dir='ltr'>μεγαθύμων.</span> 
     </span>
    </p>

    <p class='ocr_par' dir='ltr' id='par_1_4' title="bbox 243 711 977 792">
     <span class='ocr_line' id='line_1_4' title="bbox 243 711 977 792; baseline -0.004 -15"><span class='ocrx_word' id='word_1_21' title='bbox 243 711 304 792; x_wconf 81' lang='grc' dir='ltr'>πὺξ</span> <span class='ocrx_word' id='word_1_22' title='bbox 316 715 371 792; x_wconf 77' lang='grc' dir='ltr'>μὲν</span> <span class='ocrx_word' id='word_1_23' title='bbox 387 713 514 792; x_wconf 83' lang='grc' dir='ltr'>ένίκησο</span> <span class='ocrx_word' id='word_1_24' title='bbox 530 711 738 791; x_wconf 81' lang='grc' dir='ltr'>Κλυτομήδεα,</span> <span class='ocrx_word' id='word_1_25' title='bbox 748 711 888 777; x_wconf 88' lang='grc' dir='ltr'>Ἤνοπος</span> <span class='ocrx_word' id='word_1_26' title='bbox 901 711 977 788; x_wconf 79' lang='grc' dir='ltr'>υἱόν,</span> 
     </span>
    </p>

    <p class='ocr_par' dir='ltr' id='par_1_5' title="bbox 243 813 1193 901">
     <span class='ocr_line' id='line_1_5' title="bbox 243 813 1193 901; baseline 0 -22"><span class='ocrx_word' id='word_1_27' title='bbox 243 815 386 899; x_wconf 83' lang='grc' dir='ltr'>Ἀγκαῖον</span> <span class='ocrx_word' id='word_1_28' title='bbox 401 817 434 879; x_wconf 73' lang='grc' dir='ltr'>δὲ</span> <span class='ocrx_word' id='word_1_29' title='bbox 449 813 533 901; x_wconf 83' lang='grc' dir='ltr'>πάλη</span> <span class='ocrx_word' id='word_1_30' title='bbox 550 816 755 896; x_wconf 67' lang='grc' dir='ltr'>Πλευρώνιον,</span> <span class='ocrx_word' id='word_1_31' title='bbox 772 815 806 882; x_wconf 88' lang='grc' dir='ltr'>ός</span> <span class='ocrx_word' id='word_1_32' title='bbox 820 840 872 895; x_wconf 90' lang='grc' dir='ltr'>μοι</span> <span class='ocrx_word' id='word_1_33' title='bbox 888 814 1009 893; x_wconf 89' lang='grc' dir='ltr'>ἀνέστη·</span> <span class='ocrx_word' id='word_1_34' title='bbox 1145 829 1193 893; x_wconf 78' lang='lat'>⁶55</span> 
     </span>
    </p>

    <p class='ocr_par' dir='ltr' id='par_1_6' title="bbox 238 916 1021 1001">
     <span class='ocr_line' id='line_1_6' title="bbox 238 916 1021 1001; baseline 0.001 -20"><span class='ocrx_word' id='word_1_35' title='bbox 238 920 381 1001; x_wconf 84' lang='grc' dir='ltr'>Ἴφικλον</span> <span class='ocrx_word' id='word_1_36' title='bbox 397 920 430 982; x_wconf 79' lang='grc' dir='ltr'>δὲ</span> <span class='ocrx_word' id='word_1_37' title='bbox 445 918 577 982; x_wconf 90' lang='grc' dir='ltr'>πόδεσσι</span> <span class='ocrx_word' id='word_1_38' title='bbox 593 916 784 1000; x_wconf 70' lang='grc' dir='ltr'>παρέδραμον</span> <span class='ocrx_word' id='word_1_39' title='bbox 798 916 912 983; x_wconf 84' lang='grc' dir='ltr'>έαθλδν</span> <span class='ocrx_word' id='word_1_40' title='bbox 923 919 1021 995; x_wconf 82' lang='grc' dir='ltr'>ἐόντα,</span> 
     </span>
    </p>

    <p class='ocr_par' dir='ltr' id='par_1_7' title="bbox 242 1019 1029 1103">
     <span class='ocr_line' id='line_1_7' title="bbox 242 1019 1029 1103; baseline 0.001 -17"><span class='ocrx_word' id='word_1_41' title='bbox 242 1020 323 1103; x_wconf 82' lang='grc' dir='ltr'>δουρὶ</span> <span class='ocrx_word' id='word_1_42' title='bbox 338 1019 365 1085; x_wconf 93' lang='grc' dir='ltr'>δ’</span> <span class='ocrx_word' id='word_1_43' title='bbox 380 1019 585 1102; x_wconf 78' lang='grc' dir='ltr'>ὑπειρέβαλον</span> <span class='ocrx_word' id='word_1_44' title='bbox 599 1019 707 1099; x_wconf 82' lang='grc' dir='ltr'>Φυλῆά</span> <span class='ocrx_word' id='word_1_45' title='bbox 722 1046 757 1084; x_wconf 91' lang='grc' dir='ltr'>τε</span> <span class='ocrx_word' id='word_1_46' title='bbox 772 1021 821 1084; x_wconf 82' lang='grc' dir='ltr'>καὶ</span> <span class='ocrx_word' id='word_1_47' title='bbox 836 1020 1029 1103; x_wconf 81' lang='grc' dir='ltr'>Πολύδωρον.</span> 
     </span>
    </p>

    <p class='ocr_par' dir='ltr' id='par_1_8' title="bbox 242 1120 947 1206">
     <span class='ocr_line' id='line_1_8' title="bbox 242 1120 947 1206; baseline 0.001 -18"><span class='ocrx_word' id='word_1_48' title='bbox 242 1126 354 1190; x_wconf 86' lang='grc' dir='ltr'>οίοισίν</span> <span class='ocrx_word' id='word_1_49' title='bbox 367 1125 396 1204; x_wconf 87' lang='grc' dir='ltr'>μ’</span> <span class='ocrx_word' id='word_1_50' title='bbox 417 1127 540 1189; x_wconf 90' lang='grc' dir='ltr'>ίπποισι</span> <span class='ocrx_word' id='word_1_51' title='bbox 556 1122 742 1206; x_wconf 76' lang='grc' dir='ltr'>παρήλασαν</span> <span class='ocrx_word' id='word_1_52' title='bbox 759 1120 947 1205; x_wconf 85' lang='grc' dir='ltr'>Ἀκτορίωνε,</span> 
     </span>
    </p>

    <p class='ocr_par' dir='ltr' id='par_1_9' title="bbox 242 1224 1081 1309">
     <span class='ocr_line' id='line_1_9' title="bbox 242 1224 1081 1309; baseline 0.006 -20"><span class='ocrx_word' id='word_1_53' title='bbox 242 1225 352 1306; x_wconf 88' lang='grc' dir='ltr'>πλήθει</span> <span class='ocrx_word' id='word_1_54' title='bbox 367 1228 486 1309; x_wconf 86' lang='grc' dir='ltr'>πρόσθε</span> <span class='ocrx_word' id='word_1_55' title='bbox 501 1228 662 1306; x_wconf 75' lang='grc' dir='ltr'>βαλόντες,</span> <span class='ocrx_word' id='word_1_56' title='bbox 680 1225 890 1308; x_wconf 78' lang='grc' dir='ltr'>ἀγασσάμενοι</span> <span class='ocrx_word' id='word_1_57' title='bbox 906 1224 973 1308; x_wconf 79' lang='grc' dir='ltr'>περὶ</span> <span class='ocrx_word' id='word_1_58' title='bbox 990 1226 1081 1306; x_wconf 88' lang='grc' dir='ltr'>νίκης,</span> 
     </span>
    </p>

    <p class='ocr_par' dir='ltr' id='par_1_10' title="bbox 243 1327 1195 1414">
     <span class='ocr_line' id='line_1_10' title="bbox 243 1327 1195 1414; baseline 0.001 -21"><span class='ocrx_word' id='word_1_59' title='bbox 243 1331 349 1394; x_wconf 83' lang='grc' dir='ltr'>οθνεκο</span> <span class='ocrx_word' id='word_1_60' title='bbox 364 1331 400 1411; x_wconf 84' lang='grc' dir='ltr'>δὴ</span> <span class='ocrx_word' id='word_1_61' title='bbox 417 1335 454 1396; x_wconf 80' lang='grc' dir='ltr'>τὰ</span> <span class='ocrx_word' id='word_1_62' title='bbox 469 1330 602 1414; x_wconf 87' lang='grc' dir='ltr'>μέγιστα</span> <span class='ocrx_word' id='word_1_63' title='bbox 617 1328 685 1412; x_wconf 86' lang='grc' dir='ltr'>παρ’</span> <span class='ocrx_word' id='word_1_64' title='bbox 703 1331 808 1394; x_wconf 77' lang='grc' dir='ltr'>αὐτόθι</span> <span class='ocrx_word' id='word_1_65' title='bbox 821 1327 939 1394; x_wconf 88' lang='grc' dir='ltr'>λείπετ’</span> <span class='ocrx_word' id='word_1_66' title='bbox 950 1330 1060 1396; x_wconf 73' lang='grc' dir='ltr'>ἄεθλα.</span> <span class='ocrx_word' id='word_1_67' title='bbox 1144 1343 1195 1410; x_wconf 77' lang='lat'>⁶40</span> 
     </span>
    </p>

    <p class='ocr_par' dir='ltr' id='par_1_11' title="bbox 243 1432 1046 1518">
     <span class='ocr_line' id='line_1_11' title="bbox 243 1432 1046 1518; baseline 0.006 -23"><span class='ocrx_word' id='word_1_68' title='bbox 243 1435 272 1495; x_wconf 78' lang='grc' dir='ltr'>οἱ</span> <span class='ocrx_word' id='word_1_69' title='bbox 287 1433 312 1496; x_wconf 89' lang='grc' dir='ltr'>δ’</span> <span class='ocrx_word' id='word_1_70' title='bbox 327 1432 372 1516; x_wconf 86' lang='grc' dir='ltr'>ἀρ’</span> <span class='ocrx_word' id='word_1_71' title='bbox 390 1434 465 1500; x_wconf 84' lang='grc' dir='ltr'>ἔσαν</span> <span class='ocrx_word' id='word_1_72' title='bbox 480 1436 606 1515; x_wconf 87' lang='grc' dir='ltr'>δίδυμοι·</span> <span class='ocrx_word' id='word_1_73' title='bbox 630 1435 647 1497; x_wconf 88' lang='grc' dir='ltr'><strong><em>ὁ</em></strong></span> <span class='ocrx_word' id='word_1_74' title='bbox 661 1435 718 1512; x_wconf 72' lang='grc' dir='ltr'>μὲν</span> <span class='ocrx_word' id='word_1_75' title='bbox 734 1433 863 1512; x_wconf 81' lang='grc' dir='ltr'>ἔμπεδον</span> <span class='ocrx_word' id='word_1_76' title='bbox 877 1432 1046 1518; x_wconf 82' lang='grc' dir='ltr'>ἡνιόχευεν,</span> 
     </span>
    </p>

    <p class='ocr_par' dir='ltr' id='par_1_12' title="bbox 244 1535 972 1621">
     <span class='ocr_line' id='line_1_12' title="bbox 244 1535 972 1621; baseline 0.003 -22"><span class='ocrx_word' id='word_1_77' title='bbox 244 1536 372 1615; x_wconf 85' lang='grc' dir='ltr'>έμπεδον</span> <span class='ocrx_word' id='word_1_78' title='bbox 386 1535 530 1621; x_wconf 79' lang='grc' dir='ltr'>ἡνιόχευ’,</span> <span class='ocrx_word' id='word_1_79' title='bbox 549 1540 566 1601; x_wconf 85' lang='grc' dir='ltr'>θ</span> <span class='ocrx_word' id='word_1_80' title='bbox 582 1537 607 1602; x_wconf 90' lang='grc' dir='ltr'>δ’</span> <span class='ocrx_word' id='word_1_81' title='bbox 624 1538 682 1620; x_wconf 86' lang='grc' dir='ltr'>ἀρα</span> <span class='ocrx_word' id='word_1_82' title='bbox 696 1535 823 1620; x_wconf 87' lang='grc' dir='ltr'>μόστιγι</span> <span class='ocrx_word' id='word_1_83' title='bbox 839 1535 972 1602; x_wconf 75' lang='grc' dir='ltr'>κέλευεν.</span> 
     </span>
    </p>

    <p class='ocr_par' dir='ltr' id='par_1_13' title="bbox 243 1639 961 1722">
     <span class='ocr_line' id='line_1_13' title="bbox 243 1639 961 1722; baseline 0.001 -19"><span class='ocrx_word' id='word_1_84' title='bbox 243 1641 283 1706; x_wconf 81' lang='grc' dir='ltr'>ὥς</span> <span class='ocrx_word' id='word_1_85' title='bbox 297 1639 363 1705; x_wconf 91' lang='grc' dir='ltr'>ποτ’</span> <span class='ocrx_word' id='word_1_86' title='bbox 380 1641 439 1706; x_wconf 87' lang='grc' dir='ltr'>έαν·</span> <span class='ocrx_word' id='word_1_87' title='bbox 463 1647 516 1706; x_wconf 80' lang='grc' dir='ltr'>νῦν</span> <span class='ocrx_word' id='word_1_88' title='bbox 530 1642 601 1706; x_wconf 79' lang='grc' dir='ltr'>οὔτε</span> <span class='ocrx_word' id='word_1_89' title='bbox 617 1641 757 1722; x_wconf 87' lang='grc' dir='ltr'>νεότεροι</span> <span class='ocrx_word' id='word_1_90' title='bbox 773 1641 961 1710; x_wconf 78' lang='grc' dir='ltr'>ἀντιοώντων</span> 
     </span>
    </p>

    <p class='ocr_par' dir='ltr' id='par_1_14' title="bbox 244 1744 931 1830">
     <span class='ocr_line' id='line_1_14' title="bbox 244 1744 931 1830; baseline 0.001 -23"><span class='ocrx_word' id='word_1_91' title='bbox 244 1744 340 1827; x_wconf 85' lang='grc' dir='ltr'>έργων</span> <span class='ocrx_word' id='word_1_92' title='bbox 353 1747 506 1810; x_wconf 89' lang='grc' dir='ltr'>τοιούτων·</span> <span class='ocrx_word' id='word_1_93' title='bbox 530 1747 582 1826; x_wconf 83' lang='grc' dir='ltr'>ἐμὲ</span> <span class='ocrx_word' id='word_1_94' title='bbox 599 1748 631 1810; x_wconf 79' lang='grc' dir='ltr'>δὲ</span> <span class='ocrx_word' id='word_1_95' title='bbox 649 1745 707 1827; x_wconf 85' lang='grc' dir='ltr'>χρὴ</span> <span class='ocrx_word' id='word_1_96' title='bbox 722 1744 812 1828; x_wconf 80' lang='grc' dir='ltr'>γήραϊ</span> <span class='ocrx_word' id='word_1_97' title='bbox 829 1747 931 1830; x_wconf 83' lang='grc' dir='ltr'>λυγρῷ</span> 
     </span>
    </p>

    <p class='ocr_par' dir='ltr' id='par_1_15' title="bbox 243 1847 1193 1930">
     <span class='ocr_line' id='line_1_15' title="bbox 243 1847 1193 1930; baseline 0.001 -19"><span class='ocrx_word' id='word_1_98' title='bbox 243 1849 411 1927; x_wconf 89' lang='grc' dir='ltr'>πείθεσθαι,</span> <span class='ocrx_word' id='word_1_99' title='bbox 427 1847 496 1913; x_wconf 90' lang='grc' dir='ltr'>τότε</span> <span class='ocrx_word' id='word_1_100' title='bbox 511 1849 536 1913; x_wconf 94' lang='grc' dir='ltr'>δ’</span> <span class='ocrx_word' id='word_1_101' title='bbox 553 1850 625 1912; x_wconf 81' lang='grc' dir='ltr'>αιἰτε</span> <span class='ocrx_word' id='word_1_102' title='bbox 639 1848 828 1929; x_wconf 76' lang='grc' dir='ltr'>μετέπρεπον</span> <span class='ocrx_word' id='word_1_103' title='bbox 842 1849 1006 1930; x_wconf 85' lang='grc' dir='ltr'>ἡρόεσσιν.</span> <span class='ocrx_word' id='word_1_104' title='bbox 1143 1861 1193 1926; x_wconf 80' lang='lat'>645</span> 
     </span>
    </p>

    <p class='ocr_par' dir='ltr' id='par_1_16' title="bbox 244 1949 959 2034">
     <span class='ocr_line' id='line_1_16' title="bbox 244 1949 959 2034; baseline 0 -20"><span class='ocrx_word' id='word_1_105' title='bbox 244 1951 313 2014; x_wconf 85' lang='grc' dir='ltr'>ἀλλ’</span> <span class='ocrx_word' id='word_1_106' title='bbox 329 1952 372 2015; x_wconf 64' lang='lat' dir='ltr'>wc</span> <span class='ocrx_word' id='word_1_107' title='bbox 388 1954 438 2016; x_wconf 82' lang='grc' dir='ltr'>καὶ</span> <span class='ocrx_word' id='word_1_108' title='bbox 453 1953 511 2016; x_wconf 89' lang='grc' dir='ltr'>σὸν</span> <span class='ocrx_word' id='word_1_109' title='bbox 525 1956 645 2034; x_wconf 78' lang='grc' dir='ltr'>ἑταῖρον</span> <span class='ocrx_word' id='word_1_110' title='bbox 661 1949 803 2016; x_wconf 78' lang='grc' dir='ltr'>ἀέθλοισι</span> <span class='ocrx_word' id='word_1_111' title='bbox 820 1950 959 2033; x_wconf 80' lang='grc' dir='ltr'>κτερέϊζε.</span> 
     </span>
    </p>

    <p class='ocr_par' dir='ltr' id='par_1_17' title="bbox 244 2053 1086 2139">
     <span class='ocr_line' id='line_1_17' title="bbox 244 2053 1086 2139; baseline 0 -21"><span class='ocrx_word' id='word_1_112' title='bbox 244 2061 329 2118; x_wconf 77' lang='grc' dir='ltr'>τοῦτο</span> <span class='ocrx_word' id='word_1_113' title='bbox 346 2053 372 2120; x_wconf 89' lang='grc' dir='ltr'>δ’</span> <span class='ocrx_word' id='word_1_114' title='bbox 385 2057 443 2138; x_wconf 81' lang='grc' dir='ltr'>έγδι</span> <span class='ocrx_word' id='word_1_115' title='bbox 460 2057 604 2138; x_wconf 90' lang='grc' dir='ltr'>πρόφρων</span> <span class='ocrx_word' id='word_1_116' title='bbox 620 2054 756 2139; x_wconf 89' lang='grc' dir='ltr'>δέχομαι,</span> <span class='ocrx_word' id='word_1_117' title='bbox 772 2060 872 2138; x_wconf 85' lang='grc' dir='ltr'>χαίρει</span> <span class='ocrx_word' id='word_1_118' title='bbox 888 2055 922 2120; x_wconf 90' lang='grc' dir='ltr'>δέ</span> <span class='ocrx_word' id='word_1_119' title='bbox 935 2080 988 2135; x_wconf 89' lang='grc' dir='ltr'>μοι</span> <span class='ocrx_word' id='word_1_120' title='bbox 1003 2053 1086 2138; x_wconf 88' lang='grc' dir='ltr'>ήταρ,</span> 
     </span>
    </p>

    <p class='ocr_par' dir='ltr' id='par_1_18' title="bbox 244 2157 947 2240">
     <span class='ocr_line' id='line_1_18' title="bbox 244 2157 947 2240; baseline 0.001 -20"><span class='ocrx_word' id='word_1_121' title='bbox 244 2159 284 2224; x_wconf 81' lang='grc' dir='ltr'>ὥς</span> <span class='ocrx_word' id='word_1_122' title='bbox 297 2185 352 2239; x_wconf 89' lang='grc' dir='ltr'>μευ</span> <span class='ocrx_word' id='word_1_123' title='bbox 368 2160 415 2223; x_wconf 85' lang='grc' dir='ltr'>ἀεὶ</span> <span class='ocrx_word' id='word_1_124' title='bbox 430 2158 583 2240; x_wconf 88' lang='grc' dir='ltr'>μέμνησαι</span> <span class='ocrx_word' id='word_1_125' title='bbox 599 2158 710 2238; x_wconf 79' lang='grc' dir='ltr'>ἐνηέος,</span> <span class='ocrx_word' id='word_1_126' title='bbox 725 2157 794 2222; x_wconf 83' lang='grc' dir='ltr'>ούδέ</span> <span class='ocrx_word' id='word_1_127' title='bbox 811 2185 848 2223; x_wconf 88' lang='grc' dir='ltr'>σε</span> <span class='ocrx_word' id='word_1_128' title='bbox 862 2157 947 2237; x_wconf 90' lang='grc' dir='ltr'>λήθω</span> 
     </span>
    </p>

    <p class='ocr_par' dir='ltr' id='par_1_19' title="bbox 244 2258 1005 2343">
     <span class='ocr_line' id='line_1_19' title="bbox 244 2258 1005 2343; baseline 0.003 -20"><span class='ocrx_word' id='word_1_129' title='bbox 244 2266 329 2341; x_wconf 87' lang='grc' dir='ltr'>τιμῆς</span> <span class='ocrx_word' id='word_1_130' title='bbox 344 2262 379 2341; x_wconf 83' lang='grc' dir='ltr'>ῆς</span> <span class='ocrx_word' id='word_1_131' title='bbox 394 2261 426 2325; x_wconf 92' lang='grc' dir='ltr'>τέ</span> <span class='ocrx_word' id='word_1_132' title='bbox 441 2258 473 2343; x_wconf 89' lang='grc' dir='ltr'>μ’</span> <span class='ocrx_word' id='word_1_133' title='bbox 490 2262 569 2326; x_wconf 87' lang='grc' dir='ltr'>έαικε</span> <span class='ocrx_word' id='word_1_134' title='bbox 584 2265 762 2342; x_wconf 73' lang='grc' dir='ltr'>τετιμῆσθαι</span> <span class='ocrx_word' id='word_1_135' title='bbox 777 2261 840 2342; x_wconf 87' lang='grc' dir='ltr'>μετ’</span> <span class='ocrx_word' id='word_1_136' title='bbox 858 2261 1005 2343; x_wconf 90' lang='grc' dir='ltr'>Ἀχαιοῖς.</span> 
     </span>
    </p>

    <p class='ocr_par' dir='ltr' id='par_1_20' title="bbox 245 2361 1194 2550">
     <span class='ocr_line' id='line_1_20' title="bbox 245 2361 1194 2448; baseline 0.002 -22"><span class='ocrx_word' id='word_1_137' title='bbox 245 2365 294 2428; x_wconf 84' lang='grc' dir='ltr'>σοὶ</span> <span class='ocrx_word' id='word_1_138' title='bbox 308 2367 341 2428; x_wconf 76' lang='grc' dir='ltr'>δὲ</span> <span class='ocrx_word' id='word_1_139' title='bbox 357 2366 421 2429; x_wconf 87' lang='grc' dir='ltr'>θεοὶ</span> <span class='ocrx_word' id='word_1_140' title='bbox 436 2364 521 2430; x_wconf 81' lang='grc' dir='ltr'>τῶνδ’</span> <span class='ocrx_word' id='word_1_141' title='bbox 540 2365 607 2430; x_wconf 86' lang='grc' dir='ltr'>ἀντὶ</span> <span class='ocrx_word' id='word_1_142' title='bbox 621 2364 713 2448; x_wconf 89' lang='grc' dir='ltr'>χόριν</span> <span class='ocrx_word' id='word_1_143' title='bbox 726 2363 886 2444; x_wconf 89' lang='grc' dir='ltr'>μενοεικέα</span> <span class='ocrx_word' id='word_1_144' title='bbox 901 2361 1013 2430; x_wconf 89' lang='grc' dir='ltr'>δοῖεν.”</span> <span class='ocrx_word' id='word_1_145' title='bbox 1144 2376 1194 2440; x_wconf 79' lang='lat'>⁶5⁰</span> 
     </span>
     <span class='ocr_line' id='line_1_21' title="bbox 280 2465 1136 2550; baseline 0 -20"><span class='ocrx_word' id='word_1_146' title='bbox 280 2465 343 2534; x_wconf 82' lang='grc' dir='ltr'>Ὣς</span> <span class='ocrx_word' id='word_1_147' title='bbox 357 2467 448 2548; x_wconf 83' lang='grc' dir='ltr'>φάτο,</span> <span class='ocrx_word' id='word_1_148' title='bbox 464 2466 618 2547; x_wconf 89' lang='grc' dir='ltr'>Πηλείδης</span> <span class='ocrx_word' id='word_1_149' title='bbox 633 2471 667 2531; x_wconf 75' lang='grc' dir='ltr'>δὲ</span> <span class='ocrx_word' id='word_1_150' title='bbox 682 2469 781 2531; x_wconf 89' lang='grc' dir='ltr'>πολὺν</span> <span class='ocrx_word' id='word_1_151' title='bbox 796 2468 861 2532; x_wconf 89' lang='grc' dir='ltr'>καθ’</span> <span class='ocrx_word' id='word_1_152' title='bbox 878 2469 988 2548; x_wconf 87' lang='grc' dir='ltr'>ὅμιλον</span> <span class='ocrx_word' id='word_1_153' title='bbox 1001 2466 1136 2550; x_wconf 77' lang='grc' dir='ltr'>Ἀχαιῶν</span> 
     </span>
    </p>

    <p class='ocr_par' dir='ltr' id='par_1_21' title="bbox 246 2569 952 2653">
     <span class='ocr_line' id='line_1_22' title="bbox 246 2569 952 2653; baseline -0.003 -17"><span class='ocrx_word' id='word_1_154' title='bbox 246 2569 340 2653; x_wconf 72' lang='grc' dir='ltr'>ᾤχετ’,</span> <span class='ocrx_word' id='word_1_155' title='bbox 356 2572 423 2635; x_wconf 78' lang='grc' dir='ltr'>ἐπεὶ</span> <span class='ocrx_word' id='word_1_156' title='bbox 439 2569 524 2634; x_wconf 81' lang='grc' dir='ltr'>πάντ’</span> <span class='ocrx_word' id='word_1_157' title='bbox 541 2571 627 2636; x_wconf 78' lang='grc' dir='ltr'>αἶνον</span> <span class='ocrx_word' id='word_1_158' title='bbox 641 2569 771 2635; x_wconf 84' lang='grc' dir='ltr'>έπέκλυε</span> <span class='ocrx_word' id='word_1_159' title='bbox 786 2570 952 2651; x_wconf 68' lang='grc' dir='ltr'>Νηλεΐδαο.</span> 
     </span>
    </p>

    <p class='ocr_par' dir='ltr' id='par_1_22' title="bbox 244 2673 955 2756">
     <span class='ocr_line' id='line_1_23' title="bbox 244 2673 955 2756; baseline 0 -18"><span class='ocrx_word' id='word_1_160' title='bbox 244 2673 336 2755; x_wconf 84' lang='grc' dir='ltr'>αύτὰρ</span> <span class='ocrx_word' id='word_1_161' title='bbox 351 2675 368 2737; x_wconf 88' lang='grc' dir='ltr'><strong><em>ὁ</em></strong></span> <span class='ocrx_word' id='word_1_162' title='bbox 383 2676 555 2756; x_wconf 89' lang='grc' dir='ltr'>πυγμαχίης</span> <span class='ocrx_word' id='word_1_163' title='bbox 570 2675 730 2756; x_wconf 79' lang='grc' dir='ltr'>ἀλεγεινῆς</span> <span class='ocrx_word' id='word_1_164' title='bbox 745 2678 835 2754; x_wconf 86' lang='grc' dir='ltr'>θῆκεν</span> <span class='ocrx_word' id='word_1_165' title='bbox 850 2674 955 2744; x_wconf 84' lang='grc' dir='ltr'>ἀεθλα·</span> 
     </span>
    </p>

    <p class='ocr_par' dir='ltr' id='par_1_23' title="bbox 244 2776 960 2860">
     <span class='ocr_line' id='line_1_24' title="bbox 244 2776 960 2860; baseline -0.001 -19"><span class='ocrx_word' id='word_1_166' title='bbox 244 2776 368 2857; x_wconf 82' lang='grc' dir='ltr'>ἡμίονον</span> <span class='ocrx_word' id='word_1_167' title='bbox 381 2776 550 2860; x_wconf 83' lang='grc' dir='ltr'>ταλαεργὸν</span> <span class='ocrx_word' id='word_1_168' title='bbox 565 2778 647 2860; x_wconf 88' lang='grc' dir='ltr'>ἀγων</span> <span class='ocrx_word' id='word_1_169' title='bbox 663 2776 802 2856; x_wconf 90' lang='grc' dir='ltr'>κοτέδησ’</span> <span class='ocrx_word' id='word_1_170' title='bbox 818 2779 852 2846; x_wconf 86' lang='grc' dir='ltr'>έν</span> <span class='ocrx_word' id='word_1_171' title='bbox 867 2779 960 2860; x_wconf 81' lang='grc' dir='ltr'>ἀγῶνι</span> 
     </span>
    </p>

    <p class='ocr_par' dir='ltr' id='par_1_24' title="bbox 245 2879 1192 2963">
     <span class='ocr_line' id='line_1_25' title="bbox 245 2879 1192 2963; baseline -0.001 -19"><span class='ocrx_word' id='word_1_172' title='bbox 245 2879 335 2960; x_wconf 81' lang='grc' dir='ltr'>ἑξέτε’</span> <span class='ocrx_word' id='word_1_173' title='bbox 353 2880 496 2962; x_wconf 89' lang='grc' dir='ltr'>ἀδμήτην,</span> <span class='ocrx_word' id='word_1_174' title='bbox 511 2881 531 2959; x_wconf 88' lang='grc' dir='ltr'>ή</span> <span class='ocrx_word' id='word_1_175' title='bbox 546 2880 571 2943; x_wconf 88' lang='grc' dir='ltr'>τ’</span> <span class='ocrx_word' id='word_1_176' title='bbox 588 2882 719 2963; x_wconf 89' lang='grc' dir='ltr'>ἀλγίστη</span> <span class='ocrx_word' id='word_1_177' title='bbox 735 2880 939 2961; x_wconf 79' lang='grc' dir='ltr'>δαμάσασθαι“</span> <span class='ocrx_word' id='word_1_178' title='bbox 1143 2893 1192 2958; x_wconf 80' lang='lat'>⁶55</span> 
     </span>
    </p>

    <p class='ocr_par' dir='ltr' id='par_1_25' title="bbox 244 2983 1026 3068">
     <span class='ocr_line' id='line_1_26' title="bbox 244 2983 1026 3068; baseline 0.005 -22"><span class='ocrx_word' id='word_1_179' title='bbox 244 2987 285 3068; x_wconf 72' lang='grc' dir='ltr'>τῷ</span> <span class='ocrx_word' id='word_1_180' title='bbox 300 2984 325 3048; x_wconf 94' lang='grc' dir='ltr'>δ’</span> <span class='ocrx_word' id='word_1_181' title='bbox 342 2984 400 3067; x_wconf 89' lang='grc' dir='ltr'>ἀρα</span> <span class='ocrx_word' id='word_1_182' title='bbox 415 2983 565 3063; x_wconf 81' lang='grc' dir='ltr'>νικηθέντι</span> <span class='ocrx_word' id='word_1_183' title='bbox 580 2985 657 3050; x_wconf 89' lang='grc' dir='ltr'>τίθει</span> <span class='ocrx_word' id='word_1_184' title='bbox 673 2984 766 3052; x_wconf 89' lang='grc' dir='ltr'>δέπας</span> <span class='ocrx_word' id='word_1_185' title='bbox 782 2984 1026 3066; x_wconf 83' lang='grc' dir='ltr'>ἀμφικύπελλον.</span> 
     </span>
    </p>

    <p class='ocr_par' dir='ltr' id='par_1_26' title="bbox 245 3086 998 3172">
     <span class='ocr_line' id='line_1_27' title="bbox 245 3086 998 3172; baseline 0 -21"><span class='ocrx_word' id='word_1_186' title='bbox 245 3091 302 3166; x_wconf 90' lang='grc' dir='ltr'>στῆ</span> <span class='ocrx_word' id='word_1_187' title='bbox 317 3087 343 3151; x_wconf 89' lang='grc' dir='ltr'>δ’</span> <span class='ocrx_word' id='word_1_188' title='bbox 359 3086 447 3169; x_wconf 89' lang='grc' dir='ltr'>όρθδς</span> <span class='ocrx_word' id='word_1_189' title='bbox 462 3087 511 3151; x_wconf 82' lang='grc' dir='ltr'>καὶ</span> <span class='ocrx_word' id='word_1_190' title='bbox 525 3092 620 3167; x_wconf 82' lang='grc' dir='ltr'>μῦθον</span> <span class='ocrx_word' id='word_1_191' title='bbox 635 3090 669 3154; x_wconf 75' lang='grc' dir='ltr'>ἐν</span> <span class='ocrx_word' id='word_1_192' title='bbox 682 3087 870 3172; x_wconf 89' lang='grc' dir='ltr'>Ἀργείοισιν</span> <span class='ocrx_word' id='word_1_193' title='bbox 886 3087 998 3152; x_wconf 73' lang='grc' dir='ltr'>ἔειπεν·</span> 
     </span>
    </p>

    <p class='ocr_par' dir='ltr' id='par_1_27' title="bbox 246 3190 971 3274">
     <span class='ocr_line' id='line_1_28' title="bbox 246 3190 971 3274; baseline 0.003 -22"><span class='ocrx_word' id='word_1_194' title='bbox 246 3199 263 3225; x_wconf 90' lang='grc'>“</span> <span class='ocrx_word' id='word_1_195' title='bbox 274 3190 414 3273; x_wconf 90' lang='grc' dir='ltr'>Ἀτρείδη</span> <span class='ocrx_word' id='word_1_196' title='bbox 429 3216 463 3255; x_wconf 88' lang='grc' dir='ltr'>τε</span> <span class='ocrx_word' id='word_1_197' title='bbox 478 3193 527 3255; x_wconf 75' lang='grc' dir='ltr'>καὶ</span> <span class='ocrx_word' id='word_1_198' title='bbox 543 3193 635 3254; x_wconf 82' lang='grc' dir='ltr'>ἄλλοι</span> <span class='ocrx_word' id='word_1_199' title='bbox 650 3190 823 3270; x_wconf 77' lang='grc' dir='ltr'>ἐϋκνήμιδες</span> <span class='ocrx_word' id='word_1_200' title='bbox 837 3190 971 3274; x_wconf 89' lang='grc' dir='ltr'>Ἀχαιοί,</span> 
     </span>
    </p>

    <p class='ocr_par' dir='ltr' id='par_1_28' title="bbox 244 3294 1033 3376">
     <span class='ocr_line' id='line_1_29' title="bbox 244 3294 1033 3376; baseline -0.003 -19"><span class='ocrx_word' id='word_1_201' title='bbox 244 3294 332 3376; x_wconf 86' lang='grc' dir='ltr'>ἀνδρε</span> <span class='ocrx_word' id='word_1_202' title='bbox 347 3294 406 3358; x_wconf 88' lang='grc' dir='ltr'>δύω</span> <span class='ocrx_word' id='word_1_203' title='bbox 422 3295 490 3376; x_wconf 85' lang='grc' dir='ltr'>περὶ</span> <span class='ocrx_word' id='word_1_204' title='bbox 505 3299 599 3359; x_wconf 80' lang='grc' dir='ltr'>τῶνδε</span> <span class='ocrx_word' id='word_1_205' title='bbox 614 3294 784 3374; x_wconf 88' lang='grc' dir='ltr'>κελεύομεν,</span> <span class='ocrx_word' id='word_1_206' title='bbox 799 3295 823 3358; x_wconf 79' lang='grc' dir='ltr'><em>ὥ</em></span> <span class='ocrx_word' id='word_1_207' title='bbox 838 3319 894 3374; x_wconf 91' lang='grc' dir='ltr'>περ</span> <span class='ocrx_word' id='word_1_208' title='bbox 911 3294 1033 3374; x_wconf 90' lang='grc' dir='ltr'>ἀρίστω,</span> 
     </span>
    </p>

    <p class='ocr_par' dir='ltr' id='par_1_29' title="bbox 244 3393 1193 3481">
     <span class='ocr_line' id='line_1_30' title="bbox 244 3393 1193 3481; baseline 0.001 -20"><span class='ocrx_word' id='word_1_209' title='bbox 244 3395 306 3476; x_wconf 81' lang='grc' dir='ltr'>πὺξ</span> <span class='ocrx_word' id='word_1_210' title='bbox 316 3397 387 3476; x_wconf 89' lang='grc' dir='ltr'>μόλ’</span> <span class='ocrx_word' id='word_1_211' title='bbox 403 3395 603 3481; x_wconf 86' lang='grc' dir='ltr'>ἀνασχομένω</span> <span class='ocrx_word' id='word_1_212' title='bbox 619 3396 822 3479; x_wconf 81' lang='grc' dir='ltr'>πεπληγέμεν·</span> <span class='ocrx_word' id='word_1_213' title='bbox 845 3394 869 3481; x_wconf 73' lang='grc' dir='ltr'><em>ᾤ</em></span> <span class='ocrx_word' id='word_1_214' title='bbox 882 3395 916 3460; x_wconf 91' lang='grc' dir='ltr'>δέ</span> <span class='ocrx_word' id='word_1_215' title='bbox 926 3393 954 3459; x_wconf 83' lang='grc' dir='ltr'>κ’</span> <span class='ocrx_word' id='word_1_216' title='bbox 963 3393 1127 3462; x_wconf 88' lang='grc' dir='ltr'>Ἀπόλλων</span> <span class='ocrx_word' id='word_1_217' title='bbox 1142 3411 1193 3462; x_wconf 85' lang='lat'>660</span> 
     </span>
    </p>

    <p class='ocr_par' dir='ltr' id='par_1_30' title="bbox 243 3496 954 3586">
     <span class='ocr_line' id='line_1_31' title="bbox 243 3496 954 3586; baseline -0.003 -23"><span class='ocrx_word' id='word_1_218' title='bbox 243 3500 305 3586; x_wconf 78' lang='grc' dir='ltr'>δεύῃ</span> <span class='ocrx_word' id='word_1_219' title='bbox 321 3503 496 3580; x_wconf 88' lang='grc' dir='ltr'>καμμονίην,</span> <span class='ocrx_word' id='word_1_220' title='bbox 511 3501 633 3582; x_wconf 82' lang='grc' dir='ltr'>γνόωσι</span> <span class='ocrx_word' id='word_1_221' title='bbox 647 3502 682 3563; x_wconf 77' lang='grc' dir='ltr'>δὲ</span> <span class='ocrx_word' id='word_1_222' title='bbox 696 3498 807 3565; x_wconf 80' lang='grc' dir='ltr'>πάντες</span> <span class='ocrx_word' id='word_1_223' title='bbox 823 3496 954 3582; x_wconf 90' lang='grc' dir='ltr'>Ἀχαιοί,</span> 
     </span>
    </p>

    <p class='ocr_par' dir='ltr' id='par_1_31' title="bbox 243 3601 960 3687">
     <span class='ocr_line' id='line_1_32' title="bbox 243 3601 960 3687; baseline -0.003 -20"><span class='ocrx_word' id='word_1_224' title='bbox 243 3602 369 3684; x_wconf 79' lang='grc' dir='ltr'>ἡμίονον</span> <span class='ocrx_word' id='word_1_225' title='bbox 382 3610 551 3686; x_wconf 77' lang='grc' dir='ltr'>ταλαεργὸν</span> <span class='ocrx_word' id='word_1_226' title='bbox 566 3604 649 3687; x_wconf 79' lang='grc' dir='ltr'>ἄγων</span> <span class='ocrx_word' id='word_1_227' title='bbox 663 3603 821 3684; x_wconf 89' lang='grc' dir='ltr'>κλισίηνδε</span> <span class='ocrx_word' id='word_1_228' title='bbox 836 3601 960 3666; x_wconf 88' lang='grc' dir='ltr'>νεέσθω·</span> 
     </span>
    </p>

    <p class='ocr_par' dir='ltr' id='par_1_32' title="bbox 243 3703 1039 3789">
     <span class='ocr_line' id='line_1_33' title="bbox 243 3703 1039 3789; baseline 0 -17"><span class='ocrx_word' id='word_1_229' title='bbox 243 3708 336 3789; x_wconf 76' lang='grc' dir='ltr'>αὐτὰρ</span> <span class='ocrx_word' id='word_1_230' title='bbox 353 3709 369 3770; x_wconf 87' lang='grc' dir='ltr'>ό</span> <span class='ocrx_word' id='word_1_231' title='bbox 384 3708 517 3786; x_wconf 85' lang='grc' dir='ltr'>νικηθεὶς</span> <span class='ocrx_word' id='word_1_232' title='bbox 532 3706 624 3776; x_wconf 88' lang='grc' dir='ltr'>δέπας</span> <span class='ocrx_word' id='word_1_233' title='bbox 640 3709 756 3772; x_wconf 77' lang='grc' dir='ltr'>οἴσεται</span> <span class='ocrx_word' id='word_1_234' title='bbox 775 3703 1039 3789; x_wconf 88' lang='grc' dir='ltr'>ἀμφικύπελλον.”</span> 
     </span>
    </p>
   </div>
   <div class='ocr_carea' id='block_1_3' title="bbox 0 0 1461 4232">
    <p class='ocr_par' dir='ltr' id='par_1_33' title="bbox 0 0 1461 4232">
     <span class='ocr_line' id='line_1_34' title="bbox 0 0 1461 4232; baseline 0 0"><span class='ocrx_word' id='word_1_235' title='bbox 0 0 1461 4232; x_wconf 95' lang='lat' dir='ltr'> </span> 
     </span>
    </p>
   </div>
  </div>
 </body>
</html>
