2848 4296
522 403 570 467 19.
599 387 769 446 ΙΛΙΑΔΟΣ
792 388 827 447 Τ,
1092 400 1155 465 399

208 569 225 595 “
237 562 285 624 καὶ
301 562 373 638 λίην
389 559 417 621 σ’
436 559 479 622 ἔτι
496 562 548 623 νῦν
563 583 599 641 γε
616 557 786 636 σαώσομεν,
802 554 906 638 ὄβριμ’
922 556 1079 638 Ἀχιλλεῦ·

207 662 289 727 άλλά
305 688 351 726 τοι
368 662 493 744 ἐγγύθεν
510 660 587 741 ἦμαρ
604 659 752 741 ὀλέθριον·
776 661 844 723 οὐδέ
859 685 905 723 τοι
919 659 1004 739 ἡμεῖς

208 771 307 842 αἴτιοι,
325 767 407 828 ἀλλὰ
423 766 491 830 θεός
508 791 541 828 τε
556 763 652 848 μέγας
669 766 718 828 καὶ
734 769 837 844 Μοῖρα
852 762 986 844 κραταιή.
1107 784 1156 840 410

207 871 275 934 οὐδὲ
290 869 347 952 γὰρ
362 867 490 953 ἡμετέρῃ
506 870 673 949 βραδυτῆτί
687 894 720 931 τε
736 869 867 953 νωχελίῃ
883 892 914 930 τε

207 980 307 1056 Τρῶες
323 971 374 1035 ἀπ’
391 972 495 1050 ὤμοιιν
511 972 692 1053 Πατρόκλου
708 971 803 1053 τεύχε’
821 971 939 1034 ἕλοντο·

209 1080 290 1142 ἀλλὰ
308 1081 385 1140 θεῶν
401 1077 536 1156 ὤριστος,
555 1075 589 1138 θν
606 1073 734 1156 ἠΰκομος
751 1075 818 1139 τέκε
835 1076 930 1154 Λητώ,

209 1179 304 1247 ἔκταν’
323 1181 367 1243 ἔνὶ
385 1178 571 1262 προμάχοισι
591 1177 639 1242 καὶ
652 1179 775 1262 Ἕκτορι
791 1184 877 1245 κῦδος
892 1180 994 1243 ἔδωκε.

209 1292 264 1350 νῶϊ
278 1287 310 1348 δὲ
326 1285 376 1347 καί
390 1309 442 1347 κεν
458 1283 519 1363 άμα
535 1283 791 1369 πνοιῇ’Ζεφόροιο
808 1283 935 1362 θέοιμεν,
1108 1307 1155 1356 415

209 1388 247 1466 ἥν
260 1412 315 1469 περ
331 1387 541 1468 ἐλαφροτάτην
559 1386 633 1468 φάσ’
653 1387 786 1468 ἔμμεναι·
809 1388 891 1449 ἀλλὰ
907 1383 957 1448 σοὶ
973 1385 1051 1468 αὐτῷ

209 1492 357 1572 μόρσιμόν
373 1493 439 1554 ἔστι
457 1493 514 1576 θεῷ
533 1517 566 1556 τε
584 1492 632 1555 καὶ
650 1489 733 1572 ἀνέρι
746 1491 797 1570 ἶφι
813 1486 970 1568 δαμῆναι.”

247 1592 309 1660 Ὣς
325 1594 382 1676 ἄρα
397 1594 596 1676 φωνήσαντος
611 1595 745 1677 Ἐρινύες
762 1593 892 1677 ἔσχεθον
906 1590 1009 1669 αὐδήν.

210 1697 262 1762 τὸν
277 1700 310 1760 δὲ
324 1697 390 1780 μέγ’
408 1697 544 1781 ὀχθήσας
561 1697 702 1782 προσέφη
720 1700 814 1764 πόδας
831 1696 906 1764 ὠκὺς
920 1694 1094 1778 Ἀχιλλεύς·

196 1807 228 1836 ’“
240 1799 349 1876 Ξάνθε,
365 1804 396 1864 τί
409 1828 460 1881 μοι
478 1802 606 1868 θάνατον
621 1804 799 1883 μοντεόεαι;
824 1799 893 1865 οὐδέ
907 1803 938 1864 τί
953 1826 990 1864 σε
1004 1797 1073 1882 χρή.
1107 1827 1157 1875 420

213 1905 245 1970 εὖ
261 1931 295 1970 νυ
308 1911 341 1969 τὸ
357 1906 423 1970 οἶδα
439 1908 487 1970 καὶ
502 1907 589 1974 αὐτὸς
606 1907 687 1986 όμοι
702 1908 792 1987 μόρος
809 1903 905 1970 ἐνθάδ’
924 1903 1060 1981 ὀλέσθαι,

212 2016 306 2092 νόσφι
321 2013 416 2093 φίλον
432 2016 543 2091 πατρὸς
560 2007 608 2072 καὶ
629 2007 764 2090 μητέρος·
787 2009 869 2071 ἀλλὰ
885 2008 933 2070 καὶ
949 2007 1044 2086 έμπης

213 2116 247 2178 οὗ
262 2113 345 2193 λήξω
362 2115 432 2196 πρὶν
446 2118 553 2194 Τρῶας
569 2113 644 2193 άδην
660 2110 770 2174 ἐλάσαι
787 2107 963 2190 πολέμοιο.”

252 2216 297 2280 'H
310 2219 357 2300 ῥα,
375 2217 423 2282 καὶ
440 2219 472 2281 έν
488 2217 616 2302 πράτοις
632 2213 727 2299 ἰάχων
742 2214 796 2298 έχε
811 2213 951 2295 μώνυχας
967 2214 1086 2277 ἵππους.
