2760 4232
442 373 870 434 ΒΑΤΡΑΧΟΜΎΟΜΑΧΙΑ.
1027 387 1128 452 ,τιοηη

182 542 253 608 ἀλλ’
268 541 352 623 άγεθ’
370 543 544 620 ὁπλίζεσθε,
561 539 610 606 καὶ
627 541 795 623 ἐξέλθωμεν
811 539 978 608 ἐπ’..αύτοδς
1082 565 1128 600 120

182 648 306 726 σόμοτα
321 646 529 724 κοσμήσαντες
544 647 578 711 ἐν
593 646 694 710 ἐντεσι
708 643 922 720 δαιδαλέοισιν.

223 749 313 815 Ταῦτ’
329 749 423 814 εἰπὼν
438 751 580 814 ἀνέπεισε
595 750 832 826 καθοπλίζεσθαι
848 747 990 829 ἅπαντας.

181 854 231 918 καὶ
245 852 315 918 τοὺς
328 852 385 933 μέν
398 853 429 935 β’
446 853 612 933 ἐκόρνσσεν
621 849 715 932 Ἄρης
729 851 876 932 πολέμοιο
891 852 1040 931 μεμηλώς·
1103 855 1105 866 ’

182 961 323 1035 κνημῖδας
337 958 393 1031 μέν
408 961 527 1039 πρῶτον
544 956 733 1038 ἐφήρμοσον,
750 958 793 1022 είς
809 955 861 1018 δύο
875 955 980 1037 μοίρας

178 1058 323 1142 ῥήξαντες
339 1059 626 1142 κοάμοοςιχλωρούς,
643 1059 676 1123 εὖ
690 1059 720 1124 δ’Ἰ
731 1058 930 1138 ἀσκήσαντες,
1080 1083 1126 1130 1²5

181 1162 232 1230 οθς
246 1163 331 1228 αὐτοὶ
347 1166 397 1227 διὰ
412 1169 515 1229 νυκτὸς
530 1163 707 1230 ἐπιστάντες
724 1161 921 1245 κατέτρωξαν.

181 1268 314 1348 θύρηκας
328 1266 354 1330 δ’
370 1266 455 1351 είχον
470 1266 728 1348 καλαμοστεφέων
745 1266 806 1343 ἀπὸ
815 1271 954 1347 βυρσῶν,

180 1368 231 1437 οὓς
246 1368 358 1451 γαλέην
373 1371 523 1451 δείραντες
538 1369 746 1448 ἐπισταμένως
762 1371 918 1448 ἐποίησαν.

180 1469 273 1539 ἀσπίς
288 1471 313 1535 δ’
328 1471 366 1551 ήν
379 1474 493 1558 λύχνου
507 1480 542 1537 τδ
557 1473 768 1555 μεσόμφαλον·
790 1472 809 1551 ἡ
826 1471 859 1536 δέ
874 1497 909 1537 vv
922 1473 1033 1554 λόγχη,

181 1574 309 1656 εὐμήκης
323 1578 450 1657 βελόνη,
467 1576 664 1660 παγχάλκεον
680 1577 768 1659 ἐργον
779 1574 898 1658 Ἀρηος·
950 1631 952 1637 .
1077 1599 1127 1647 130

178 1679 197 1757 ἡ
214 1681 247 1743 δέ
262 1681 347 1760 κόρυς
362 1685 397 1744 τό
411 1679 543 1761 λέπνρον
558 1679 609 1744 ἐπὶ
624 1682 786 1763 κροτάφοις
802 1681 968 1760 ἐρεβίνθου.

224 1784 312 1846 Ούτω
327 1787 383 1860 μὲν
397 1783 467 1863 μύες
483 1782 563 1862 ἦσαν
579 1787 611 1848 ἐν
626 1785 742 1862 ὅπλοις·
766 1783 806 1849 ὧς
820 1780 845 1846 δ’
861 1783 1001 1860 ἐνόησαν

179 1885 339 1968 βάτραχοι,
356 1885 539 1965 ἐξανέδοσαν
555 1885 608 1967 ἀφ’
628 1889 743 1965 ύδατος,
758 1887 790 1953 ἐς
804 1883 828 1950 δ’
848 1885 902 1949 ἐνο
916 1891 1017 1967 χῶρον

181 1991 322 2056 ἐλθόντες
339 1989 459 2070 βουλὴν
473 1988 602 2074 ξύναγον
617 1989 764 2070 πολέμοιο
780 1993 893 2052 κακοῖο.
995 2043 996 2046 ,

181 2090 392 2173 σκεπτομένων
407 2093 432 2156 δ’
447 2095 555 2172 αὐτῶν,
569 2093 696 2172 πόθενή
715 2089 868 2170 στάσις,ῑῆ
884 2093 930 2158 τίς
945 2093 962 2155 ὁ
978 2093 1117 2173 θρύλλος,

180 2193 274 2277 κῆρυξ
287 2195 413 2278 ἐγγύθεν
428 2195 502 2274 ήλθε
517 2198 618 2280 φέρων
630 2197 747 2282 ῥάβδον
761 2195 845 2278 μετὰ.
853 2197 972 2278 χερσίν,
1078 2208 1127 2269 136

179 2300 382 2382 Τορογλύφου
395 2300 679 2385 οίδςμεγαλήτορος
694 2300 949 2382 Ἐμβασίχυτρος,
975 2359 976 2364 ,

181 2402 342 2486 ἀγγέλλων
356 2402 503 2485 πολέμοιο
520 2405 614 2484 κακήν
629 2403 730 2486 φάτιν,
747 2403 814 2468 εἶπέ
829 2428 861 2467 τε
875 2409 951 2466 τοῖα·

157 2499 163 2510 ’
219 2503 264 2567 Ὤ
278 2505 440 2589 βάτραχοι,
454 2507 527 2586 μύες
540 2507 631 2587 ὔμμιν
646 2505 869 2584 ἀπειλήσαντες
884 2508 1026 2588 ἔπεμψαν

180 2611 276 2675 εἰπεῖν
291 2611 472 2687 ὁπλίζεσθαι
487 2608 537 2674 ἐπὶ
553 2611 706 2691 πτόλεμόν
720 2636 753 2675 τε
767 2607 870 2692 μάχην
883 2635 923 2674 τε.
1078 2637 1125 2688 ¹40

180 2712 260 2777 εἶδον
275 2716 333 2795 γὰρ
349 2711 413 2777 καθ’
427 2715 506 2795 ύδωρ
520 2713 764 2796 Ψιχάρπαγα,.ύν
779 2740 834 2794 περ
850 2715 981 2795 ἔπεφνεν

179 2815 319 2897 ὑμέτερος
333 2817 482 2896 βασιλεὺς
496 2819 714 2900 Φυσίγναθος.Ι
734 2816 826 2896 ἢἀλλὰ
839 2817 985 2901 μάχεσθε,

180 2923 209 2982 οἵ
222 2944 300 2986 τινες
316 2921 350 2983 ἐν
359 2920 567 3003 ,βατράχοισιν
583 2923 723 3002 ἀριστῆες
737 2920 877 3004 γεγάατε.

215 3019 279 3089 *Ως
295 3024 387 3087 εἰπὼν
403 3023 549 3104 ἀπέφηνε·
572 3027 669 3106 λόγος,
680 3024 706 3089 δ’
724 3027 767 3090 εἰς
783 3025 862 3088 οὔατ’
878 3025 1000 3105 ἀμύμων
1066 3083 1069 3092 .

180 3127 327 3190 εἰσελθὼν
343 3126 468 3209 ἐτάραξε
484 3127 597 3209 φρένας
615 3126 780 3211 βατράχων
795 3128 967 3211 ἀγερώχων·
1076 3155 1124 3206 ¹45

178 3231 379 3310 μεμφομένων
395 3230 420 3295 δ’
437 3231 843 3312 αύτῶνΦοσίγναθοςεῖπεν
858 3232 1000 3299 ἀναστάς·

218 3330 263 3396 Ὠ
281 3335 380 3414 φίλοι,
396 3334 447 3398 ούκ
463 3335 597 3398 ἐκτεινον
612 3334 672 3416 ἐγὼ
686 3341 754 3412 μῦν,
771 3336 845 3416 οὐδὲΙ
855 3341 991 3400 κατεῖδον
1024 3345 1026 3351 ⁴

179 3436 356 3518 ἀλλύμενον·
378 3437 497 3503 πάντως
514 3438 538 3501 δ’
554 3438 792 3520 ἐπνίγηπαίζων
806 3443 888 3520 παρὰ
902 3441 1030 3519 λίμνην,
1077 3497 1080 3502 ,
1102 3493 1104 3498 .

179 3538 279 3619 νήξεις
294 3541 347 3607 τὰς
361 3539 527 3624 βατράχων
540 3542 730 3620 μιμούμενος·
755 3544 784 3605 οἱ
800 3544 833 3606 δὲ
848 3542 985 3608 κάκιστοι

178 3649 231 3707 νῦν
247 3647 298 3724 ἐμὲ
312 3644 482 3726 μέμφονται
497 3650 549 3709 τόν
564 3645 705 3710 ἀναίτιον·
728 3644 799 3708 ἀλλ’
815 3644 871 3728 άγε
884 3649 1003 3726 βουλὴν
1078 3671 1125 3720 ¹50

181 3746 362 3829 ζητήσωμεν,
379 3749 460 3816 ὅπως
476 3751 596 3816 δολίους
610 3750 684 3829 μύας
700 3747 898 3830 ἐξολέσωμεν.
