2746 4228
478 349 507 396 2.
534 335 704 396 ΙΛΙΑΔΟΣ
729 336 761 396 Β.

152 508 184 568 οἵ
198 530 230 568 τε
246 503 407 569 Πλάταιαν
422 504 496 587 έχον
511 503 554 582 ἠδ’
573 503 601 567 οϊ
617 501 758 567 Γλισᾶντ’
775 500 926 580 ἐνέμοντο,

152 606 224 670 αἴθ’
241 605 418 686 Ὑποθήβας
434 607 528 688 εἶχον,
546 605 717 683 ἐϋκτίμενον
732 604 921 684 πτολίεθρον,

150 709 330 793 Ὀγχηστόν
345 709 370 772 θ’
389 709 478 790 ἱερόν,
496 706 664 786 Ποσιδήϊον
681 705 796 788 ἀγλαὸν
812 707 917 779 ἄλσος,

152 819 183 876 οἵ
198 838 232 876 τε
246 811 487 893 πολυστάφυλον
498 810 611 891 Ἄρνην
626 810 708 892 έχον,
726 811 756 872 οἵ
769 834 803 872 τε
818 811 948 874 Μίδειαν

152 915 257 981 Νἳσόν
273 938 306 979 τε
323 915 430 994 ζαθέην
444 914 612 993 Ἀνθηδόνα
628 913 653 974 τ’
670 913 878 995 ἐσχατόωσαν·

150 1025 212 1084 τῶν
226 1021 283 1097 μὲν
298 1016 483 1096 πεντήκοντα
498 1015 563 1082 νέες
580 1017 653 1089 κίον,
670 1017 703 1080 ἐν
718 1017 751 1078 δέ
767 1013 878 1100 ἑκάστῃ

153 1127 255 1203 κοῦροι
269 1126 409 1186 Βοιωτῶν
424 1120 531 1184 ἑκατὸν
546 1120 594 1183 καὶ
611 1121 708 1183 εἴκοσι
723 1122 842 1198 βαῖνον.

198 1225 238 1288 Οϊ
254 1225 280 1288 δ’
295 1224 493 1302 Ἀσπληδόνα
508 1229 593 1290 ναῖον
609 1222 645 1286 ἰδ’
660 1222 848 1304 Ὀρχομενὸν
863 1223 1017 1295 Μινύειον,

152 1334 213 1392 τῶν
227 1327 294 1411 ἦρχ’
310 1326 510 1408 Ἀσκάλαφος
526 1326 574 1390 καὶ
589 1324 754 1404 Ἰάλμενος,
771 1327 834 1391 υίες
846 1323 966 1408 Ἀρηος,

154 1430 204 1496 οὓς
219 1431 305 1494 τέκεν
320 1430 475 1510 Ἀστυόχη
491 1430 571 1513 δόμῳ
583 1427 729 1509 Ἀκτορος
743 1427 892 1505 Ἀζεΐδαο,

152 1531 300 1616 παρθένος
317 1532 424 1609 αἰδοίη,
440 1532 588 1612 ὑπερώϊον
603 1532 806 1609 εἰσαναβᾶσα,

149 1634 239 1717 Ἀρηϊ
254 1635 396 1717 κρατερῷ·
420 1635 437 1696 ό
452 1631 485 1697 δέ
501 1635 529 1696 οἱ
543 1631 731 1713 παρελέξατο
745 1631 853 1718 λάθρῃ·

152 1745 216 1806 τοῖς
231 1741 264 1802 δὲ
280 1737 438 1821 τριήκοντα
453 1737 609 1821 γλαφυραὶ
625 1737 690 1802 νέες
705 1737 899 1818 ἐστιχόωντο.

196 1843 296 1924 Αὗτδρ
312 1839 447 1920 Φωκήων
462 1842 588 1924 Σχεδίος
603 1841 652 1903 καὶ
667 1839 875 1920 Ἐπίστροφος
892 1837 995 1921 ήρχον,

152 1945 230 2012 υίέες
243 1945 362 2026 Ἰφίτου
376 1945 547 2028 μεγαθύμου
562 1942 771 2022 Ναυβολίδαο,

154 2050 182 2112 οί
197 2048 395 2131 Κυπάρισσον
411 2050 483 2131 έχον
498 2045 629 2111 Πυθῶνά
643 2071 677 2110 τε
691 2042 884 2126 πετρήεσσαν

154 2151 270 2234 Κρῖσάν
285 2176 319 2216 τε
335 2150 443 2230 ζαθέην
458 2152 507 2215 καὶ
524 2150 662 2214 Δαυλίδα
676 2149 725 2211 καὶ
742 2151 901 2225 Πανοπῆα,

155 2255 221 2318 οἵτ’
236 2255 440 2336 Ἀνεμώρειαν
455 2255 504 2318 καὶ
518 2252 688 2332 Ὑάμπολιν
704 2248 921 2331 ἀμφενέμοντο,

155 2360 183 2420 οἵ
196 2356 222 2420 τ’
238 2357 295 2438 άρα
310 2360 371 2438 πδρ
386 2355 521 2435 ποταμὸν
536 2353 678 2436 Κηφισὸν
693 2358 758 2419 δῖον
774 2353 883 2426 έναιον,

154 2464 183 2525 οἵ
196 2487 229 2525 τε
243 2463 376 2526 Λίλαιαν
392 2461 464 2542 ἐχον
479 2461 578 2544 πηγῇς
593 2459 643 2522 ἐπι
660 2462 823 2539 Κηφισοῖο·

152 2569 215 2630 τοῖς
230 2562 255 2628 δ’
272 2562 334 2641 άμα
349 2561 578 2644 τεσσαράκοντα
591 2559 733 2640 μέλαιναι
749 2564 818 2639 νῆες
833 2559 951 2625 έποντο.

153 2669 182 2730 οἱ
196 2668 253 2745 μὲν
267 2663 402 2742 Φωκήων
418 2664 526 2746 στίχας
541 2665 673 2727 ἵστασαν
688 2661 900 2743 ἀμφιέποντες,

153 2773 293 2833 Βοιωτῶν
308 2771 332 2830 δ’
351 2767 470 2845 έμπλην
485 2765 530 2829 ἐπ’
548 2767 691 2848 ἀριστερὰ
706 2764 911 2848 θωρήσσοντο.

194 2876 319 2951 Λοκρῶν
335 2869 360 2932 δ’
376 2869 558 2951 ἡγεμόνευεν
572 2868 698 2948 Ὀϊλῆος
713 2867 807 2951 ταχὺς
821 2871 906 2941 Αίας,

150 2975 253 3054 μείων,
270 2973 305 3038 οὔ
320 2998 349 3036 τι
366 2979 456 3038 τόσος
471 2999 507 3054 γε
522 2973 596 3038 ὅσος
609 2973 803 3051 Τελαμώνιος
819 2974 904 3044 Αἴας,

153 3079 236 3140 ἆλλδ
250 3074 329 3139 πολὺ
344 3076 446 3154 μείων·
470 3074 575 3156 ὀλίγος
589 3077 645 3154 μὲν
660 3075 722 3153 ἐην,
738 3072 916 3156 λινοθώρηξ,

153 3179 258 3265 ἐγχείῃ
274 3179 299 3242 δ’
317 3176 680 3255 ἐκέκαστοΠανέλληνας
696 3179 746 3242 καὶ
759 3177 913 3260 Ἀχαιούς·

154 3281 182 3344 οἳ
199 3281 296 3362 Κῦνόν
311 3281 336 3343 τ’
354 3278 485 3358 ἐνέμοντ’
502 3279 655 3344 Ὀπόεντά
669 3305 702 3344 τε
717 3281 894 3362 Καλλίαρόν
908 3304 942 3344 τε

154 3383 280 3462 Βῆσσάν
295 3407 329 3448 τε
343 3381 489 3463 Σκάρφην
503 3408 536 3446 τε
552 3384 601 3447 καὶ
615 3382 755 3465 Ἀθγειδς
771 3385 923 3464 ἐρατεινὰς

151 3486 278 3568 Τάρφην
292 3512 327 3552 τε
342 3486 475 3565 Θρόνιον
490 3509 523 3548 τε
538 3487 687 3567 Βοαγρίου
703 3487 780 3566 ἀμφὶ
794 3485 912 3569 ῥέεθρα·

153 3591 195 3673 τῷ
212 3589 235 3652 δ’
252 3589 314 3668 άμα
329 3586 558 3670 τεσσαράκοντα
573 3587 714 3667 μέλαιναι
731 3593 800 3668 νῆες
816 3589 925 3654 ἕποντο

154 3697 285 3776 Λοκρῶν,
303 3696 332 3756 οἳ
348 3694 467 3758 ναίουσι
482 3689 576 3774 πέρην
592 3694 673 3771 ἱερῆς
688 3691 832 3771 Εὐβοίης.

1047 1146 1096 1195 5¹0

1049 1661 1096 1710 5¹5

1047 2177 1095 2222 5²0

1049 2691 1096 2740 5²5

1046 3203 1096 3253 530

1048 3715 1096 3766 535
