2792 4232
262 333 325 402 332
577 313 625 376 τό.
649 317 818 376 ΙΛΙΑΔΟΣ
842 318 882 376 Π.

261 482 335 548 Ζεὺς
350 483 375 546 δ’
391 484 441 548 ἐπὶ
456 479 535 548 νύκτ’
551 483 645 563 ὀλοὴν
660 482 770 549 τάνυσε
786 486 908 571 κρατερῇ
924 485 1043 570 ὑσμίνῃ,

260 587 341 666 ὄφρα
356 587 437 670 φίλῳ
453 587 521 666 περὶ
535 587 620 650 παιδὶ
633 585 733 670 μάχης
748 587 837 653 ἀλοδς
851 589 944 654 πόνος
959 591 988 652 εί
1008 634 1016 648 .

298 685 402 752 Ὧσαν
417 691 450 752 δὲ
464 689 603 770 πρότεροι
616 695 717 770 Τρῶες
732 692 882 755 ἑλίκωπας
895 689 1049 773 Ἀχαιούς·

258 793 358 868 βλῆτο
370 791 428 873 γὰρ
440 791 475 854 οὔ
486 816 516 857 τι
527 790 667 858 κάκιστος
683 791 757 873 ἀνὴρ
770 795 846 873 μετὰ
862 795 1120 873 Μυρμιδόνεσσιν,
1150 816 1199 869 570

259 890 322 959 υἱὸς
338 893 507 976 Ἀγακλῆος
524 893 703 976 μεγαθύμου,
719 899 783 962 δῖος
795 894 963 978 Ἐπειγεύς,

260 998 293 1062 ὅς
306 995 339 1078 ῥ’
355 999 389 1061 ἑν
404 996 533 1079 Βουδείῳ
547 995 578 1060 εὖ
595 995 741 1081 ναιομένῳ
757 995 874 1074 ἤνασσε

258 1097 294 1160 τὸ
308 1097 387 1178 πρίν·
410 1098 485 1178 ἀτδρ
501 1098 570 1161 τότε
584 1096 612 1179 γ’
629 1098 742 1162 ἐσθλὸν
757 1097 887 1180 ἀνεψιὸν
903 1097 1076 1182 ἐξεναρίξας

260 1202 291 1264 ἐς
306 1198 410 1278 Πηλῆ’
427 1198 562 1263 ἱκέτευσε
578 1201 627 1262 καὶ
641 1202 673 1266 ές
689 1199 783 1266 Θέτιν
798 1201 1012 1284 ἀργυρόπεζαν·

260 1305 289 1365 οἱ
304 1298 330 1366 δ’
346 1300 395 1382 ἀμ’
412 1302 558 1386 Ἀχιλλῆϊ
571 1301 714 1387 ῥηξήνορι
729 1303 848 1385 πέμπον
863 1305 991 1368 ἑπεσθαι
1150 1329 1198 1382 575

256 1405 352 1470 Ἰλιον
367 1407 410 1471 εἰς
425 1406 571 1480 εὔπωλον,
587 1409 639 1471 ἵνα
651 1408 793 1489 Τρώεσσι
807 1406 947 1492 μάχοιτο.

259 1510 312 1573 τόν
329 1511 368 1591 ῥα
382 1506 445 1572 τόθ’
461 1511 630 1588 ἀπτόμενον
645 1510 748 1578 νέκυος
762 1511 844 1591 βάλε
860 1514 1001 1592 φαίδιμος
1013 1510 1131 1593 Ἕκτωρ

257 1610 408 1697 χερμαδίῳ
424 1610 571 1693 κεφαλήν·
594 1611 612 1690 ἡ
628 1612 656 1677 δ’
672 1613 782 1697 ἄνδιχα
793 1619 878 1678 πᾶσα
894 1613 1007 1693 κεάσθη

258 1716 291 1776 ἐν
306 1713 407 1795 κόρυθι
421 1716 542 1801 βριαρῇ·
566 1715 583 1778 ό
602 1714 626 1778 δ’
644 1715 701 1796 άρα
715 1717 829 1798 πρηνὴς
844 1719 893 1781 ἐπὶ
909 1719 1002 1802 νεκρῷ

258 1817 421 1896 κάππεσεν,
437 1817 517 1898 ἀμφὶ
531 1817 565 1882 δέ
581 1843 634 1897 μιν
648 1817 774 1886 θάνατος
789 1819 862 1904 χότο
879 1820 1087 1901 θυμοραϊστής.
1148 1836 1199 1899 580

258 1922 424 2005 Πατρόκλῳ
440 1921 465 1984 δ’
480 1919 526 2003 ἄρ’
542 1921 617 2003 άχος
630 1920 734 2005 γένετο
750 1921 898 2003 φθιμένου
913 1923 1040 2006 ἑτάροιο,

257 2027 362 2088 ἴθυσεν
376 2026 409 2088 δὲ
423 2027 472 2087 διὰ
488 2024 651 2109 προμάχων
667 2027 745 2106 ἴρηκι
762 2027 865 2093 ἑοικιδς
957 2023 961 2034 ’

257 2126 336 2205 ὠκέϊ,
352 2127 385 2193 ἀς
399 2125 425 2190 τ’
440 2127 581 2208 ἐφόβησε
600 2128 737 2194 κολοιούς
753 2153 785 2194 τε
799 2129 900 2211 ψῆράς
919 2148 962 2194 τε·

258 2231 296 2294 ὣς
310 2229 375 2296 ίθδς
389 2230 514 2309 Λυκίων,
531 2231 722 2312 Πατρόκλεες
737 2231 946 2304 ἱπποκέλευθε,

256 2332 351 2395 ἔσσυο
368 2337 417 2395 καὶ
430 2333 550 2413 Τριίων,
568 2336 727 2416 κεχόλωσο
743 2335 775 2398 δὲ
791 2338 845 2414 κῆρ
861 2333 988 2413 ἑτάροιο.
1149 2351 1197 2413 585

257 2435 308 2497 καί
319 2432 352 2516 ῥ’
368 2434 464 2515 ἑθαλε
479 2433 658 2513 Σθενέλαον,
673 2434 854 2514 Ἰθαιμένεος
871 2437 965 2518 φίλον
980 2437 1054 2508 υἱόν,

256 2536 369 2619 αὐχένα
382 2540 543 2623 χερμαδίῳ,
557 2537 646 2623 ῥῆξεν
662 2538 687 2602 δ’
703 2539 764 2602 ἀπὸ
779 2543 844 2601 τοῖο
859 2537 1009 2604 τένοντας.

256 2641 399 2723 χάρησαν
415 2641 440 2705 δ’
456 2642 516 2705 ὑπό
530 2667 563 2705 τε
578 2643 730 2724 πρόμαχοι
745 2642 794 2704 καὶ
810 2642 952 2721 φαίδιμος
962 2640 1100 2726 ‘'Emm-

256 2747 336 2824 ὅσση
352 2746 379 2808 δ’
396 2743 536 2826 αἰγανέης
553 2745 626 2827 ριπῆ
642 2749 763 2808 ταναοῖο
779 2743 924 2818 τέτυκται,

255 2847 293 2923 ῆν
306 2845 345 2929 ῥά
358 2845 385 2911 τ’
401 2847 475 2928 ἀνὴρ
489 2847 571 2935 ἀφέῃ
586 2848 767 2929 πειριίμενος
784 2843 803 2924 ῆ
819 2848 852 2912 ἐν
865 2846 965 2935 ἀέθλῳ
1148 2875 1198 2928 590

255 2950 290 3026 ῆὲ
306 2951 354 3014 καὶ
369 2952 403 3015 ἑν
417 2949 549 3034 πολέμῳ,
566 2949 657 3028 δηίων
671 2951 729 3013 ὕπο
746 2950 977 3032 θυμοραϊστέων,
1193 2965 1195 2970 ’

255 3055 370 3116 τόσσον
386 3053 545 3135 ἐχώρησαν
557 3057 668 3136 Τρῶες,
685 3053 804 3116 ὤσαντο
819 3054 844 3116 δ’
863 3051 992 3137 Ἀχαιοί.

256 3161 390 3221 Γλαΰκος
404 3157 437 3219 δὲ
451 3162 574 3236 πρῶτος,
590 3157 708 3220 Λυκίων
723 3155 797 3236 ἀγδς
812 3156 1003 3234 ἀσπιστάων,

256 3255 402 3339 ἐτράπετ’,
419 3258 549 3324 ἔκτεινεν
567 3259 599 3322 δὲ
615 3261 776 3336 Βαθυκλῆα
789 3259 969 3343 μεγάθυμον,

255 3361 421 3426 Χάλκωνος
436 3362 530 3440 φίλον
544 3363 619 3436 υἱόν,
636 3359 669 3426 ὃς
683 3359 812 3426 Ἐλλάδι
829 3365 907 3426 οἰκία
922 3365 1016 3428 ναίων
1149 3395 1198 3448 595

257 3469 342 3548 ὄλβῳ
358 3488 391 3528 τε
404 3463 525 3548 πλοότῳ
540 3489 574 3528 τε
587 3463 756 3545 μετέπρεπε
775 3467 1012 3545 Μυρμιδόνεσσι.

256 3569 308 3631 τὸν
322 3566 377 3644 μὲν
392 3566 448 3647 ἄρα
463 3571 598 3632 Γλαῦκος
614 3571 725 3645 στῆθος
739 3568 835 3648 μέσον
850 3569 960 3632 οὔτασε
975 3572 1055 3650 δουρὶ

257 3670 416 3752 στρεφθεὶς
431 3667 583 3749 ἐξαπίνης,
601 3672 651 3736 ὅτε
665 3697 718 3752 μιν
734 3671 920 3753 κατέμαρπτε
935 3675 1059 3739 διοίκων·
