2738 4226
288 297 350 358 266
608 308 851 388 13·.1A¹AA02
875 309 914 368 N.

289 477 404 555 ἀνδρῶν
419 474 471 552 ήδέ
487 477 572 538 θεῶν·
596 471 650 535 σέο
667 470 693 536 δ’
709 471 828 538 ἐκ-τάδε
844 472 942 538 πάντα
958 472 1112 540 πέλονται·
1192 503 1194 514 ·

288 580 353 641 οἶον
369 577 405 655 δὴ
421 576 566 655 ἄνδρεσσι
581 577 718 659 χαρίζεαι
733 578 907 661 ὑβριστῇσι,
960 593 963 600 ’

286 680 416 759 Τρωσίν,
432 683 491 740 τῶν
504 676 594 756 μένος
609 679 673 746 αῑέυ
689 675 872 756 ἀτάσθαλον,
889 679 956 742 οὐδὲ
972 678 1112 745 δύνανται
1176 723 1179 730 1

288 781 456 863 φυλόπιδος
472 779 657 861 κορέσασθαι
673 779 790 858 ὁμοιΐου
805 780 961 860 πολέμοιο.
1185 798 1233 860 ⁶³5

287 884 407 950 πάντων
421 887 476 964 μὲν
491 885 578 965 κόρος
594 885 668 962 ἐστί,
685 885 734 947 καὶ
749 886 843 947 ὕπνου
859 887 909 948 καὶ
925 886 1088 966 φιλότητος

286 992 405 1070 μολπῆς
420 1013 452 1052 τε
466 991 613 1069 γλυκερῆς
629 987 677 1049 καὶ
693 987 842 1065 ἀμύμονος
858 989 1031 1070 ὀρχηθμοῖο,

286 1096 345 1155 τῶν
360 1089 416 1170 πέρ
432 1113 476 1156 τις
491 1090 672 1169 καὶμᾶλλον
688 1087 824 1152 ἐέλδεται
840 1087 876 1170 ἐξ
893 1090 962 1171 ἔρον
977 1093 1054 1157 εἶναι

285 1190 303 1270 ἢ
320 1191 463 1272 πολέμου·
486 1197 587 1273 Τρῶες
603 1194 636 1255 δὲ
651 1190 751 1274 μάχης
767 1193 907 1274 ἀκόρητοι
924 1190 1039 1257 ἔασιν.”

322 1294 385 1360 Ὣς
401 1296 492 1358 είπδν
508 1298 545 1357 τά
559 1296 614 1372 μὲν
630 1293 707 1358 ἔντε’
724 1294 783 1357 ἀπὸ
798 1293 890 1377 χροδς
909 1296 1089 1374 αἱματόεντα
1184 1313 1234 1372 640

286 1398 424 1476 συλήσας
439 1397 574 1479 Ιἑτάροισι
590 1399 673 1462 δίδου
690 1396 850 1463 Μενέλαος
866 1398 997 1480 ἀμύμων,

285 1501 373 1570 αὐτὸς
389 1503 413 1567 δ’
432 1501 495 1564 αὖτ’
511 1499 627 1580 ἐξαθτις
643 1503 696 1566 ἰὼν
711 1500 915 1584 προμάχοισιν
931 1504 1050 1586 ἐμίχθη.

325 1604 421 1668 Ἔνθα
436 1608 465 1670 οἱ
479 1605 542 1676 υἱὸς
558 1607 672 1668 ἐπᾶλτο
688 1603 897 1683 Πυλαιμένεος
911 1610 1073 1685 βασιλῆος,

284 1708 468 1790 Ἁρπαλίων,
481 1707 546 1790 ύρα
558 1709 647 1789 πατρὶ
664 1708 746 1792 φίλῳ
763 1709 852 1772 ἐπετο
867 1706 1058 1788 πτολεμίξων

285 1815 317 1878 ἐς
330 1813 450 1894 Τροίην,
466 1809 526 1886 οὐδ’
543 1812 625 1882 αὖτις
642 1813 768 1892 ἀφίκετο
784 1812 912 1892 πατρίδα
926 1816 1025 1894 γαῖαν·
1182 1828 1231 1892 ⁶4⁵

201 1988 204 1993 ¹
285 1917 317 1980 ὅς
330 1918 368 1998 ῥα
383 1910 445 1978 τότ’
460 1911 615 1996 Ἀτρείδαο
629 1913 724 1994 μέσον
741 1912 834 1978 σάκος
849 1914 959 1978 οὔτασε
974 1916 1056 1995 δουρὶ

285 2019 418 2101 ἐγγύθεν,
434 2018 502 2082 οὐδὲ
517 2016 624 2099 διαπρὸ
639 2018 788 2095 δυνήσατο
803 2017 921 2098 χαλκὸν
938 2015 1080 2094 ἐλάσσαι,

283 2119 330 2202 ἀφ
348 2117 374 2185 δ’
395 2117 507 2202 ἑτάρων
525 2119 567 2185 είς
587 2119 672 2186 ἔθνος
688 2118 812 2202 ἐχάζετο
829 2120 891 2202 κῆρ’
901 2121 1061 2193 ἀλεείνων,

284 2221 418 2287 πάντοσε
432 2224 616 2300 παπταίνων,
631 2220 671 2301 μή
688 2246 732 2288 τις
746 2223 825 2304 χρόα
839 2223 944 2306 χαλκῷ
962 2225 1082 2309 ἐπαύρῃ.

284 2326 439 2405 Μηριόνης
454 2323 478 2388 δ’
496 2325 637 2389 ἀπιόντος
652 2325 692 2386 ἵει
707 2322 850 2406 χαλκήρε’
868 2323 972 2387 ὀϊστὸν
1178 2342 1229 2404 650

282 2428 334 2490 καί
346 2428 373 2509 ῥ’
389 2427 485 2506 ἔβαλε
499 2426 628 2508 γλουτὸν
645 2425 719 2488 κάτα
735 2424 844 2504 δεξιόν·
868 2426 960 2508 αύτάρ
976 2428 1079 2494 ὀϊστὸς

283 2530 403 2611 ἀντικρὺ
418 2532 493 2592 κατὰ
509 2529 613 2592 κύστιν
628 2528 676 2592 ὑπ’
693 2527 801 2591 ὀστέου
817 2527 1009 2611 ἐξεπέρησεν.

283 2625 420 2712 ἑζόμενος
435 2633 468 2695 δὲ
484 2631 546 2694 κατ’
563 2632 631 2694 αὖθι
656 2632 758 2713 φίλων
773 2633 807 2695 ἐν
821 2633 929 2714 χερσὶν
944 2634 1068 2715 ἑταίρων

283 2735 376 2813 θυμὸν
391 2737 572 2806 ἀποπνείων,
587 2733 627 2801 ὥς
639 2759 671 2800 τε
684 2732 810 2813 σκώληξ
823 2735 874 2798 ἐπὶ
887 2736 959 2821 γαίῃ

285 2843 365 2902 κεῖτο
382 2839 490 2904 ταθείς·
514 2839 547 2900 ἐκ
563 2834 589 2902 δ’
605 2838 680 2916 αἷμα
693 2836 790 2917 μέλαν
803 2835 862 2918 ῥέε,
879 2842 946 2902 δεῦε
961 2839 994 2902 δέ
1008 2845 1106 2920 γαῖαν.
1178 2858 1228 2922 ⁶55

283 2940 335 3005 τὸν
349 2943 405 3019 μὲν
421 2941 628 3023 Παφλαγόνες
642 2937 845 3022 μεγαλήτορες
860 2940 1078 3022 ἀμφεπένοντο,

283 3046 315 3110 ἐς
329 3046 437 3125 δίφρον
452 3045 477 3108 δ’
493 3041 657 3109 ἀνέσαντες
671 3044 746 3126 ἄγον
761 3044 848 3124 προτὶ
860 3043 957 3106 Ἴλιον
972 3045 1039 3124 ἱρὴν

284 3147 453 3228 ἀχνύμενοι·
476 3149 552 3225 μετὰ
567 3145 601 3210 δέ
616 3155 675 3228 σφι
693 3146 791 3226 πατὴρ
807 3147 852 3210 κίε
867 3145 977 3227 δάκρυα
991 3149 1118 3228 λείβων,

283 3249 372 3327 ποινὴ
388 3247 413 3311 δ’
430 3247 465 3310 οὔ
483 3271 527 3314 τις
542 3246 648 3314 παιδὸς
664 3250 800 3330 ἐγίγνετο
815 3253 989 3327 τεθνηῶτος.

325 3355 387 3414 Τοῦ
403 3352 435 3414 δὲ
451 3348 546 3431 Πάρις
560 3350 644 3431 μάλα
659 3351 751 3431 θυμὸν
767 3351 985 3430 ἀποκταμένοιο
1000 3354 1133 3434 χολώθη·
1170 3345 1229 3422 ἀόο

284 3453 380 3533 ξεῖνος
395 3452 452 3536 γάρ
468 3456 496 3518 οἱ
513 3456 565 3533 ἔην
580 3457 709 3518 πολέσιν
724 3458 798 3534 μετὰ
814 3455 1073 3538 Παφλαγόνεσσι·

283 3563 336 3622 τοῦ
351 3558 369 3620 ὅ
383 3583 419 3639 γε
434 3558 588 3639 χωόμενος
603 3556 700 3638 προίει
715 3555 858 3639 χαλκήρε’
874 3558 988 3622 ὀϊστόν.

284 3658 321 3737 ἣν
336 3657 369 3722 δέ
384 3684 429 3726 τις
445 3656 599 3741 Εὐχήνωρ,
617 3658 769 3726 Πολυίδου
782 3654 993 3740 μάντιοςυὶόκ,
