<?xml version="1.0" encoding="UTF-8"?>
<!DOCTYPE html PUBLIC "-//W3C//DTD XHTML 1.0 Transitional//EN"
    "http://www.w3.org/TR/xhtml1/DTD/xhtml1-transitional.dtd">
<html xmlns="http://www.w3.org/1999/xhtml" xml:lang="en" lang="en">
 <head>
  <title>
</title>
<meta http-equiv="Content-Type" content="text/html;charset=utf-8" />
  <meta name='ocr-system' content='tesseract 3.04.00' />
  <meta name='ocr-capabilities' content='ocr_page ocr_carea ocr_par ocr_line ocrx_word'/>
</head>
<body>
  <div class='ocr_page' id='page_1' title='image "./homerioperaetre00homegoog_0705.png"; bbox 0 0 2834 4234; ppageno 0'>
   <div class='ocr_carea' id='block_1_1' title="bbox 253 339 925 423">
    <p class='ocr_par' dir='ltr' id='par_1_1' title="bbox 253 339 925 423">
     <span class='ocr_line' id='line_1_1' title="bbox 253 339 925 423; baseline -0.01 -19"><span class='ocrx_word' id='word_1_1' title='bbox 253 361 315 423; x_wconf 89' lang='lat'>700</span> <span class='ocrx_word' id='word_1_2' title='bbox 545 356 594 403; x_wconf 77' lang='grc' dir='ltr'>τι.</span> <span class='ocrx_word' id='word_1_3' title='bbox 618 340 853 401; x_wconf 73' lang='grc' dir='ltr'>ΟΔΎΣΣΕΙΑΣ</span> <span class='ocrx_word' id='word_1_4' title='bbox 882 339 925 398; x_wconf 89' lang='grc' dir='ltr'>Μ.</span> 
     </span>
    </p>
   </div>
   <div class='ocr_carea' id='block_1_2' title="bbox 253 506 1200 1007">
    <p class='ocr_par' dir='ltr' id='par_1_2' title="bbox 253 506 1200 1007">
     <span class='ocr_line' id='line_1_2' title="bbox 253 506 944 591; baseline -0.006 -17"><span class='ocrx_word' id='word_1_5' title='bbox 253 512 321 575; x_wconf 81' lang='grc' dir='ltr'>αύθι</span> <span class='ocrx_word' id='word_1_6' title='bbox 337 508 523 591; x_wconf 75' lang='grc' dir='ltr'>πανημέριοι·</span> <span class='ocrx_word' id='word_1_7' title='bbox 555 509 616 588; x_wconf 81' lang='grc' dir='ltr'>ἅμα</span> <span class='ocrx_word' id='word_1_8' title='bbox 631 508 657 573; x_wconf 91' lang='grc' dir='ltr'>δ’</span> <span class='ocrx_word' id='word_1_9' title='bbox 672 509 723 588; x_wconf 86' lang='grc' dir='ltr'>ήοῖ</span> <span class='ocrx_word' id='word_1_10' title='bbox 738 506 944 590; x_wconf 87' lang='grc' dir='ltr'>φαινομένηφι</span> 
     </span>
     <span class='ocr_line' id='line_1_3' title="bbox 253 611 1200 696; baseline -0.006 -18"><span class='ocrx_word' id='word_1_11' title='bbox 253 613 431 679; x_wconf 79' lang='grc' dir='ltr'>πλεύσεσθ’·</span> <span class='ocrx_word' id='word_1_12' title='bbox 462 613 553 695; x_wconf 84' lang='grc' dir='ltr'>αὐτὰρ</span> <span class='ocrx_word' id='word_1_13' title='bbox 570 615 629 696; x_wconf 79' lang='grc' dir='ltr'>ἐγὼ</span> <span class='ocrx_word' id='word_1_14' title='bbox 645 612 731 692; x_wconf 81' lang='grc' dir='ltr'>δείξω</span> <span class='ocrx_word' id='word_1_15' title='bbox 748 615 818 676; x_wconf 86' lang='grc' dir='ltr'>ὁδὸν</span> <span class='ocrx_word' id='word_1_16' title='bbox 832 612 886 692; x_wconf 71' lang='grc' dir='ltr'>ἠδὲ</span> <span class='ocrx_word' id='word_1_17' title='bbox 902 611 1014 675; x_wconf 84' lang='grc' dir='ltr'>ἐκαστα</span> <span class='ocrx_word' id='word_1_18' title='bbox 1170 638 1200 687; x_wconf 82' lang='lat'>²5</span> 
     </span>
     <span class='ocr_line' id='line_1_4' title="bbox 254 716 930 802; baseline -0.004 -21"><span class='ocrx_word' id='word_1_19' title='bbox 254 720 402 798; x_wconf 76' lang='grc' dir='ltr'><em>σημανέω,</em></span> <span class='ocrx_word' id='word_1_20' title='bbox 420 720 470 783; x_wconf 80' lang='grc' dir='ltr'>ἵνα</span> <span class='ocrx_word' id='word_1_21' title='bbox 485 716 526 798; x_wconf 91' lang='grc' dir='ltr'>μή</span> <span class='ocrx_word' id='word_1_22' title='bbox 540 743 569 782; x_wconf 91' lang='grc' dir='ltr'>τι</span> <span class='ocrx_word' id='word_1_23' title='bbox 586 718 773 802; x_wconf 81' lang='grc' dir='ltr'>κακορραφίῃ</span> <span class='ocrx_word' id='word_1_24' title='bbox 789 717 930 800; x_wconf 79' lang='grc' dir='ltr'>ἀλεγεινῇ</span> 
     </span>
     <span class='ocr_line' id='line_1_5' title="bbox 253 815 989 905; baseline 0.003 -21"><span class='ocrx_word' id='word_1_25' title='bbox 253 821 271 901; x_wconf 84' lang='grc' dir='ltr'>ή</span> <span class='ocrx_word' id='word_1_26' title='bbox 289 825 362 889; x_wconf 80' lang='grc' dir='ltr'>ἀλδς</span> <span class='ocrx_word' id='word_1_27' title='bbox 377 819 395 901; x_wconf 84' lang='grc' dir='ltr'>ἢ</span> <span class='ocrx_word' id='word_1_28' title='bbox 412 819 462 887; x_wconf 80' lang='grc' dir='ltr'>ἐπὶ</span> <span class='ocrx_word' id='word_1_29' title='bbox 477 825 531 905; x_wconf 81' lang='grc' dir='ltr'>γῆς</span> <span class='ocrx_word' id='word_1_30' title='bbox 548 820 699 904; x_wconf 80' lang='grc' dir='ltr'>ἀλγήσετε</span> <span class='ocrx_word' id='word_1_31' title='bbox 714 825 798 900; x_wconf 86' lang='grc' dir='ltr'>πῆμα</span> <span class='ocrx_word' id='word_1_32' title='bbox 813 815 989 886; x_wconf 78' lang='grc' dir='ltr'>παθόντες.”</span> 
     </span>
     <span class='ocr_line' id='line_1_6' title="bbox 289 920 1113 1007; baseline -0.002 -19"><span class='ocrx_word' id='word_1_33' title='bbox 289 925 353 992; x_wconf 87' lang='grc' dir='ltr'>Ὣς</span> <span class='ocrx_word' id='word_1_34' title='bbox 368 926 466 1007; x_wconf 77' lang='grc' dir='ltr'>ἔφαθ’,</span> <span class='ocrx_word' id='word_1_35' title='bbox 483 925 555 1007; x_wconf 83' lang='grc' dir='ltr'>ἡμῖν</span> <span class='ocrx_word' id='word_1_36' title='bbox 571 926 596 989; x_wconf 88' lang='grc' dir='ltr'>δ’</span> <span class='ocrx_word' id='word_1_37' title='bbox 612 924 674 988; x_wconf 75' lang='grc' dir='ltr'>αὖτ’</span> <span class='ocrx_word' id='word_1_38' title='bbox 690 925 866 988; x_wconf 77' lang='grc' dir='ltr'>ἐπεπείθετο</span> <span class='ocrx_word' id='word_1_39' title='bbox 883 927 974 1001; x_wconf 87' lang='grc' dir='ltr'>θυμὸς</span> <span class='ocrx_word' id='word_1_40' title='bbox 985 920 1113 1004; x_wconf 83' lang='grc' dir='ltr'>ἀγήνωρ.</span> 
     </span>
    </p>
   </div>
   <div class='ocr_carea' id='block_1_3' title="bbox 250 1026 1200 1939">
    <p class='ocr_par' dir='ltr' id='par_1_3' title="bbox 250 1026 1200 1939">
     <span class='ocr_line' id='line_1_7' title="bbox 253 1026 1018 1111; baseline -0.003 -19"><span class='ocrx_word' id='word_1_41' title='bbox 253 1031 292 1095; x_wconf 78' lang='grc' dir='ltr'>ὣς</span> <span class='ocrx_word' id='word_1_42' title='bbox 308 1031 376 1094; x_wconf 90' lang='grc' dir='ltr'>τότε</span> <span class='ocrx_word' id='word_1_43' title='bbox 390 1032 446 1109; x_wconf 83' lang='grc' dir='ltr'>μέν</span> <span class='ocrx_word' id='word_1_44' title='bbox 461 1031 580 1111; x_wconf 83' lang='grc' dir='ltr'>πρόπαν</span> <span class='ocrx_word' id='word_1_45' title='bbox 595 1028 673 1109; x_wconf 80' lang='grc' dir='ltr'>ἦμαρ</span> <span class='ocrx_word' id='word_1_46' title='bbox 689 1030 719 1094; x_wconf 87' lang='grc' dir='ltr'>ἐς</span> <span class='ocrx_word' id='word_1_47' title='bbox 734 1026 840 1106; x_wconf 84' lang='grc' dir='ltr'>ἠέλιον</span> <span class='ocrx_word' id='word_1_48' title='bbox 855 1026 1018 1091; x_wconf 83' lang='grc' dir='ltr'>καταδύντα</span> 
     </span>
     <span class='ocr_line' id='line_1_8' title="bbox 251 1128 1200 1214; baseline -0.006 -17"><span class='ocrx_word' id='word_1_49' title='bbox 251 1134 349 1214; x_wconf 85' lang='grc' dir='ltr'>ἥμεθα</span> <span class='ocrx_word' id='word_1_50' title='bbox 364 1133 531 1212; x_wconf 84' lang='grc' dir='ltr'>δαινύμενοι</span> <span class='ocrx_word' id='word_1_51' title='bbox 547 1133 618 1213; x_wconf 89' lang='grc' dir='ltr'>κρέα</span> <span class='ocrx_word' id='word_1_52' title='bbox 633 1131 658 1195; x_wconf 91' lang='grc' dir='ltr'>τ’</span> <span class='ocrx_word' id='word_1_53' title='bbox 674 1131 793 1195; x_wconf 86' lang='grc' dir='ltr'>άσπετα</span> <span class='ocrx_word' id='word_1_54' title='bbox 809 1128 857 1193; x_wconf 82' lang='grc' dir='ltr'>καὶ</span> <span class='ocrx_word' id='word_1_55' title='bbox 871 1128 947 1209; x_wconf 93' lang='grc' dir='ltr'>μέθυ</span> <span class='ocrx_word' id='word_1_56' title='bbox 961 1129 1026 1210; x_wconf 81' lang='grc' dir='ltr'>ἡδύ·</span> <span class='ocrx_word' id='word_1_57' title='bbox 1169 1158 1200 1205; x_wconf 82' lang='lat'>30</span> 
     </span>
     <span class='ocr_line' id='line_1_9' title="bbox 252 1231 991 1326; baseline -0.003 -26"><span class='ocrx_word' id='word_1_58' title='bbox 252 1236 326 1316; x_wconf 80' lang='grc' dir='ltr'>ἦμος</span> <span class='ocrx_word' id='word_1_59' title='bbox 342 1235 367 1302; x_wconf 89' lang='grc' dir='ltr'>δ’</span> <span class='ocrx_word' id='word_1_60' title='bbox 384 1236 488 1316; x_wconf 83' lang='grc' dir='ltr'>ἠέλιος</span> <span class='ocrx_word' id='word_1_61' title='bbox 505 1235 611 1300; x_wconf 81' lang='grc' dir='ltr'>κατέδυ</span> <span class='ocrx_word' id='word_1_62' title='bbox 627 1237 675 1300; x_wconf 83' lang='grc' dir='ltr'>καὶ</span> <span class='ocrx_word' id='word_1_63' title='bbox 692 1233 743 1326; x_wconf 81' lang='grc' dir='ltr'>ἐπὶ</span> <span class='ocrx_word' id='word_1_64' title='bbox 759 1235 873 1315; x_wconf 88' lang='grc' dir='ltr'>κνέφας</span> <span class='ocrx_word' id='word_1_65' title='bbox 889 1231 991 1313; x_wconf 79' lang='grc' dir='ltr'>ἦλθεν,</span> 
     </span>
     <span class='ocr_line' id='line_1_10' title="bbox 252 1337 927 1421; baseline 0.001 -19"><span class='ocrx_word' id='word_1_66' title='bbox 252 1342 281 1403; x_wconf 84' lang='grc' dir='ltr'>οἱ</span> <span class='ocrx_word' id='word_1_67' title='bbox 296 1343 351 1421; x_wconf 77' lang='grc' dir='ltr'>μὲν</span> <span class='ocrx_word' id='word_1_68' title='bbox 367 1339 549 1420; x_wconf 78' lang='grc' dir='ltr'>κοιμήσαντο</span> <span class='ocrx_word' id='word_1_69' title='bbox 566 1342 647 1420; x_wconf 79' lang='grc' dir='ltr'>παρὰ</span> <span class='ocrx_word' id='word_1_70' title='bbox 661 1337 831 1419; x_wconf 78' lang='grc' dir='ltr'>πρυμνήσια</span> <span class='ocrx_word' id='word_1_71' title='bbox 847 1339 927 1417; x_wconf 89' lang='grc' dir='ltr'>νηός,</span> 
     </span>
     <span class='ocr_line' id='line_1_11' title="bbox 250 1441 1061 1527; baseline -0.001 -20"><span class='ocrx_word' id='word_1_72' title='bbox 250 1445 268 1522; x_wconf 83' lang='grc' dir='ltr'>ἡ</span> <span class='ocrx_word' id='word_1_73' title='bbox 285 1445 310 1507; x_wconf 81' lang='grc' dir='ltr'>δ’</span> <span class='ocrx_word' id='word_1_74' title='bbox 326 1447 379 1523; x_wconf 74' lang='grc' dir='ltr'>ἐμὲ</span> <span class='ocrx_word' id='word_1_75' title='bbox 393 1450 493 1527; x_wconf 86' lang='grc' dir='ltr'>χειρὸς</span> <span class='ocrx_word' id='word_1_76' title='bbox 505 1449 617 1508; x_wconf 79' lang='grc' dir='ltr'>ἑλοῦσα</span> <span class='ocrx_word' id='word_1_77' title='bbox 633 1444 734 1525; x_wconf 91' lang='grc' dir='ltr'>φίλων</span> <span class='ocrx_word' id='word_1_78' title='bbox 750 1444 922 1524; x_wconf 84' lang='grc' dir='ltr'>ἀπονόσφιν</span> <span class='ocrx_word' id='word_1_79' title='bbox 938 1441 1061 1522; x_wconf 82' lang='grc' dir='ltr'>ἑταίρων</span> 
     </span>
     <span class='ocr_line' id='line_1_12' title="bbox 251 1544 1007 1628; baseline -0.004 -17"><span class='ocrx_word' id='word_1_80' title='bbox 251 1547 316 1611; x_wconf 85' lang='grc' dir='ltr'>είσέ</span> <span class='ocrx_word' id='word_1_81' title='bbox 329 1574 362 1611; x_wconf 94' lang='grc' dir='ltr'>τε</span> <span class='ocrx_word' id='word_1_82' title='bbox 379 1546 428 1611; x_wconf 81' lang='grc' dir='ltr'>καὶ</span> <span class='ocrx_word' id='word_1_83' title='bbox 443 1545 630 1628; x_wconf 82' lang='grc' dir='ltr'>προσέλεκτο</span> <span class='ocrx_word' id='word_1_84' title='bbox 643 1548 693 1610; x_wconf 85' lang='grc' dir='ltr'>καὶ</span> <span class='ocrx_word' id='word_1_85' title='bbox 708 1544 870 1627; x_wconf 83' lang='grc' dir='ltr'>ἐξερέεινεν</span> <span class='ocrx_word' id='word_1_86' title='bbox 886 1546 1007 1609; x_wconf 78' lang='grc' dir='ltr'>ἕκαστα·</span> 
     </span>
     <span class='ocr_line' id='line_1_13' title="bbox 251 1647 1198 1737; baseline -0.001 -23"><span class='ocrx_word' id='word_1_87' title='bbox 251 1652 343 1732; x_wconf 81' lang='grc' dir='ltr'>αὐτὰρ</span> <span class='ocrx_word' id='word_1_88' title='bbox 359 1653 417 1733; x_wconf 78' lang='grc' dir='ltr'>ἐγὼ</span> <span class='ocrx_word' id='word_1_89' title='bbox 435 1652 472 1737; x_wconf 80' lang='grc' dir='ltr'>τῇ</span> <span class='ocrx_word' id='word_1_90' title='bbox 487 1650 586 1714; x_wconf 91' lang='grc' dir='ltr'>πάντα</span> <span class='ocrx_word' id='word_1_91' title='bbox 602 1652 676 1713; x_wconf 87' lang='grc' dir='ltr'>κατά</span> <span class='ocrx_word' id='word_1_92' title='bbox 690 1654 798 1730; x_wconf 85' lang='grc' dir='ltr'>μοῖραν</span> <span class='ocrx_word' id='word_1_93' title='bbox 814 1647 942 1728; x_wconf 81' lang='grc' dir='ltr'>κατέλεξ</span> <span class='ocrx_word' id='word_1_94' title='bbox 962 1697 969 1712; x_wconf 90' lang='grc'><strong>.</strong></span> <span class='ocrx_word' id='word_1_95' title='bbox 1168 1676 1198 1725; x_wconf 83' lang='lat'>35</span> 
     </span>
     <span class='ocr_line' id='line_1_14' title="bbox 251 1752 1033 1835; baseline 0 -18"><span class='ocrx_word' id='word_1_96' title='bbox 251 1752 298 1819; x_wconf 80' lang='grc' dir='ltr'>καὶ</span> <span class='ocrx_word' id='word_1_97' title='bbox 314 1757 382 1820; x_wconf 89' lang='grc' dir='ltr'>τότε</span> <span class='ocrx_word' id='word_1_98' title='bbox 397 1754 433 1834; x_wconf 89' lang='grc' dir='ltr'>δή</span> <span class='ocrx_word' id='word_1_99' title='bbox 448 1755 478 1834; x_wconf 89' lang='grc' dir='ltr'>μ’</span> <span class='ocrx_word' id='word_1_100' title='bbox 495 1756 622 1819; x_wconf 89' lang='grc' dir='ltr'>ἐπέεσσι</span> <span class='ocrx_word' id='word_1_101' title='bbox 637 1753 793 1835; x_wconf 81' lang='grc' dir='ltr'>προσηύδα</span> <span class='ocrx_word' id='word_1_102' title='bbox 807 1755 915 1818; x_wconf 90' lang='grc' dir='ltr'>πότνια</span> <span class='ocrx_word' id='word_1_103' title='bbox 931 1755 1033 1835; x_wconf 88' lang='grc' dir='ltr'>Κίρκη·</span> 
     </span>
     <span class='ocr_line' id='line_1_15' title="bbox 294 1855 1163 1939; baseline -0.001 -18"><span class='ocrx_word' id='word_1_104' title='bbox 294 1866 310 1892; x_wconf 88' lang='grc'><strong>“</strong></span> <span class='ocrx_word' id='word_1_105' title='bbox 319 1864 420 1923; x_wconf 80' lang='grc' dir='ltr'>Ταῦτα</span> <span class='ocrx_word' id='word_1_106' title='bbox 435 1861 491 1939; x_wconf 73' lang='grc' dir='ltr'>μὲν</span> <span class='ocrx_word' id='word_1_107' title='bbox 506 1860 581 1922; x_wconf 83' lang='grc' dir='ltr'>οὕτω</span> <span class='ocrx_word' id='word_1_108' title='bbox 596 1856 695 1923; x_wconf 89' lang='grc' dir='ltr'>πάντα</span> <span class='ocrx_word' id='word_1_109' title='bbox 710 1857 913 1937; x_wconf 86' lang='grc' dir='ltr'>πεπείρανται,</span> <span class='ocrx_word' id='word_1_110' title='bbox 929 1857 967 1921; x_wconf 81' lang='grc' dir='ltr'>σὺ</span> <span class='ocrx_word' id='word_1_111' title='bbox 982 1855 1008 1921; x_wconf 92' lang='grc' dir='ltr'>δ’</span> <span class='ocrx_word' id='word_1_112' title='bbox 1022 1856 1163 1934; x_wconf 89' lang='grc' dir='ltr'>άκουσον,</span> 
     </span>
    </p>
   </div>
   <div class='ocr_carea' id='block_1_4' title="bbox 156 1957 1033 2045">
    <p class='ocr_par' dir='ltr' id='par_1_4' title="bbox 156 1957 1033 2045">
     <span class='ocr_line' id='line_1_16' title="bbox 156 1957 1033 2045; baseline -0.003 -19"><span class='ocrx_word' id='word_1_113' title='bbox 156 2006 162 2026; x_wconf 54' lang='grc' dir='ltr'>ι</span> <span class='ocrx_word' id='word_1_114' title='bbox 250 1965 291 2028; x_wconf 80' lang='grc' dir='ltr'>ὥς</span> <span class='ocrx_word' id='word_1_115' title='bbox 309 1988 355 2026; x_wconf 95' lang='grc' dir='ltr'>τοι</span> <span class='ocrx_word' id='word_1_116' title='bbox 372 1963 448 2045; x_wconf 78' lang='grc' dir='ltr'>ἐγὼν</span> <span class='ocrx_word' id='word_1_117' title='bbox 464 1961 545 2043; x_wconf 89' lang='grc' dir='ltr'>ἐρέω,</span> <span class='ocrx_word' id='word_1_118' title='bbox 560 1958 668 2040; x_wconf 90' lang='grc' dir='ltr'>μνήσει</span> <span class='ocrx_word' id='word_1_119' title='bbox 685 1960 719 2025; x_wconf 94' lang='grc' dir='ltr'>δέ</span> <span class='ocrx_word' id='word_1_120' title='bbox 734 1986 771 2024; x_wconf 90' lang='grc' dir='ltr'>σε</span> <span class='ocrx_word' id='word_1_121' title='bbox 788 1957 836 2023; x_wconf 84' lang='grc' dir='ltr'>καὶ</span> <span class='ocrx_word' id='word_1_122' title='bbox 853 1965 920 2026; x_wconf 86' lang='grc' dir='ltr'>θεὸς</span> <span class='ocrx_word' id='word_1_123' title='bbox 935 1961 1033 2026; x_wconf 87' lang='grc' dir='ltr'>αάτός.</span> 
     </span>
    </p>
   </div>
   <div class='ocr_carea' id='block_1_5' title="bbox 183 2062 1198 3800">
    <p class='ocr_par' dir='ltr' id='par_1_5' title="bbox 251 2062 1028 2147">
     <span class='ocr_line' id='line_1_17' title="bbox 251 2062 1028 2147; baseline 0.004 -20"><span class='ocrx_word' id='word_1_124' title='bbox 251 2069 396 2147; x_wconf 82' lang='grc' dir='ltr'>Σειρῆνας</span> <span class='ocrx_word' id='word_1_125' title='bbox 410 2067 465 2145; x_wconf 76' lang='grc' dir='ltr'>μὲν</span> <span class='ocrx_word' id='word_1_126' title='bbox 483 2072 603 2146; x_wconf 80' lang='grc' dir='ltr'>πρῶτον</span> <span class='ocrx_word' id='word_1_127' title='bbox 618 2062 751 2145; x_wconf 83' lang='grc' dir='ltr'>ἀφίξεαι,</span> <span class='ocrx_word' id='word_1_128' title='bbox 767 2065 801 2127; x_wconf 86' lang='grc' dir='ltr'>αί</span> <span class='ocrx_word' id='word_1_129' title='bbox 813 2063 852 2145; x_wconf 81' lang='grc' dir='ltr'>ῥά</span> <span class='ocrx_word' id='word_1_130' title='bbox 867 2089 900 2126; x_wconf 93' lang='grc' dir='ltr'>τε</span> <span class='ocrx_word' id='word_1_131' title='bbox 914 2062 1028 2130; x_wconf 81' lang='grc' dir='ltr'>πάντας</span> 
     </span>
    </p>

    <p class='ocr_par' dir='ltr' id='par_1_6' title="bbox 250 2167 1026 2358">
     <span class='ocr_line' id='line_1_18' title="bbox 250 2167 1026 2250; baseline -0.001 -19"><span class='ocrx_word' id='word_1_132' title='bbox 250 2170 423 2250; x_wconf 80' lang='grc' dir='ltr'>ἀνθρώπους</span> <span class='ocrx_word' id='word_1_133' title='bbox 439 2167 614 2250; x_wconf 81' lang='grc' dir='ltr'>θέλγουσιν,</span> <span class='ocrx_word' id='word_1_134' title='bbox 629 2169 691 2234; x_wconf 90' lang='grc' dir='ltr'>ὅτις</span> <span class='ocrx_word' id='word_1_135' title='bbox 707 2168 807 2248; x_wconf 91' lang='grc' dir='ltr'>σφέας</span> <span class='ocrx_word' id='word_1_136' title='bbox 824 2168 1026 2247; x_wconf 85' lang='grc' dir='ltr'>εἰσαφίκηται.</span> 
     </span>
     <span class='ocr_line' id='line_1_19' title="bbox 250 2271 956 2358; baseline -0.003 -23"><span class='ocrx_word' id='word_1_137' title='bbox 250 2275 284 2338; x_wconf 88' lang='grc' dir='ltr'>ὅς</span> <span class='ocrx_word' id='word_1_138' title='bbox 298 2299 343 2339; x_wconf 90' lang='grc' dir='ltr'>τις</span> <span class='ocrx_word' id='word_1_139' title='bbox 360 2273 472 2355; x_wconf 82' lang='grc' dir='ltr'>ἀϊδρείη</span> <span class='ocrx_word' id='word_1_140' title='bbox 487 2271 608 2357; x_wconf 85' lang='grc' dir='ltr'>πελάσῃ</span> <span class='ocrx_word' id='word_1_141' title='bbox 624 2273 673 2335; x_wconf 86' lang='grc' dir='ltr'>καὶ</span> <span class='ocrx_word' id='word_1_142' title='bbox 689 2272 826 2352; x_wconf 82' lang='grc' dir='ltr'>φθόγγον</span> <span class='ocrx_word' id='word_1_143' title='bbox 842 2271 956 2358; x_wconf 82' lang='grc' dir='ltr'>ἀκούσῃ</span> 
     </span>
    </p>

    <p class='ocr_par' dir='ltr' id='par_1_7' title="bbox 183 2360 967 2460">
     <span class='ocr_line' id='line_1_20' title="bbox 183 2360 967 2460; baseline -0.001 -20"><span class='ocrx_word' id='word_1_144' title='bbox 183 2360 188 2364; x_wconf 32' lang='lat'>⁵</span> <span class='ocrx_word' id='word_1_145' title='bbox 250 2376 409 2456; x_wconf 88' lang='grc' dir='ltr'>Σειρήνων,</span> <span class='ocrx_word' id='word_1_146' title='bbox 426 2378 467 2460; x_wconf 76' lang='grc' dir='ltr'>τῷ</span> <span class='ocrx_word' id='word_1_147' title='bbox 479 2375 505 2440; x_wconf 96' lang='grc' dir='ltr'>δ’</span> <span class='ocrx_word' id='word_1_148' title='bbox 522 2377 555 2440; x_wconf 85' lang='grc' dir='ltr'>ού</span> <span class='ocrx_word' id='word_1_149' title='bbox 571 2401 599 2438; x_wconf 94' lang='grc' dir='ltr'>τι</span> <span class='ocrx_word' id='word_1_150' title='bbox 614 2374 688 2458; x_wconf 81' lang='grc' dir='ltr'>γυνή</span> <span class='ocrx_word' id='word_1_151' title='bbox 705 2373 753 2438; x_wconf 84' lang='grc' dir='ltr'>καὶ</span> <span class='ocrx_word' id='word_1_152' title='bbox 768 2374 861 2453; x_wconf 89' lang='grc' dir='ltr'>νήπια</span> <span class='ocrx_word' id='word_1_153' title='bbox 877 2375 967 2441; x_wconf 91' lang='grc' dir='ltr'>τέκνα</span> 
     </span>
    </p>

    <p class='ocr_par' dir='ltr' id='par_1_8' title="bbox 249 2479 997 2562">
     <span class='ocr_line' id='line_1_21' title="bbox 249 2479 997 2562; baseline -0.003 -19"><span class='ocrx_word' id='word_1_154' title='bbox 249 2483 350 2544; x_wconf 82' lang='grc' dir='ltr'>οἴκαδε</span> <span class='ocrx_word' id='word_1_155' title='bbox 366 2479 548 2558; x_wconf 91' lang='grc' dir='ltr'>νοστήσαντι</span> <span class='ocrx_word' id='word_1_156' title='bbox 567 2480 746 2560; x_wconf 88' lang='grc' dir='ltr'>παρίσταται</span> <span class='ocrx_word' id='word_1_157' title='bbox 763 2479 832 2542; x_wconf 80' lang='grc' dir='ltr'>ούδέ</span> <span class='ocrx_word' id='word_1_158' title='bbox 846 2479 997 2562; x_wconf 93' lang='grc' dir='ltr'>γάνυνται,</span> 
     </span>
    </p>

    <p class='ocr_par' dir='ltr' id='par_1_9' title="bbox 250 2581 948 2671">
     <span class='ocr_line' id='line_1_22' title="bbox 250 2581 948 2671; baseline 0 -25"><span class='ocrx_word' id='word_1_159' title='bbox 250 2584 333 2647; x_wconf 90' lang='grc' dir='ltr'>ἀλλά</span> <span class='ocrx_word' id='word_1_160' title='bbox 347 2609 379 2647; x_wconf 90' lang='grc' dir='ltr'>τε</span> <span class='ocrx_word' id='word_1_161' title='bbox 395 2586 536 2662; x_wconf 77' lang='grc' dir='ltr'>Σειρῆνες</span> <span class='ocrx_word' id='word_1_162' title='bbox 550 2583 661 2669; x_wconf 71' lang='grc' dir='ltr'>λιγυρῇ</span> <span class='ocrx_word' id='word_1_163' title='bbox 675 2581 836 2665; x_wconf 90' lang='grc' dir='ltr'>θέλγουσιν</span> <span class='ocrx_word' id='word_1_164' title='bbox 851 2585 948 2671; x_wconf 79' lang='grc' dir='ltr'>ἀοιδῇ,</span> 
     </span>
    </p>

    <p class='ocr_par' dir='ltr' id='par_1_10' title="bbox 250 2683 1044 2766">
     <span class='ocr_line' id='line_1_23' title="bbox 250 2683 1044 2766; baseline 0.003 -16"><span class='ocrx_word' id='word_1_165' title='bbox 250 2688 357 2766; x_wconf 83' lang='grc' dir='ltr'>ἥμεναι</span> <span class='ocrx_word' id='word_1_166' title='bbox 372 2688 405 2752; x_wconf 89' lang='grc' dir='ltr'>ἐν</span> <span class='ocrx_word' id='word_1_167' title='bbox 420 2692 556 2766; x_wconf 81' lang='grc' dir='ltr'>λειμῶνι·</span> <span class='ocrx_word' id='word_1_168' title='bbox 587 2685 684 2752; x_wconf 86' lang='grc' dir='ltr'>πολὺς</span> <span class='ocrx_word' id='word_1_169' title='bbox 700 2686 725 2749; x_wconf 91' lang='grc' dir='ltr'>δ’</span> <span class='ocrx_word' id='word_1_170' title='bbox 741 2683 817 2766; x_wconf 84' lang='grc' dir='ltr'>ἀμφ’</span> <span class='ocrx_word' id='word_1_171' title='bbox 832 2686 980 2765; x_wconf 87' lang='grc' dir='ltr'>ὀστεόφιν</span> <span class='ocrx_word' id='word_1_172' title='bbox 999 2688 1044 2752; x_wconf 85' lang='grc' dir='ltr'>θὶς</span> 
     </span>
    </p>

    <p class='ocr_par' dir='ltr' id='par_1_11' title="bbox 250 2785 972 2872">
     <span class='ocr_line' id='line_1_24' title="bbox 250 2785 972 2872; baseline -0.001 -19"><span class='ocrx_word' id='word_1_173' title='bbox 250 2793 365 2871; x_wconf 85' lang='grc' dir='ltr'>ἀνδρῶν</span> <span class='ocrx_word' id='word_1_174' title='bbox 381 2789 565 2868; x_wconf 88' lang='grc' dir='ltr'>πυθομένων,</span> <span class='ocrx_word' id='word_1_175' title='bbox 582 2789 649 2866; x_wconf 85' lang='grc' dir='ltr'>περὶ</span> <span class='ocrx_word' id='word_1_176' title='bbox 667 2793 699 2854; x_wconf 81' lang='grc' dir='ltr'>δὲ</span> <span class='ocrx_word' id='word_1_177' title='bbox 712 2785 790 2872; x_wconf 79' lang='grc' dir='ltr'>ῥινοὶ</span> <span class='ocrx_word' id='word_1_178' title='bbox 805 2789 972 2869; x_wconf 87' lang='grc' dir='ltr'>μινύθουσι.</span> 
     </span>
    </p>

    <p class='ocr_par' dir='ltr' id='par_1_12' title="bbox 251 2892 1055 2976">
     <span class='ocr_line' id='line_1_25' title="bbox 251 2892 1055 2976; baseline 0.001 -19"><span class='ocrx_word' id='word_1_179' title='bbox 251 2897 332 2958; x_wconf 84' lang='grc' dir='ltr'>ἀλλὰ</span> <span class='ocrx_word' id='word_1_180' title='bbox 348 2892 444 2976; x_wconf 77' lang='grc' dir='ltr'>παρὲξ</span> <span class='ocrx_word' id='word_1_181' title='bbox 457 2893 564 2971; x_wconf 87' lang='grc' dir='ltr'>ἐλάαν,</span> <span class='ocrx_word' id='word_1_182' title='bbox 579 2895 630 2958; x_wconf 84' lang='grc' dir='ltr'>ἐπὶ</span> <span class='ocrx_word' id='word_1_183' title='bbox 645 2892 671 2958; x_wconf 87' lang='grc' dir='ltr'>δ’</span> <span class='ocrx_word' id='word_1_184' title='bbox 688 2893 768 2956; x_wconf 82' lang='grc' dir='ltr'>οὔατ’</span> <span class='ocrx_word' id='word_1_185' title='bbox 784 2893 914 2974; x_wconf 78' lang='grc' dir='ltr'>ἀλεῖψαι</span> <span class='ocrx_word' id='word_1_186' title='bbox 929 2895 1055 2976; x_wconf 81' lang='grc' dir='ltr'>ἑταίρων</span> 
     </span>
    </p>

    <p class='ocr_par' dir='ltr' id='par_1_13' title="bbox 251 2994 914 3082">
     <span class='ocr_line' id='line_1_26' title="bbox 251 2994 914 3082; baseline -0.005 -21"><span class='ocrx_word' id='word_1_187' title='bbox 251 3005 341 3078; x_wconf 87' lang='grc' dir='ltr'>κηρὸν</span> <span class='ocrx_word' id='word_1_188' title='bbox 357 2995 496 3078; x_wconf 79' lang='grc' dir='ltr'>δεψήσας</span> <span class='ocrx_word' id='word_1_189' title='bbox 511 2996 665 3079; x_wconf 91' lang='grc' dir='ltr'>μελιηδέα,</span> <span class='ocrx_word' id='word_1_190' title='bbox 680 2994 721 3077; x_wconf 89' lang='grc' dir='ltr'>μή</span> <span class='ocrx_word' id='word_1_191' title='bbox 736 3023 782 3062; x_wconf 90' lang='grc' dir='ltr'>τις</span> <span class='ocrx_word' id='word_1_192' title='bbox 801 2996 914 3082; x_wconf 87' lang='grc' dir='ltr'>ἀκούσῃ</span> 
     </span>
    </p>

    <p class='ocr_par' dir='ltr' id='par_1_14' title="bbox 249 3099 1069 3187">
     <span class='ocr_line' id='line_1_27' title="bbox 249 3099 1069 3187; baseline 0 -23"><span class='ocrx_word' id='word_1_193' title='bbox 249 3109 309 3165; x_wconf 84' lang='grc' dir='ltr'>τῶν</span> <span class='ocrx_word' id='word_1_194' title='bbox 325 3104 437 3166; x_wconf 84' lang='grc' dir='ltr'>ἄλλων·</span> <span class='ocrx_word' id='word_1_195' title='bbox 467 3102 541 3184; x_wconf 82' lang='grc' dir='ltr'>ἀτὰρ</span> <span class='ocrx_word' id='word_1_196' title='bbox 557 3102 644 3169; x_wconf 81' lang='grc' dir='ltr'>αὐτὸς</span> <span class='ocrx_word' id='word_1_197' title='bbox 661 3099 804 3178; x_wconf 88' lang='grc' dir='ltr'>ἀκουέμεν</span> <span class='ocrx_word' id='word_1_198' title='bbox 820 3103 852 3164; x_wconf 88' lang='grc' dir='ltr'>αί</span> <span class='ocrx_word' id='word_1_199' title='bbox 868 3099 893 3163; x_wconf 85' lang='grc' dir='ltr'>κ’</span> <span class='ocrx_word' id='word_1_200' title='bbox 911 3101 1069 3187; x_wconf 85' lang='grc' dir='ltr'>ἐθέλῃσθα,</span> 
     </span>
    </p>

    <p class='ocr_par' dir='ltr' id='par_1_15' title="bbox 250 3202 962 3290">
     <span class='ocr_line' id='line_1_28' title="bbox 250 3202 962 3290; baseline -0.003 -20"><span class='ocrx_word' id='word_1_201' title='bbox 250 3205 406 3283; x_wconf 90' lang='grc' dir='ltr'>δησάντων</span> <span class='ocrx_word' id='word_1_202' title='bbox 423 3205 451 3268; x_wconf 92' lang='grc' dir='ltr'>σ’</span> <span class='ocrx_word' id='word_1_203' title='bbox 469 3209 501 3272; x_wconf 91' lang='grc' dir='ltr'>ἐν</span> <span class='ocrx_word' id='word_1_204' title='bbox 517 3206 567 3285; x_wconf 73' lang='grc' dir='ltr'>νηὶ</span> <span class='ocrx_word' id='word_1_205' title='bbox 583 3206 639 3290; x_wconf 76' lang='grc' dir='ltr'>θοῇ</span> <span class='ocrx_word' id='word_1_206' title='bbox 652 3202 756 3286; x_wconf 85' lang='grc' dir='ltr'>χεῖράς</span> <span class='ocrx_word' id='word_1_207' title='bbox 771 3229 804 3267; x_wconf 94' lang='grc' dir='ltr'>τε</span> <span class='ocrx_word' id='word_1_208' title='bbox 820 3207 913 3271; x_wconf 88' lang='grc' dir='ltr'>πόδας</span> <span class='ocrx_word' id='word_1_209' title='bbox 929 3230 962 3268; x_wconf 91' lang='grc' dir='ltr'>τε</span> 
     </span>
    </p>

    <p class='ocr_par' dir='ltr' id='par_1_16' title="bbox 187 3305 1041 3395">
     <span class='ocr_line' id='line_1_29' title="bbox 250 3305 1041 3395; baseline 0.004 -25.779"><span class='ocrx_word' id='word_1_210' title='bbox 250 3310 339 3390; x_wconf 85' lang='grc' dir='ltr'>ὀρθὸν</span> <span class='ocrx_word' id='word_1_211' title='bbox 355 3311 388 3374; x_wconf 91' lang='grc' dir='ltr'>ἐν</span> <span class='ocrx_word' id='word_1_212' title='bbox 405 3309 559 3395; x_wconf 82' lang='grc' dir='ltr'>ἱστοπέδῃ,</span> <span class='ocrx_word' id='word_1_213' title='bbox 576 3310 609 3371; x_wconf 89' lang='grc' dir='ltr'>ἐκ</span> <span class='ocrx_word' id='word_1_214' title='bbox 625 3305 650 3370; x_wconf 85' lang='grc' dir='ltr'>δ’</span> <span class='ocrx_word' id='word_1_215' title='bbox 667 3307 758 3370; x_wconf 81' lang='grc' dir='ltr'>αὐτοῦ</span> <span class='ocrx_word' id='word_1_216' title='bbox 773 3308 886 3389; x_wconf 87' lang='grc' dir='ltr'>πείρατ’</span> <span class='ocrx_word' id='word_1_217' title='bbox 904 3305 1041 3388; x_wconf 86' lang='grc' dir='ltr'>ἀνήφθω,</span> 
     </span>
    </p>

    <p class='ocr_par' dir='ltr' id='par_1_17' title="bbox 250 3406 957 3494">
     <span class='ocr_line' id='line_1_30' title="bbox 250 3406 957 3494; baseline -0.001 -20"><span class='ocrx_word' id='word_1_218' title='bbox 250 3415 330 3493; x_wconf 87' lang='grc' dir='ltr'>ὄφρα</span> <span class='ocrx_word' id='word_1_219' title='bbox 346 3439 380 3476; x_wconf 89' lang='grc' dir='ltr'>κε</span> <span class='ocrx_word' id='word_1_220' title='bbox 395 3412 575 3492; x_wconf 91' lang='grc' dir='ltr'>τερπόμενος</span> <span class='ocrx_word' id='word_1_221' title='bbox 591 3406 639 3471; x_wconf 88' lang='grc' dir='ltr'>ὄπ’</span> <span class='ocrx_word' id='word_1_222' title='bbox 656 3408 765 3494; x_wconf 87' lang='grc' dir='ltr'>ἀκούῃς</span> <span class='ocrx_word' id='word_1_223' title='bbox 781 3408 957 3490; x_wconf 86' lang='grc' dir='ltr'>Σειρήνοιϊν.</span> 
     </span>
    </p>

    <p class='ocr_par' dir='ltr' id='par_1_18' title="bbox 250 3510 964 3598">
     <span class='ocr_line' id='line_1_31' title="bbox 250 3510 964 3598; baseline 0 -19"><span class='ocrx_word' id='word_1_224' title='bbox 250 3517 277 3579; x_wconf 85' lang='grc' dir='ltr'>εί</span> <span class='ocrx_word' id='word_1_225' title='bbox 293 3513 326 3578; x_wconf 84' lang='grc' dir='ltr'>δέ</span> <span class='ocrx_word' id='word_1_226' title='bbox 342 3541 375 3579; x_wconf 90' lang='grc' dir='ltr'>κε</span> <span class='ocrx_word' id='word_1_227' title='bbox 389 3516 520 3591; x_wconf 88' lang='grc' dir='ltr'>λίσσηαι</span> <span class='ocrx_word' id='word_1_228' title='bbox 536 3510 657 3590; x_wconf 84' lang='grc' dir='ltr'>ἑτάρους</span> <span class='ocrx_word' id='word_1_229' title='bbox 673 3514 767 3576; x_wconf 83' lang='grc' dir='ltr'>λῦσαί</span> <span class='ocrx_word' id='word_1_230' title='bbox 782 3538 815 3576; x_wconf 90' lang='grc' dir='ltr'>τε</span> <span class='ocrx_word' id='word_1_231' title='bbox 832 3513 964 3598; x_wconf 86' lang='grc' dir='ltr'>κελεύῃς,</span> 
     </span>
    </p>

    <p class='ocr_par' dir='ltr' id='par_1_19' title="bbox 251 3613 1198 3800">
     <span class='ocr_line' id='line_1_32' title="bbox 251 3613 1062 3694; baseline -0.004 -14"><span class='ocrx_word' id='word_1_232' title='bbox 251 3620 279 3680; x_wconf 84' lang='grc' dir='ltr'>οἶ</span> <span class='ocrx_word' id='word_1_233' title='bbox 295 3619 328 3681; x_wconf 90' lang='grc' dir='ltr'>δέ</span> <span class='ocrx_word' id='word_1_234' title='bbox 343 3615 373 3678; x_wconf 83' lang='grc' dir='ltr'>σ’</span> <span class='ocrx_word' id='word_1_235' title='bbox 389 3616 432 3678; x_wconf 88' lang='grc' dir='ltr'>έτι</span> <span class='ocrx_word' id='word_1_236' title='bbox 449 3614 617 3676; x_wconf 91' lang='grc' dir='ltr'>πλεόνεσσι</span> <span class='ocrx_word' id='word_1_237' title='bbox 632 3613 693 3678; x_wconf 89' lang='grc' dir='ltr'>τότ’</span> <span class='ocrx_word' id='word_1_238' title='bbox 709 3617 742 3678; x_wconf 88' lang='grc' dir='ltr'>ἐν</span> <span class='ocrx_word' id='word_1_239' title='bbox 757 3620 897 3694; x_wconf 86' lang='grc' dir='ltr'>δεσμοῖσι</span> <span class='ocrx_word' id='word_1_240' title='bbox 907 3613 1062 3680; x_wconf 89' lang='grc' dir='ltr'>διδέντων.</span> 
     </span>
     <span class='ocr_line' id='line_1_33' title="bbox 296 3714 1198 3800; baseline 0.004 -22"><span class='ocrx_word' id='word_1_241' title='bbox 296 3717 393 3795; x_wconf 81' lang='grc' dir='ltr'>Αὐτὰρ</span> <span class='ocrx_word' id='word_1_242' title='bbox 409 3715 484 3793; x_wconf 76' lang='grc' dir='ltr'>ἐπήν</span> <span class='ocrx_word' id='word_1_243' title='bbox 500 3714 536 3794; x_wconf 77' lang='grc' dir='ltr'>δή</span> <span class='ocrx_word' id='word_1_244' title='bbox 552 3714 605 3782; x_wconf 92' lang='grc' dir='ltr'>τάς</span> <span class='ocrx_word' id='word_1_245' title='bbox 619 3743 655 3800; x_wconf 91' lang='grc' dir='ltr'>γε</span> <span class='ocrx_word' id='word_1_246' title='bbox 672 3716 769 3798; x_wconf 77' lang='grc' dir='ltr'>παρὲξ</span> <span class='ocrx_word' id='word_1_247' title='bbox 782 3717 937 3784; x_wconf 90' lang='grc' dir='ltr'>ἐλάσωσιν</span> <span class='ocrx_word' id='word_1_248' title='bbox 953 3723 1077 3800; x_wconf 80' lang='grc' dir='ltr'>ἑταῖροι,</span> <span class='ocrx_word' id='word_1_249' title='bbox 1188 3745 1198 3758; x_wconf 92' lang='grc'>·</span> 
     </span>
    </p>
   </div>
   <div class='ocr_carea' id='block_1_6' title="bbox 0 0 1422 4234">
    <p class='ocr_par' dir='ltr' id='par_1_20' title="bbox 0 0 1422 4234">
     <span class='ocr_line' id='line_1_34' title="bbox 0 0 1422 4234; baseline 0 1"><span class='ocrx_word' id='word_1_250' title='bbox 0 0 1422 4234; x_wconf 95' lang='lat' dir='ltr'> </span> 
     </span>
    </p>
   </div>
  </div>
 </body>
</html>
