2760 4232
271 354 353 402 1020
569 339 722 422 ΕΠΙΚΟΣ
745 339 917 400 ΚΥΚΛΟΣ.

596 584 708 643 ΙΛΙΟΎ
734 584 892 644 ΠΕΡΣΙΣ.

311 718 439 783 Ἕπεται
454 721 487 782 δὲ
501 719 616 784 τούτοις
631 718 723 782 Ἰλίου
737 717 877 798 πέρσιδος
888 722 1000 799 βιβλία
1015 717 1050 800 β’
1061 721 1220 802 Ἀρκτίνου

273 822 436 901 Μιλησίου,
458 823 637 904 περιέχοντα
659 822 737 885 τάδε.
784 822 823 890 ὦς
845 823 882 886 τὰ
906 823 973 905 περὶ
997 826 1050 890 τὸν
1072 827 1166 889 ἵππον
1189 828 1218 888 οἱ

271 930 373 1006 Τρῶες
399 926 539 992 ὑπόπτως
561 927 682 1007 ἔχοντες
705 927 905 1010 περιστάντες,
927 929 1134 1008 βουλεύονται,
1161 931 1219 1006 ὅ,τι

198 1097 203 1103 ,
272 1031 331 1114 χρὴ
347 1037 453 1097 ποιεῖν·
479 1029 527 1094 καὶ
542 1037 605 1096 τοῖς
619 1034 673 1110 μὲν
693 1036 776 1097 δοκεῖ
791 1035 1026 1114 κατακρημνίσαι
1042 1033 1144 1113 αὐτόν,
1156 1038 1219 1100 τοῖς

272 1138 305 1199 δὲ
322 1135 534 1218 καταφλέγειν,
546 1138 575 1198 οἱ
591 1139 624 1198 δὲ
642 1135 722 1216 ἱερὸν
737 1135 827 1199 αὐτὸν
842 1137 964 1217 έφασαν
980 1143 1043 1202 δεῖν
1058 1140 1094 1221 τῇ
1104 1135 1219 1221 Ἀθηνᾷ

272 1241 460 1318 ἀνατεθῆναι·
485 1236 532 1302 καὶ
546 1239 634 1306 τέλος
653 1238 753 1322 νικᾷἡ
771 1240 882 1304 τούτων
900 1242 1014 1323 γνώμη.
1060 1240 1219 1322 τραπέντες

273 1345 305 1407 δὲ
337 1345 379 1410 είς
410 1343 597 1425 εὐφροσύνην
622 1341 803 1425 εὐωχοῦνται
839 1344 878 1411 ὡς
910 1345 1140 1427 ἀπηλλαγμένοι
1166 1350 1220 1408 τοῦ

273 1449 416 1525 πολέμου.
462 1450 495 1510 έν
513 1443 590 1530 αύτῷ
611 1449 643 1510 δὲ
662 1447 756 1532 τούτῳ
775 1447 826 1511 δύο
846 1447 1002 1529 δράκοντες
1024 1449 1220 1529 ἐπιφανέντες

272 1553 326 1614 τόν
347 1576 380 1614 τε
402 1551 584 1614 Λαοκόωντα
606 1548 654 1614 καὶ
677 1556 730 1616 τὸν
745 1551 847 1631 έτερον
865 1557 923 1615 τῶν
945 1553 1059 1617 παίδων
1081 1553 1220 1634 διαφθεί-

272 1673 386 1733 ρουσιν·
420 1652 471 1718 ἐπὶ
497 1657 529 1717 δὲ
555 1654 597 1737 τῷ
621 1652 721 1733 τέρατι
752 1653 999 1736 δυσφορήσαντες
1026 1652 1142 1746 οἱπερὶ
1165 1661 1220 1718 τὸν

273 1744 396 1823 Ᾰίνείαν
405 1755 577 1837 ὑπεξῆλθον
593 1759 636 1822 είς
651 1754 805 1836 τὴνἿδην·
829 1755 878 1821 καὶ
893 1759 992 1823 Σίνων
1006 1759 1073 1824 τοὺς
1089 1758 1220 1837 πυρσοὺς

273 1863 392 1944 ἀνίσχει
404 1867 467 1927 τοῖς
476 1859 622 1942 Ἀχαιοῖς,
633 1864 777 1942 πρότερον
789 1864 994 1940 είσεληλυθὼς
1005 1863 1221 1945 προσποίητος.

273 1967 301 2029 οἱ
317 1969 350 2030 δὲ
364 1967 396 2028 έκ
412 1965 543 2029 Τενέδου
563 1966 831 2045 προσπλεύσαντες
851 1965 898 2030 καὶ
918 1969 947 2030 οἱ
963 1970 996 2030 έκ
1016 1973 1068 2030 τοῦ
1088 1968 1222 2047 δουρείου

273 2071 366 2133 ίππου
381 2070 576 2134 ἐπιπίπτουσι
587 2075 650 2135 τοῖς
666 2072 835 2149 πολεμίοις,
848 2073 897 2135 καὶ
907 2070 1043 2138 πολλοὺς
1059 2071 1221 2137 ἀνελόντες

274 2175 329 2252 την
351 2173 540 2237 πόλινκατὰ
560 2172 665 2257 κράτος
686 2173 890 2254 λαμβάνουσι.
936 2173 984 2239 καὶ
1006 2174 1220 2252 Νεοπτόλεμος

272 2281 329 2356 μὲν
350 2278 520 2343 ἀποκτείνει
545 2279 681 2359 Πρίαμον
707 2275 755 2340 έπὶ
781 2277 832 2342 τὸν
858 2283 909 2342 τοῦ
933 2277 1008 2344 Διὸς
1029 2282 1081 2341 τοῦ
1108 2278 1221 2358 ἑρκείου

273 2382 380 2462 βωμὸν
410 2379 630 2464 καταφυγόντα.
683 2382 844 2450 Μενέλαος
874 2386 906 2447 δὲ
937 2383 1068 2463 ἀνευρὼν
1091 2379 1221 2458 Ἑλένην

274 2483 323 2548 ε’πί
338 2485 391 2551 τὰς
408 2492 478 2552 ναΰς
494 2483 626 2568 κατάγει,
637 2485 803 2567 Δηΐφοβον
818 2487 980 2568 φονεύσας.
1020 2485 1222 2565 Κασσάνδραν

275 2593 307 2654 δὲ
327 2593 403 2656 Α’ίιις
423 2593 439 2652 ὁ
459 2587 560 2655 Ἰλέως
582 2595 656 2670 πρὸς
677 2590 752 2670 βίον
773 2591 924 2655 ἀποσπῶν
947 2589 1165 2670 συνεφέλκεται
1186 2594 1220 2650 τδ

275 2697 328 2773 τῆς
349 2692 479 2772 Ἀθηνᾶς
503 2692 618 2772 ξόανον·
651 2693 700 2773 ἐφ’
724 2691 746 2778 ᾧ
768 2692 1002 2772 παροξυνθέντες
1025 2694 1054 2756 οἱ
1070 2692 1221 2770 Ἕλληνες

276 2803 458 2863 καταλεῦσαι
481 2797 677 2876 βουλεύονται
699 2802 752 2860 τὸν
773 2800 898 2874 Αἴαντα,
921 2798 937 2860 ὁ
959 2800 992 2860 δὲ
1017 2796 1067 2860 ἐπὶ
1092 2796 1144 2858 τὸν
1168 2797 1221 2871 τῆς

274 2900 405 2981 Ἀθηνᾶς
421 2902 528 2984 βωμὸν
544 2900 725 2982 καταφεύγει
741 2901 790 2963 καὶ
806 2900 982 2978 διασώζεται
998 2901 1031 2963 έκ
1046 2904 1099 2961 τοῦ
1114 2900 1220 2962 ἐπικει-

274 3007 365 3086 μένου
385 3005 530 3068 κινδύνου.
576 3006 680 3068 έπειτα
700 3002 907 3084 ἐμπρήσαντες
931 3004 986 3082 την
1009 3003 1101 3066 πόλιν
1124 3007 1221 3065 Πολυ

276 3108 364 3188 ξένην
380 3108 604 3190 σφαγιάζουσιν
619 3104 669 3171 ἐπὶ
690 3113 744 3171 τδν
763 3111 816 3171 τοῦ
830 3105 1002 3190 Ἀχιλλέως
1018 3105 1126 3187 τάφον.
1172 3106 1221 3168 καὶ

276 3211 449 3278 Ὀδυσσέως
464 3209 671 3276 Ἀστυάνακτα
688 3211 849 3276 ἀνελόντος
868 3210 1084 3290 Νεοπτόλεμος
1097 3208 1222 3290 Ἀνδρο-

276 3315 377 3397 μάχην
401 3315 492 3397 γέρας
518 3316 681 3396 λαμβάνει.
727 3315 776 3379 καὶ
802 3321 838 3376 τὰ
862 3318 957 3379 λοιπὰ
979 3314 1103 3396 λάφυρα
1123 3312 1221 3377 διανέ-

276 3438 391 3499 μονται·
415 3425 571 3500 Δημοφῶν
580 3421 613 3484 δὲ
629 3414 820 3500 καὶἈκάμας
832 3420 946 3500 Αἴθραν
963 3419 1099 3498 εὑρόντες
1114 3415 1223 3499 άγουσι

276 3522 342 3603 μεθ’
352 3525 471 3586 ἑαυτῶν.
502 3525 605 3588 ἔπειτα
617 3524 825 3589 ἀποπλέουσιν
834 3525 863 3586 οἱ
871 3522 1035 3602 Ἕλληνες,
1045 3517 1093 3584 καὶ
1106 3523 1224 3600 φθορὰν

278 3625 408 3704 αύτοῖςὴ
425 3624 539 3704 Ἀθηνᾶ
555 3631 628 3690 κατὰ
643 3628 678 3691 τὸ
692 3627 824 3710 πέλαγος
839 3630 1019 3710 μηχανᾶται.

1110 3726 1192 3776 Proel.
