2746 4228
266 342 307 426 μ
596 347 876 426 &mma

265 515 348 591 ὑμεῖς
362 511 504 593 μάρτυροι
519 511 600 587 ἔστε,
617 510 794 593 φυλάσσετε
810 513 834 576 δ’
851 515 937 593 ὅρκια
953 512 1056 577 πιστά·
1159 525 1208 576 ι8ο

267 619 293 681 εἰ
307 616 363 698 μέν
381 642 432 680 κεν
447 613 608 679 Μενέλαον
622 613 821 697 Ἀλέξανδρος
838 614 1022 703 καταπέφνῃ,

266 719 353 784 αὐτὸς
368 715 462 782 ἔπειθ’
477 715 608 796 Ἑλένην
622 715 717 801 ἐχέτω
734 719 783 783 καὶ
799 717 933 799 κτήματα
948 718 1056 796 πάντα,

265 825 350 901 ἡμεῖς
365 820 391 888 δ’
407 827 441 888 ἐν
455 820 565 900 νήεσσι
581 822 716 902 νεώμεθα
730 822 978 903 ποντοπόροισιν·

266 928 292 989 εῖ
308 925 340 988 δέ
356 925 381 989 κ’
396 922 600 1007 Ἀλέξανδρον
616 925 714 1010 κτείνῃ
729 923 837 1004 ξανθὸς
852 923 1021 1003 Μενέλαος,

265 1034 369 1108 Τρῶας
384 1027 477 1092 ἔπειθ’
493 1026 623 1106 Ἑλένην
639 1029 687 1091 καὶ
704 1026 837 1106 κτήματα
852 1026 938 1091 πάντ’
956 1029 1132 1102 ἀποδοῦναι,
1160 1040 1206 1101 285

265 1131 353 1211 τιμὴν
367 1128 394 1194 δ’
412 1128 560 1213 Ἀργείοις
575 1127 755 1209 ἀποτινέμεν
769 1129 807 1208 ήν
822 1129 879 1194 τιν’
894 1132 1001 1204 ἔοικεν,

265 1235 285 1313 ἥ
300 1235 396 1299 τεκαὶ
413 1231 610 1312 ἐσσομένοισι
623 1230 686 1311 μετ’
703 1233 889 1314 ἀνθρώποισι
905 1231 1044 1312 πέληται.

267 1341 292 1404 εί
308 1339 332 1403 δ’
348 1336 386 1400 δν
402 1337 467 1416 ἐμοὶ
483 1336 572 1414 τιμὴν
586 1338 722 1416 Πρίαμος
738 1335 891 1418 Πριάμοιό
904 1361 937 1401 τε
952 1341 1057 1404 παῖδες

266 1442 359 1506 τίνειν
374 1439 426 1502 οὐκ
442 1436 591 1502 ἐθέλωσιν
604 1437 819 1519 Ἀλεξάνδροιο
835 1439 992 1515 πεσόντος,

266 1544 357 1623 αὐτὰρ
372 1543 431 1624 έγδ
447 1542 496 1606 καὶ
511 1542 615 1605 ἔπειτα
628 1540 804 1624 μαχήσομαι
820 1544 920 1606 εἵνεκα
934 1545 1040 1620 ποινῆς
1157 1566 1207 1620 ²90

266 1646 333 1710 αὖθι
346 1642 452 1724 μένων,
474 1643 528 1722 ήός
546 1669 579 1708 κε
594 1641 682 1710 τέλος
697 1643 843 1722 πολέμοιο
862 1641 995 1726 κιχείω.”

303 1747 358 1822 Ἦ,
375 1750 424 1812 καὶ
440 1747 499 1811 άπδ
514 1746 686 1830 στομάχους
701 1748 799 1829 άρνῶν
813 1745 887 1826 τάμε
902 1745 989 1825 νηλέϊ
1002 1748 1118 1832 χαλκῷ·

265 1853 313 1917 καὶ
328 1851 397 1919 τοὺς
410 1849 467 1931 μέν
482 1849 643 1929 κατέθηκεν
662 1851 712 1914 ἐπὶ
726 1849 837 1932 χθονὸς
853 1849 1064 1931 ἀσπαίροντας,

264 1961 357 2037 θυμοῦ
373 1954 557 2036 δευομένους·
580 1952 640 2017 άπδ
655 1957 713 2035 γὰρ
727 1949 817 2032 μένος
833 1956 931 2016 εἵλετο
945 1953 1070 2036 χαλκός.

264 2059 347 2125 οῖνον
361 2057 388 2123 δ’
403 2062 435 2122 ἐκ
452 2061 594 2141 κρητῆρος
610 2055 821 2138 ἀφυσσάμενοι
837 2055 1003 2122 δεπάεσσιν
1157 2082 1204 2136 τ95

264 2164 379 2246 ἔκχεον,
395 2161 440 2240 ἠδ’
457 2161 582 2245 εὔχοντο
598 2165 678 2226 θεοῖς
692 2158 920 2246 αἰειγενέτῃσιν·

264 2272 321 2335 ὧδε
336 2267 369 2334 δέ
383 2294 428 2336 τις
444 2271 585 2334 είπεσκεν
600 2263 735 2351 Ἀχαιῶν
750 2291 784 2331 τε
797 2267 908 2348 Τράων
923 2285 965 2334 τε·

264 2380 282 2408 “
293 2377 353 2436 Ζειῖ
367 2373 488 2436 κύδιστε
501 2370 637 2452 μέγιστε,
655 2370 703 2432 καῖ
720 2369 863 2436 άθάνατοι
878 2372 942 2436 θεοὶ
958 2370 1060 2447 άλλοι,

263 2477 425 2555 ὁππότεροι
440 2475 579 2554 πρότεροι
593 2475 668 2554 ὑπὲρ
684 2473 770 2555 ὅρκια
785 2471 963 2554 πημήνειαν,

263 2577 320 2644 ὧδέ
336 2577 390 2659 σφ’
407 2576 577 2660 ἐγκέφαλος
591 2575 720 2660 χαμάδις
733 2574 798 2660 ῥέοι
813 2578 852 2644 ὣς
867 2578 919 2641 ὅδε
935 2576 1026 2649 οἶνος,
1154 2600 1205 2650 3ου

264 2683 361 2747 αὐτῶν
376 2683 425 2745 καὶ
440 2679 558 2757 τεκέων,
575 2680 685 2763 άλοχοι
700 2678 724 2743 δ’
742 2679 868 2745 ἄλλοισι
883 2672 1034 2758 δαμεῖεν.”

300 2785 363 2851 Ὣς
378 2784 466 2865 ἔφαν,
482 2783 542 2848 οὐδ’
559 2783 617 2864 άρα
632 2783 678 2846 πά
694 2790 771 2864 σφιν
787 2781 975 2862 ἐπεκραίαινε
991 2779 1134 2859 Κρονίων.

263 2893 344 2952 τοῖσι
360 2889 392 2950 δέ
408 2887 595 2969 Δαρδανίδης
611 2886 746 2967 Πρίαμος
760 2887 836 2963 μετὰ
850 2887 944 2966 μῦθον
959 2883 1050 2946 ἔειπε·

264 3001 284 3028 “
294 2987 417 3054 κέκλυτέ
430 3015 496 3070 μευ,
511 2994 612 3071 Τρῶες
627 2990 676 3053 καὶ
692 2987 864 3068 ἐϋκνήμιδες
878 2985 1009 3068 Ἀχαιοί·

264 3093 283 3173 ἦ
297 3118 344 3157 τοι
360 3093 438 3174 ἐγδν
453 3092 514 3172 εἶμι
529 3095 616 3172 προτὶ
629 3090 725 3158 Ἴλιον
740 3091 929 3170 ἠνεμόεσσαν
1153 3113 1202 3165 305

263 3198 319 3278 άφ,
335 3196 401 3261 ἐπεῖ
417 3194 451 3258 οὔ
466 3219 512 3258 πω
531 3193 657 3274 τλήσομ’
675 3197 709 3260 ἐν
724 3195 930 3276 ὀφθαλμοῖσιν
945 3192 1073 3272 δρᾶσθαι

262 3297 451 3380 μαρνάμενον
465 3298 559 3378 φίλον
574 3297 640 3362 νῖὸν
654 3297 805 3381 ἀρηϊφίλῳ
822 3294 979 3379 Μενελάῳ·

264 3401 339 3468 Ζεὺς
352 3398 408 3479 μέν
423 3427 482 3465 που
496 3401 532 3464 τό
546 3426 582 3482 γε
598 3401 661 3465 οἶδε
675 3401 725 3464 καὶ
739 3398 883 3463 ἀθάνατοι
898 3400 962 3462 θεοὶ
977 3397 1079 3474 άλλοι,

265 3502 420 3589 ὁπποτέρῳ
436 3501 576 3568 θανάτοιο
592 3501 680 3570 τέλος
695 3500 891 3583 πεπρωμένον
906 3497 1022 3566 ἐστίν.”

302 3609 348 3672 Ἦ
362 3611 411 3692 ῥα,
427 3608 475 3672 καὶ
490 3609 522 3674 ές
537 3607 645 3689 δίφρον
660 3607 751 3687 άρνας
766 3605 836 3670 θέτο
852 3606 971 3672 ἰσόθεος
986 3605 1061 3686 φάς,
1153 3630 1203 3679 ηιο

264 3713 301 3777 δν
316 3713 340 3777 δ’
357 3711 403 3794 ἄρ’
419 3709 516 3789 ἔβαιν’
538 3709 636 3784 αιἰτάς,
652 3711 727 3772 κατὰ
742 3709 767 3773 δ’
782 3707 853 3786 ήνίο
871 3712 969 3774 τεῖνεν
983 3708 1114 3772 ὀπίσσω·
