2788 4230
253 319 315 384 826
548 337 595 402 19·
620 322 855 382 οΔςΣΣΕιΑΣ
883 325 920 382 T.

254 486 304 549 οὐκ
321 484 391 569 ἐόης
407 486 508 563 νίζειν·
532 489 584 566 ἐμὲ
600 486 625 548 δ’
641 486 694 549 οὐκ
711 485 859 550 ἀέκουσαν
874 486 973 570 ἄνωγε

169 601 173 608 ’
254 589 341 670 κούρη
356 587 506 669 Ἰκαρίοιο,
523 590 678 671 περίφρων
695 591 899 668 Πηνελόπεια.
1151 613 1202 667 375

253 694 295 776 τῷ
311 719 347 756 σε
363 695 457 758 πόδας
473 693 553 774 νίψω
570 693 631 772 ἅμα
645 691 671 756 τ’
688 693 777 772 αύτῆς
793 695 1004 772 Πηνελοπείης

254 794 301 860 καὶ
317 795 407 860 σέθεν
423 796 520 873 εἵνεκ’,
537 797 604 860 ἐπεί
616 821 667 874 μοι
682 797 824 877 ὀρώρεται
842 797 941 861 ἔνδοθι
957 802 1047 876 θυμὸς

254 900 384 979 κήδεσιν.
428 900 499 962 ἀλλ’
515 900 570 980 ἀγε
586 904 638 964 νῦν
653 898 744 976 ξυνίει
761 900 841 975 ἐπος,
858 903 921 965 ὅττι
938 927 989 965 κεν
1005 905 1087 966 εἴπω·

253 1000 365 1068 πολλοὶ
382 1003 416 1083 δή
434 1001 526 1082 ξεῖνοι
541 1003 728 1083 ταλαπείριοι
747 1002 844 1066 ἐνθάδ’
860 1005 972 1081 ἵκοντο,

254 1108 324 1172 ἀλλ’
341 1109 375 1171 ού
393 1108 439 1171 πώ
455 1107 522 1172 τινό
537 1115 613 1188 φημι
631 1109 748 1170 ἐοικότα
765 1110 820 1170 ὦδε
839 1107 955 1172 ίδέσθαι
1149 1124 1202 1184 380

254 1212 293 1277 ὡς
309 1212 348 1275 σὺ
364 1212 453 1290 δέμας
468 1210 573 1292 φωνήν
588 1235 621 1274 τε
637 1212 731 1277 πόδας
746 1209 770 1273 τ’
787 1209 915 1288 Ὀδυσῆϊ
931 1210 1058 1278 ἐοικας.”

296 1316 359 1394 Τὴν
375 1316 400 1380 δ’
417 1315 659 1396 ἀπαμειβόμενος
675 1313 816 1395 προσέφη
833 1316 998 1395 πολύμητις
1012 1315 1191 1382 Ὀδυσσεύς·

255 1417 310 1482 “33
327 1425 411 1501 γρηΰ,
428 1421 503 1482 οὕτω
519 1420 617 1498 φασὶν
633 1419 702 1482 ὅσοι
718 1420 783 1482 ίδον
798 1419 1006 1498 ὀφθαλμοῖσιν

254 1521 348 1602 ἡμέας
363 1520 558 1602 ἀμφοτέρους,
573 1520 657 1599 μόλα
672 1521 778 1584 εἰκέλω
793 1521 955 1598 ἀλλήλοιϊν

254 1627 385 1704 ἔμμεναι,
401 1625 440 1690 ὡς
455 1627 495 1686 σύ
511 1649 566 1705 περ
582 1624 654 1702 αὐτὴ
670 1623 881 1706 ἐπιφρονέουσ’
900 1623 1082 1708 ἀγορεύεις.”
1150 1641 1201 1702 383

291 1726 355 1792 Ὣς
370 1725 415 1808 ἀρ’
434 1728 503 1806 ἔφη,
519 1725 609 1808 γρηάς
625 1729 657 1790 δὲ
672 1727 782 1807 λέβηθ’
799 1728 851 1791 έλε
867 1730 1101 1810 παμφανόωντα,

254 1836 307 1895 τοῦ
322 1833 416 1896 πόδας
431 1830 612 1910 ἐξαπένιζεν,
627 1832 704 1912 ὕδωρ
719 1830 744 1894 δ’
762 1832 919 1913 ἐνεχεύατο
935 1834 1032 1896 πουλὺ

254 1935 382 2016 ψυχρόν,
400 1935 503 1998 ἔπειτα
519 1938 551 1998 δὲ
567 1938 675 2015 θερμὸν
691 1933 856 2016 ἐπήφυσεν.
902 1936 994 2016 αὐτὰρ
1010 1935 1176 2002 Ὀδυσσεὺς

254 2038 316 2113 ἷζεν
332 2034 378 2100 ἐπ’
393 2037 572 2116 ἐσχαρόφιν,
588 2038 657 2100 ποτὶ
672 2040 705 2100 δὲ
720 2041 830 2102 σκότον
846 2037 980 2120 ἐτράπετ’
997 2038 1083 2120 αἶψα·

254 2141 360 2204 αὐτίκα
374 2139 432 2222 γὰρ
449 2140 523 2203 κατὰ
539 2144 632 2219 θυμὸν
647 2140 762 2218 ὀίσατο,
777 2139 817 2219 μή
834 2145 1004 2214 έλαβοῦσα
1151 2167 1204 2218 39ο

256 2244 576 2325 αὐλήνάμφρόσσαιτο
592 2247 640 2308 καὶ
657 2247 782 2326 ἀμφαδὰ
798 2246 871 2327 ἐργα
885 2245 1013 2326 γένοιτο.

255 2349 317 2425 νίζε
332 2349 357 2411 δ’
373 2348 418 2428 ἀρ’
436 2348 534 2411 ἀσσον
551 2351 638 2412 ίοΰσα
653 2340 760 2432 ἄναχθ’
776 2351 836 2413 ἑόν·
860 2349 965 2413 αιίτίκα
980 2349 1005 2412 δ’
1023 2349 1099 2429 έγνω

255 2450 357 2530 οὐλήν,
374 2449 429 2529 τήν
445 2451 518 2514 ποτέ
532 2476 583 2530 μιν
599 2457 654 2518 οὓς
668 2451 766 2530 ήλασε
781 2454 877 2538 λευκῷ
893 2454 993 2516 όδόντι

256 2555 447 2635 Παρνησόνδ’
462 2557 591 2618 ἐλθόντα
605 2553 669 2635 μετ’
685 2556 858 2646 Αὐτόλυκόν
872 2581 905 2620 τε
924 2553 971 2620 καὶ
986 2558 1063 2632 οἶος,

255 2657 364 2739 μητρὸς
380 2662 430 2736 ἑῆς
447 2659 549 2741 πατέρ’
565 2659 688 2736 ἐσθλόν,
703 2657 736 2724 δς
751 2659 924 2740 ἀνθρώπους
940 2659 1083 2724 ἐκέκαστο
1151 2681 1202 2736 395

256 2762 444 2847 κλεπτοσύνῃ
461 2761 488 2824 θ’
505 2764 581 2846 ὅρκῳ
597 2781 638 2825 τε·
662 2766 729 2828 θεὸς
745 2763 779 2827 δέ
793 2765 823 2825 οἱ
839 2761 927 2829 αὐτὸς
943 2764 1052 2828 ἔδωκεν

254 2863 404 2945 Ἑρμείας·
427 2864 469 2948 τῷ
482 2868 540 2947 γὰρ
556 2862 756 2948 κεχαρισμένα
770 2868 861 2945 μηρία
878 2869 961 2929 καῖεν

257 2968 353 3048 ἀρνῶν
369 2968 414 3048 ἠδ’
431 2969 554 3050 ἐρίφων·
578 2971 594 3031 ό
609 2968 643 3032 δέ
661 2970 690 3031 οἱ
706 2970 851 3050 πρόφρων
866 2961 915 3046 ἀμ’
931 2966 1045 3047 ὀπήδει.

257 3072 427 3138 Αὐτόλυκος
442 3071 468 3136 δ’
483 3074 580 3137 ἐλθὼν
597 3069 715 3150 Ἰθόκης
730 3074 761 3138 ἐς
776 3074 866 3138 πίονα
881 3075 977 3152 δῆμον

256 3181 349 3240 παιδα
365 3178 431 3242 νέον
446 3183 585 3259 γεγαῶτα
601 3173 748 3259 κιχήσατο
764 3176 923 3258 θυγατέρος
939 3176 983 3255 ής·
1151 3201 1203 3252 400

256 3279 308 3342 τόν
321 3279 359 3361 ῥό
375 3282 403 3342 οἱ
418 3281 583 3361 Εὐρύκλεια
599 3282 703 3361 φίλοις
718 3276 767 3344 ἐπὶ
781 3281 908 3363 γούνασι
929 3282 1001 3356 θῆκε

256 3384 413 3467 παυομένῳ
430 3385 563 3463 δόρποιο,
581 3383 653 3449 ἔπος
668 3383 693 3445 τ’
710 3383 797 3465 ἔφατ’
815 3383 847 3447 ἐκ
863 3383 888 3446 τ’
904 3384 1057 3463 ὀνόμαζεν·

258 3492 279 3521 “
289 3486 445 3564 Αὐτόλυκ’,
462 3487 550 3553 αὐτὸς
565 3493 617 3552 νῦν
634 3487 716 3567 ὄνομ’
733 3489 816 3569 εὕρεο
832 3490 894 3549 ὅττι
911 3512 944 3550 κε
959 3491 1029 3565 θῆαι

258 3589 363 3657 παιδὸς
380 3587 463 3653 παιδὶ
479 3593 571 3674 φίλῳ·
593 3591 782 3672 πολυάρητος
798 3589 831 3654 δέ
847 3591 894 3652 τοί
909 3587 1003 3653 ἐστι.”

299 3694 364 3772 Τήν
378 3692 402 3757 δ’
420 3692 482 3755 αὖτ’
500 3694 669 3761 Αὐτόλυκος
685 3695 870 3774 ἀπαμείβετο
887 3695 1028 3775 φώνησέν
1042 3711 1085 3758 τε·
1151 3719 1202 3769 405
