2738 4226
248 312 309 372 244
559 313 609 358 12.
633 300 803 360 ΙΛΙΑΔΟΣ
826 299 870 360 Μ.

246 465 368 530 κέκλετο
383 465 407 530 δ’
425 465 609 530 ἀντιθέοισιν
625 464 800 546 ἑλιξάμενος
816 466 984 531 Λυκίοισιν

245 567 297 632 “ῶ
313 568 425 646 Λύκιοι,
443 570 475 633 τί
487 568 512 633 τ’
529 568 574 651 ἄρ’
591 572 648 634 ῶδε
662 572 782 650 μεθίετε
798 569 933 650 θούριδος
949 571 1062 648 άλκῆς,·

244 671 393 756 ἀργαλέον
408 671 442 737 δέ
455 674 509 752 μοί
523 675 589 736 ἐστι
605 674 654 736 καὶ
671 673 783 758 ἰφθίμῳ
799 698 856 753 περ
872 672 952 738 ἐάντι
1136 699 1185 746 4¹0

242 775 340 861 μούνῳ
353 774 509 862 ῥηξαμένῳ
526 775 633 840 θέσθαι
649 779 729 858 παρὰ
745 777 833 855 νηυσὶ
849 775 1002 842 κέλευθον·

243 880 312 944 ἀλλ’
328 883 535 963 ἐφομαρτεῖτε·
558 881 697 946 πλεύνων
712 878 746 944 δέ
763 906 810 944 τοι
826 880 916 962 ἔργον
931 879 1082 960 άμεινον.”

279 981 342 1050 Ὣς
357 982 457 1064 ἔφαθ’,
474 984 503 1047 οἱ
519 985 552 1046 δέ
567 985 693 1050 ἄνακτος
708 984 923 1049 ὑποδείσαντες
939 983 1074 1064 ὁμοκλήν

242 1091 361 1164 μᾶλλον
376 1085 545 1169 ἐπέβρισαν
559 1088 757 1168 βουληφόρον
773 1088 851 1168 άμφὶ
867 1088 989 1152 άνακτα.

242 1190 375 1273 Ἀργεῖοι
389 1187 416 1254 δ’
432 1189 575 1271 ἑτέρωθεν
590 1190 785 1272 ἐκαρτύναντο
801 1188 964 1274 φάλαγγας
1135 1215 1195 1266 ηις,

242 1295 360 1377 τείχεος
375 1293 528 1367 ἔντοσθεν,
543 1291 622 1377 μέγα
636 1292 669 1358 δέ
685 1301 780 1375 σφισι
794 1294 921 1374 φαίνετο
936 1292 1035 1376 ἔργον·

244 1398 310 1461 οὔτε
325 1396 382 1479 γὰρ
397 1399 518 1477 ’ίφθιμοι
533 1396 638 1460 Λύκιοι
654 1402 784 1462 Δαναῶν
800 1396 940 1462 ἐδύναντο

243 1505 344 1584 τεῖχος
357 1497 518 1583 ῥηξάμενοι
534 1498 642 1564 θέσθαι
658 1503 739 1582 παρδι
754 1500 843 1579 νηυσὶ
859 1499 1012 1576 κέλευθον,

244 1602 312 1668 οὔτε
327 1601 391 1666 ποτ’
408 1603 551 1685 αἰχμηταὶ
568 1602 684 1666 Δαναοὶ
699 1603 826 1668 Λυκίους
842 1601 984 1666 ἐδύναντο

243 1704 359 1788 τείχεος
374 1703 421 1785 ἂψ
437 1704 584 1782 ὤσασθαι,
600 1705 665 1768 ἐπεὶ
680 1703 718 1768 τά
734 1709 836 1786 πρῶτα
851 1702 1017 1768 πέλασθεν.
1134 1729 1186 1780 4²0

244 1804 314 1870 ἀλλ’
330 1808 369 1873 ῶς
384 1804 410 1870 τ’
425 1805 499 1888 ἀμφ’
517 1806 633 1888 οὔροισι
648 1806 690 1871 δύ
708 1805 794 1889 ἀνέρε
809 1804 1003 1888 δηριάασθον,

243 1908 325 1993 μέτρ’
341 1914 374 1976 ἐν
387 1913 496 1996 χερσὶν
510 1912 643 1996 ἔχοντες,
662 1910 791 1997 ἐπιξύνῳ
807 1914 841 1976 ἐν
856 1910 976 1998 άρούρη,

244 2017 267 2079 ὥ
282 2014 307 2077 τ’
324 2016 417 2100 ὀλίγῳ
434 2016 478 2080 ἐνὶ
493 2015 581 2101 χάρῳ
598 2015 733 2096 ἐρίζητον
748 2016 816 2097 περὶ
831 2017 911 2096 ίαης,

244 2120 283 2184 ῶς
298 2119 355 2200 άρα
374 2118 441 2186 τοὺς
456 2118 591 2202 διέεργον
607 2116 760 2197 ἐπάλξιες·
784 2121 814 2184 οἱ
831 2119 855 2184 δ’
871 2120 945 2199 ὑπὲρ
962 2114 1075 2183 αύτέων

244 2218 334 2306 δῄουν
349 2220 493 2300 ἀλλήλων
510 2223 588 2303 άμφὶ
604 2219 753 2300 στήθεσσι
768 2224 877 2301 βοείας
1137 2247 1186 2296 ⁴²⁵

244 2325 373 2391 ἀσπίδας
390 2325 547 2392 εὐκύκλους
561 2323 689 2403 λαισήϊά
704 2349 736 2389 τε
752 2325 926 2405 πτερόεντα

244 2430 356 2492 πολλοὶ
371 2427 396 2492 δ’
412 2426 572 2505 οὐτάζοντο
587 2430 663 2490 κατδ
676 2425 755 2511 χράα
769 2425 857 2505 νηλέϊ
871 2427 987 2510 χαλκῶ,

244 2531 318 2609 ήμέν
333 2533 406 2615 ὅτεῳ
423 2529 604 2613 στρεφθέντι
619 2529 793 2613 μετάφρενα
806 2530 975 2612 γυμνωθείη

243 2633 445 2716 μαρναμένων,
461 2633 574 2697 πολλοὶ
590 2636 622 2697 δέ
638 2634 798 2714 διαμπερές
813 2633 940 2698 άαπίδος
956 2632 1054 2713 αὐτῆς.

246 2736 340 2822 πάντη
356 2737 392 2817 δή
408 2737 515 2819 πύργοι
531 2737 581 2800 καὶ
597 2735 739 2814 ἐπάλξιες
754 2736 856 2813 αἵματι
872 2740 983 2816 φωτῶν
1137 2761 1188 2811 ι3ο

244 2837 379 2922 ἐρράδατ’
395 2837 609 2920 ἀμφοτέρωθεν
625 2838 684 2902 άπδ
698 2838 812 2920 Τράων
827 2838 875 2901 καὶ
890 2839 1034 2922 Ἀχαιῶν.

244 2943 313 3006 ἀλλ’
331 2943 390 3006 οὐδ’
408 2943 447 3007 ῶς
463 2941 604 3006 ἐδύναντο
621 2941 724 3021 φόβον
739 2944 865 3020 ποιήσαι
879 2940 1022 3025 Ἀχαιῶν,

244 3044 314 3108 ἀλλ’
331 3046 403 3128 ἔχον
419 3045 458 3110 ὥς
473 3069 507 3108 τε
522 3042 657 3109 τάλαντα
671 3043 746 3126 γυνή
762 3047 901 3127 χερνῆτις
917 3043 1042 3122 ἀληθής,

243 3150 263 3226 ή
278 3173 311 3212 τε
327 3146 463 3226 σταθμδν
477 3146 594 3231 ἔχουσα
609 3147 658 3210 καὶ
674 3147 768 3228 εἴριον
783 3148 878 3228 ἀμφὶς
894 3145 1015 3212 ἀνέλκει

245 3249 389 3327 ίσάζουσ’,
406 3251 456 3314 ἵνα
471 3249 579 3314 παισὶν
593 3246 696 3312 άεικέα
709 3248 821 3329 μισθὸν
836 3249 952 3332 άρηται·
1138 3279 1189 3329 43⁵

245 3354 283 3418 ῶς
297 3355 353 3432 μὲν
367 3357 427 3417 τῶν
442 3352 492 3416 ἐπὶ
506 3352 562 3415 ἶσα
575 3349 658 3434 μάχη
673 3348 779 3416 τέτατο
795 3351 946 3431 πτόλεμός
962 3375 1005 3426 τε,

244 3457 315 3536 πρίν
328 3454 356 3538 γ’
373 3456 423 3519 ὅτε
438 3454 474 3534 δή
491 3452 566 3520 Ζεὺς
581 3459 669 3520 κῦδος
682 3454 845 3538 ὑπέρτερον
855 3452 979 3535 Ἕκτορι
994 3460 1070 3520 δῶκε

245 3559 406 3643 Πριαμίδη,
423 3555 456 3622 δς
471 3561 587 3637 πρῶτος
602 3554 737 3634 ἐσήλατο
752 3560 853 3640 τεῖχος
867 3555 1011 3639 Ἀχαιῶν.

243 3656 337 3733 ἤϋσεν
352 3661 383 3722 δὲ
400 3659 579 3740 διαπρύσιον
592 3659 735 3739 Τρώεσσι
750 3658 899 3739 γεγωνώς·
