2728 4230
471 352 502 422 5.
527 344 698 404 ιλιιοον
722 346 758 403 υ.

146 507 198 573 “ὣ
215 510 313 592 φίλοι,
330 511 395 574 οῖον
410 509 446 590 δὴ
464 508 650 592 θαυμάζομεν
660 509 792 593 Ἕκτορα
807 515 871 575 δῖον

145 612 296 695 αἰχμητήν
310 614 337 678 τ’
354 615 456 694 ἔμεναι
472 616 521 678 καὶ
536 613 707 695 θαρσαλέον
721 611 917 694 πολεμιστήν·

145 718 187 800 τῷ
204 713 229 780 δ’
245 717 304 782 αἰεὶ
319 716 400 799 πάρα
415 719 459 783 εἶς
473 743 510 800 γε
526 721 612 790 θεῶν,
629 715 662 783 δς
677 717 783 800 λοιγὸν
799 717 910 798 ἀμόνει·

146 822 197 883 καὶ
212 825 264 884 νῦν
279 823 309 885 οῖ
324 819 406 902 πάρα
421 826 519 888 κεῖνος
530 819 633 904 Ἀρης,
649 823 751 906 βροτῷ
767 822 851 902 ἀνδρὶ
866 820 978 886 ἐοικός.

146 925 229 986 ἀλλά
243 924 318 1007 πρὸς
332 930 437 1005 Τρῶας
452 923 647 1006 τετραμμένοι
663 926 728 988 αἰὲν
743 925 864 987 ὀπίσσω
1041 937 1089 1000 605

146 1030 250 1104 εἴκετε,
266 1031 343 1108 μηδὲ
358 1032 438 1095 θεοῖς
452 1026 645 1109 μενεαινέμεν
659 1028 709 1108 ῖφι
724 1024 908 1112 μάχεσθαι.”

183 1129 246 1196 Ὣς
261 1129 307 1213 ἄρ’
324 1131 394 1212 ἔφη,
410 1136 512 1213 Τρῶες
526 1133 560 1194 δέ
575 1130 659 1210 μάλα
674 1130 787 1214 σχεδὸν
800 1128 914 1209 ἤλυθον
928 1131 1032 1195 αὐτῶν.

146 1233 208 1297 ἔνθ’
219 1232 339 1314 Ἕκτωρ
354 1234 406 1296 δόο
422 1240 506 1315 φιῖτε
522 1232 700 1299 κατέκτανεν
717 1234 813 1297 εἰδότε
827 1231 952 1316 χάρμης,

146 1339 192 1402 εῖν
206 1338 251 1400 ἑνὶ
267 1338 364 1422 δίφρῳ
380 1338 474 1410 ἐόντε,
491 1334 655 1415 Μενέσθην
671 1333 837 1420 Ἀγχίαλόν
855 1361 897 1401 τε.

145 1441 186 1502 τὸ
202 1443 235 1504 δὲ
249 1439 374 1504 πεσόντ’
390 1439 501 1519 ἐλέησε
515 1441 609 1522 μέγας
623 1439 818 1521 Τελαμώνιος
833 1442 918 1506 Αίας·
1041 1455 1090 1504 610

146 1547 203 1622 στῆ
218 1544 252 1606 δέ
266 1541 339 1622 μάλ’
356 1543 445 1626 ἐγγὺς
460 1545 522 1617 ίόν,
539 1546 588 1608 καὶ
604 1544 746 1609 ἀκόντισε
760 1542 842 1626 δουρὶ
858 1545 982 1627 φαεινῷ,

146 1647 195 1708 καὶ
209 1646 310 1725 βάλεν
322 1647 464 1728 Ἀμφιον,
481 1645 620 1729 Σελάγου
633 1647 708 1723 οἶόν,
724 1646 758 1712 ὅς
771 1643 804 1729 ῥ’
820 1645 864 1710 ἐνὶ
879 1648 987 1730 Παισῷ

145 1754 210 1813 ναῖε
225 1748 425 1829 πολυκτήμων
440 1747 616 1828 πολυλήϊος·
639 1746 722 1812 ἀλλά
737 1751 753 1813 έ
766 1753 856 1829 μοῖρα

145 1849 194 1934 ἦγ’
210 1853 448 1936 ἐπικουρήσοντα
461 1857 537 1934 μετδι
552 1853 691 1935 Πρίαμόν
706 1878 739 1916 τε
755 1853 803 1916 καὶ
817 1854 893 1919 υἷας.

144 1957 199 2020 τόν
212 1958 251 2039 ῥα
265 1955 340 2020 κατὰ
356 1958 493 2038 ζωστῆρα
507 1955 607 2036 βάλεν
620 1955 814 2034 Τελαμόνιος
829 1958 913 2032 Αῖας,
1040 1970 1088 2032 615

145 2061 260 2145 νειαίρῃ
276 2057 303 2124 δ’
319 2063 352 2124 ἐν
366 2061 476 2142 γαστρὶ
491 2058 573 2142 πάγη
589 2060 785 2142 δολιχόσκιον
800 2058 899 2141 έγχος,

144 2162 297 2242 δούπησεν
311 2165 345 2226 δέ
359 2163 472 2228 πεσόν·
497 2164 513 2226 δ
528 2160 554 2226 δ’
571 2161 718 2243 ἐπέδραμε
734 2161 876 2243 φαίδιμος
892 2163 966 2228 Αίας

144 2261 254 2344 τεθχεα
269 2260 424 2340 συλήσων·
445 2266 547 2344 Τρῶες
562 2259 589 2324 δ’
604 2262 655 2324 ἐπὶ
670 2259 786 2341 δούρατ’
804 2261 912 2344 ἔχευαν

145 2362 218 2442 ὀξέα
232 2365 469 2445 παμφανόωντα·
493 2363 586 2430 σάκος
601 2361 628 2427 δ’
644 2361 805 2442 ἀνεδέξατο
820 2362 931 2428 πολλά.

145 2466 237 2547 αὐτὰρ
253 2465 348 2547 όλδξ
359 2467 500 2548 προσβὰς
516 2470 549 2532 ἐκ
565 2472 670 2549 νεκροῦ
684 2465 818 2550 χάλκεον
834 2467 924 2550 έγχος
1040 2483 1091 2532 6ιο

145 2568 311 2633 ἐσπάσατ’·
334 2569 397 2634 οὐδ’
412 2569 459 2653 ἄρ’
474 2567 517 2634 ἐτ’
533 2571 615 2634 ἀλλα
630 2569 780 2650 δυνήσατο
795 2570 903 2652 τεύχεα
919 2570 996 2634 καλὰ

145 2674 252 2751 ὤμοιιν
266 2672 449 2754 ἀφελέσθαι·
473 2675 610 2757 ἐπείγετο
624 2677 682 2756 γδρ
697 2673 857 2754 βελέεσσι.

145 2780 229 2840 δεῖσε
245 2772 272 2840 δ’
288 2776 350 2857 ὅγ’
366 2777 542 2857 ἀμφίβασιν
558 2777 702 2860 κρατερήν
715 2777 828 2859 Τρόων
843 2776 1014 2860 ἀγερόχων,

145 2881 174 2943 οῖ
189 2880 304 2944 πολλοί
317 2904 350 2944 τε
366 2881 414 2944 καὶ
431 2881 537 2944 ἐσθλοὶ
554 2880 730 2962 ἐφέστασαν
745 2878 828 2964 ἔγχε’
844 2881 975 2964 ἔχοντες,

145 2986 178 3047 οἵ
190 2987 205 3049 έ
219 2982 317 3065 μέγαν
331 3007 388 3063 περ
403 2985 491 3048 ἐόντα
507 2984 556 3047 καὶ
569 2986 697 3065 ίφθιμον
712 2985 761 3048 καὶ
777 2983 889 3066 ἀγαυὸν
1040 2997 1070 3045 6ο
1075 3011 1087 3058 5

143 3084 230 3150 ὦσον
244 3086 304 3150 ἀπδ
321 3087 448 3167 σφείων·
471 3087 488 3150 ὁ
503 3088 537 3150 δέ
550 3085 746 3169 χασσάμενος
760 3087 940 3170 πελεμίχθη.

180 3188 245 3256 Ὣς
261 3193 289 3253 οῖ
303 3191 361 3268 μὲν
375 3189 521 3254 πονέοντο
538 3189 612 3254 κατὰ
628 3190 774 3272 κρατερήν
787 3191 925 3269 ὑσμίνην·

141 3294 350 3374 Τληπόλεμον
366 3291 392 3356 δ’
407 3290 610 3374 Ἡρακλείδην
625 3292 680 3373 ήόν
694 3319 729 3358 τε
742 3292 839 3376 μέγαν
854 3319 895 3371 τε,

142 3394 243 3478 ὦρσεν
258 3392 306 3460 ἐπ’
322 3394 449 3480 ἀντιθέῳ
465 3395 636 3477 Σαρπηδόνι
649 3401 740 3477 μοῖρα
755 3395 890 3479 κραταιή.

143 3503 173 3564 οἱ
187 3498 214 3564 δ’
229 3502 281 3564 ότε
295 3499 333 3579 δή
350 3499 463 3581 σχεδὸν
478 3497 557 3577 ήσαν
574 3496 623 3562 ἐπ’
638 3497 825 3578 ἀλλήλοισιν
839 3501 943 3577 ίόντες,
1037 3514 1087 3574 630

141 3605 207 3669 υἱός
223 3603 250 3666 θ’
266 3602 375 3668 υἱωνός
390 3627 422 3666 τε
439 3601 513 3668 Διδς
528 3601 779 3684 νεφεληγερέταο,

141 3705 194 3770 τὸν
209 3707 259 3771 καὶ
271 3705 475 3785 Τληπόλεμος
490 3705 634 3787 πρότερος
648 3704 723 3787 πρδς
737 3709 832 3786 μῦθον
846 3707 939 3772 έειπε·
