2848 4296
526 387 577 436 21.
607 375 777 436 ΙΛΙΑΔΟΣ
801 375 838 434 Φ.
1086 399 1127 456 42
1130 395 1150 462 5

202 545 242 626 τῷ
259 539 285 606 κ’
301 539 413 623 ἀγαθὸς
427 533 483 620 μὲν
499 540 614 622 ἔπεφν’,
633 541 747 622 ἀγαθὸν
763 538 796 604 δέ
813 568 864 606 κεν
879 541 1041 623 ἐξενάριξε·
1104 557 1151 603 280

203 651 255 709 νῦν
271 644 304 709 δέ
319 671 357 726 με
372 643 529 729 λευγαλέῳ
549 643 666 730 θανάτῳ
684 647 805 726 εἵμαρτο
821 648 935 709 ἁλῶναι

202 747 335 831 ἐρχθέντ’
353 750 386 813 ἐν
400 747 524 832 μεγάλῳ
539 751 674 832 ποταμῷ,
690 739 729 814 ὡς
744 753 838 812 παῖδα·
853 751 1020 830 συφορβόν,

203 855 237 916 ὅν
251 851 289 935 ῥά
304 852 328 914 τ’
346 853 473 917 ἔναυλος
489 849 624 938 ἀποέρσῃ
639 858 765 934 χειμῶνι
781 851 948 933 περῶντα.”

239 954 301 1022 Ὣς
319 954 407 1037 φάτο,
425 956 466 1038 τῷ
484 956 517 1018 δὲ
530 953 602 1033 μάλ’
623 953 686 1018 ὦκα
702 955 883 1019 Ποσειδάων
898 955 946 1020 καὶ
963 953 1075 1035 Ἀθήνη

204 1059 315 1139 στήτην
331 1059 420 1143 ἐγγὺς
436 1061 525 1136 ίόντε,
543 1060 634 1138 δέμας
649 1059 675 1124 δ’
692 1062 857 1143 ἄνδρεσσιν
872 1061 981 1140 ἐίκτην,
1104 1077 1150 1138 285

202 1166 281 1247 χειρὶ
297 1165 329 1228 δὲ
343 1171 432 1247 χεῖρα
450 1165 603 1244 λαβόντες
619 1165 821 1228 ἐπιστώσαντ’
840 1164 976 1228 ἐπέεσσι.

202 1272 283 1330 τοῖσι
299 1268 331 1331 δὲ
345 1268 446 1346 μόθων
461 1267 537 1350 ἦρχε
554 1267 734 1332 Ποσειδάων
755 1269 934 1351 ἐνοσίχθων·

203 1369 376 1450 “Πηλε’ίδη,
392 1360 459 1451 μήτ’
476 1371 514 1453 ἀρ
530 1396 558 1434 τι
573 1372 644 1450 λίην
660 1371 727 1452 τρέε
744 1371 819 1451 μήτε
837 1397 866 1434 τι
881 1371 998 1452 τάρβει·

204 1475 273 1536 τοίω
288 1473 345 1557 γάρ
360 1499 406 1537 τοι
423 1481 476 1537 νῶϊ
492 1478 569 1538 θεῶν
585 1475 770 1556 ἐπιταρρόθω
787 1475 877 1555 είμέν,

204 1579 301 1658 Ζηνὸς
316 1579 545 1660 ἐπαινήσαντος,
562 1582 621 1663 ἐγὼ
640 1578 689 1644 καὶ
704 1583 835 1646 Παλλὰς
845 1579 970 1660 Ἀθήνη·
1105 1607 1152 1657 ²90

204 1683 243 1748 ὡς
259 1683 292 1745 οὔ
307 1709 354 1747 τοι
369 1687 493 1770 ποταμιρ
509 1711 544 1767 γε
560 1683 726 1766 δαμήμεναι
742 1687 866 1764 αἴσιμόν
884 1686 977 1760 ἐστιν,

204 1791 276 1857 ἀλλ’
292 1796 343 1859 ὅδε
360 1798 414 1875 μὲν
429 1795 508 1879 τάχα
523 1796 674 1878 λωφήσει,
692 1795 731 1858 σὺ
745 1797 778 1860 δέ
795 1799 892 1860 εἴσεαι
908 1797 1004 1862 αὐτός·

204 1895 295 1979 αὐτάρ
311 1923 357 1961 τοι
372 1905 502 1964 πυκινῶς
517 1897 733 1978 ὑποθησόμεθ’,
751 1899 784 1963 αἴ
798 1923 830 1963 κε
846 1900 960 1979 πίθηαι·

202 2000 243 2080 μὴ
258 2002 329 2084 πρὶν
343 2003 449 2066 παύειν
463 2007 568 2084 χεῖρας
585 2001 700 2082 ὁμοιΐου
716 2001 871 2084 πολέμοιο,

205 2105 274 2183 πρὶν
290 2105 364 2168 κατὰ
380 2102 492 2186 Ἰλιόφι
508 2108 603 2168 κλυτὰ
615 2107 718 2190 τείχεα
733 2103 810 2170 λαάν
821 2105 928 2170 ἐέλσαι
1104 2133 1151 2184 ²95

203 2210 349 2288 Τρωϊκόν,
365 2209 398 2274 ὅς
417 2235 449 2272 κε
464 2208 590 2295 φάγῃσι·
615 2201 653 2270 σὺ
668 2206 694 2271 δ’
708 2207 832 2290 Ἕκτορι
849 2213 942 2288 θυμὸν
957 2207 1090 2290 ἀπούρας

205 2307 252 2391 ἀφ
271 2312 321 2375 ἐπὶ
337 2313 408 2388 νῆας
422 2314 498 2392 ἴμεν·
523 2313 645 2392 δίδομεν
661 2309 693 2374 δέ
709 2336 755 2374 τοι
771 2312 860 2395 εὖχος
875 2310 1032 2394 ἀρέσθαι.”

246 2414 297 2476 Τὼ
312 2416 368 2495 μὲν
383 2414 429 2495 ἀρ’
444 2415 484 2480 δς
501 2416 620 2478 εἰπόντε
635 2411 699 2493 μετ’
715 2414 881 2480 ἀθανάτους
896 2415 1063 2494 ἀπεβήτην·

205 2518 296 2599 αὐτάρ
312 2520 328 2580 ὁ
342 2520 393 2598 βῆ,
409 2517 560 2601 μέγαγάρ
575 2520 613 2601 ῥα
629 2522 706 2582 θεῶν
722 2519 849 2599 ὤτρυνεν
866 2518 991 2600 ἐφετμή,

206 2623 236 2686 ἐς
251 2627 363 2686 πεδίον·
386 2623 421 2684 τὸ
437 2626 470 2706 δὲ
485 2617 547 2686 πάν
561 2620 654 2700 πλῆθ’
666 2623 773 2687 ὕδατος
785 2621 970 2705 ἐκχυμένοιο,
1104 2650 1152 2698 300

206 2725 307 2793 πολλὰ
323 2727 355 2790 δέ
370 2726 479 2808 τείχεα
494 2726 574 2789 καλὰ
590 2725 793 2804 δαϊκταμένων
807 2727 918 2806 αἰζηῶν

205 2836 308 2892 πλῶον
324 2831 372 2893 καὶ
387 2829 497 2896 νέκυες·
521 2836 573 2892 τοῦ
589 2829 614 2893 δ’
631 2829 732 2911 ὑψόσε
747 2827 865 2912 γούνατ’
883 2827 980 2908 ἐπήδα

205 2940 279 3014 πρὸς
291 2933 362 3016 ῥόον
378 2933 541 3000 ἀΐσσοντος
557 2930 603 2996 ἀν’
620 2933 694 3008 ἰθύν,
710 2932 778 2996 οὐδέ
793 2958 845 3012 μιν
860 2935 951 3016 ἴσχεν

205 3036 273 3117 εὐρὺ
285 3038 363 3120 ῥέων
377 3037 520 3118 ποταμός·
543 3035 622 3119 μέγα
637 3035 694 3121 γὰρ
711 3035 819 3102 σθένος
836 3034 946 3115 ἔμβαλ’
965 3034 1089 3116 Ἀθήνη.

205 3142 272 3204 οὐδὲ
287 3142 478 3223 Σκάμανδρος
496 3141 588 3225 ἔληγε
603 3141 637 3204 τὸ
654 3141 688 3205 ἀν
702 3140 800 3220 μένος,
819 3138 890 3204 ἀλλ’
902 3141 946 3204 ἔτι
961 3144 1081 3221 μᾶλλον
1105 3168 1151 3218 305

203 3245 300 3325 χάετο
315 3245 480 3325 Πηλείωνι,
496 3243 627 3327 κόρυσσε
643 3248 675 3308 δέ
692 3251 768 3322 κῦμα
781 3241 865 3327 ῥόοιο

203 3347 296 3428 ὑφόσ’
312 3347 492 3432 ἀειρόμενος,
509 3347 648 3429 Σιμόεντι
665 3350 696 3412 δὲ
713 3345 828 3412 κέκλετ’
846 3345 949 3414 ἀΰσας·

205 3459 222 3486 “
232 3455 306 3534 φίλε
322 3455 494 3536 κασίγνητε,
512 3451 620 3520 σθένος
635 3447 741 3534 ἀνέρος
756 3450 924 3535 ἀμφότεροί
937 3478 993 3535 περ

204 3563 337 3639 σχῶμεν,
350 3557 417 3620 ἐπεὶ
433 3555 512 3639 τάχα
528 3557 606 3620 ἄστυ
621 3553 699 3639 μέγα
715 3554 866 3637 Πριάμοιο
882 3555 1008 3622 ἄνακτος

203 3659 353 3741 ἐκπέρσει,
369 3665 470 3737 Τρῶες
486 3663 519 3723 δέ
538 3659 612 3724 κατά
628 3657 722 3746 μόθον
739 3659 772 3722 οὗ
787 3657 955 3740 μενέουσιν.
1103 3686 1153 3734 310

203 3763 273 3826 ἀλλ’
287 3761 422 3843 ἐπάμυνε
437 3760 577 3848 τάχιστα,
595 3762 644 3828 καὶ
660 3765 827 3843 ἐμπίπληθι
841 3761 949 3847 ῥέεθρα

651 3869 673 3919 Ρ
688 3875 707 3940 3
