2746 4228
493 375 524 434 4.
550 358 720 419 1A1AA02
744 360 782 416 α.

167 520 329 603 Πάνδαρον
345 521 483 587 ἀντίθεον
498 518 648 601 διζημένη,
664 523 694 586 εί
707 545 765 585 που
781 520 912 602 ἐφεάροι.
1029 601 1033 612 ⁸

167 625 234 704 εὗρε
250 621 402 691 Λυκάονος
418 624 484 689 υἶάν
499 622 635 704 ἀμύμονά
648 649 681 688 τε
698 624 839 705 κρατερόν
854 649 889 687 τε

168 724 298 790 ἑσταότ’·
320 728 399 808 ἀμφὶ
414 726 450 792 δέ
461 753 513 807 μιν
528 728 668 808 κρατεραὶ
685 728 791 809 στίχες
806 725 985 791 ἀσπιστάων
1082 753 1114 803 90

167 835 262 902 λαῶν,
278 831 310 893 οἵ
323 832 352 894 οί
368 830 478 894 ἕποντο
495 827 547 894 ἀπ’
564 828 717 909 Αἰσήποιο
731 828 839 911 ῥοάων·

168 937 266 1018 ἀγχοῦ
284 933 311 999 δ’
328 932 473 1014 ἱσταμένη
490 935 565 1000 ἔπεα
580 935 745 1014 πτερόεντα
760 935 925 1015 προσηύδα·

168 1037 217 1117 “ῆ
231 1036 271 1119 ῥά
286 1037 321 1101 νό
334 1039 388 1119 μοί
398 1063 430 1101 τι
445 1038 558 1114 πίθοιο,
574 1037 727 1106 Λυκάονος
742 1039 788 1102 υἱέ
803 1036 941 1120 δαΐφρον.

168 1143 275 1219 τλαίης
291 1168 342 1206 κεν
358 1140 508 1226 Μενελάῳ
525 1139 705 1223 ἐπιπροέμεν
720 1140 814 1225 ταχὺν
829 1141 887 1213 ίόν,

169 1247 247 1306 πᾶσι
262 1242 296 1308 δέ
311 1269 345 1308 κε
357 1244 500 1326 Τριέεσσι
513 1242 604 1326 χάριν
620 1245 669 1308 καὶ
687 1249 774 1310 κῦδος
790 1244 885 1326 ἄροιο,
1083 1272 1115 1323 95

170 1349 203 1409 ἐκ
218 1345 339 1410 πάντων
355 1350 387 1412 δέ
401 1345 537 1426 μάλιστα
552 1344 742 1432 Ἀλεξάνδρῳ
758 1350 899 1424 βασιλῆϊ.

170 1453 223 1511 τοῦ
238 1475 289 1514 κεν
304 1450 340 1529 δῆ
357 1449 525 1532 πάμπρωτα
539 1448 608 1531 παρ’
625 1451 726 1532 ἀγλαδ
741 1455 821 1530 δῶρα
835 1447 952 1530 φέροιο,

170 1554 204 1616 αἴ
217 1578 269 1617 κεν
283 1555 332 1640 ἴδῃ
348 1553 510 1618 Μενέλαον
526 1549 650 1634 Ἀρήϊον
665 1551 787 1635 Ἀτρέος
801 1551 867 1616 υἱὸν

171 1657 215 1740 σῷ
230 1654 322 1736 βέλεϊ
336 1655 487 1736 δμηθέντα
501 1661 595 1738 πυρῆς
610 1653 751 1736 ἐπιβάντ’
766 1657 933 1738 ἀλεγεινῆς.

172 1757 242 1820 ἀλλ’
257 1756 307 1841 ἄγ’
323 1757 484 1824 ὀΐστευσον
501 1759 662 1824 Μενελάου
678 1759 865 1838 κυδαλίμοιο,
1070 1783 1116 1820 ιοο

172 1861 259 1944 εὔχεο
275 1860 300 1926 δ’
318 1858 492 1927 Ἀπόλλωνι
506 1861 672 1945 Λυκηγενέϊ
689 1863 858 1946 κλυτοτόξῳ

172 1966 268 2045 ἀρνῶν
283 1965 483 2047 πρωτογόνων
496 1963 596 2046 ῥέξειν
612 1964 734 2044 κλειτὴν
750 1967 922 2043 ἑκατόμβην

172 2070 273 2132 οἴκαδε
289 2064 442 2146 νοστήσας
457 2068 540 2147 ἱερῆς
554 2068 598 2132 εἷς
614 2066 692 2130 άστυ
706 2063 860 2144 Ζελείης.”

207 2167 271 2235 *Ως
286 2167 359 2250 φάτ’
376 2165 530 2248 Ἀθηναίη,
545 2169 587 2253 τῷ
605 2170 638 2233 δὲ
653 2168 764 2250 φρένας
779 2167 891 2249 ἀφρονι
907 2172 1019 2232 πεῖθεν·

174 2270 266 2336 αὐτίκ’
283 2272 380 2338 ἐσύλα
394 2273 484 2350 τόξον
500 2268 608 2349 ἐΰξοον
623 2268 730 2350 ίξάλον
744 2271 829 2352 αἰγὸς
1069 2295 1114 2344 105

174 2376 287 2458 ἀγρίου,
304 2375 339 2440 όν
352 2373 392 2457 ῥά
406 2373 471 2438 τοτ’
488 2373 578 2440 αὐτὸς
591 2373 650 2438 ἀπὸ
665 2373 804 2454 στέρνοιο
820 2372 954 2456 τυχήσας

173 2478 282 2560 πέτρης
298 2480 479 2558 ἐκβαίνοντα
504 2475 680 2558 δεδεγμένος
696 2479 729 2540 ἐν
744 2480 919 2562 προδοκῇσι,

172 2579 325 2661 βεβλήκει
340 2580 414 2662 πρὸς
430 2583 550 2658 στῆθος·
573 2581 591 2642 ό
605 2577 631 2644 δ’
647 2580 752 2645 ὕπτιος
768 2579 882 2660 ἔμπεσε
897 2579 999 2667 πέτρῃ.

173 2689 225 2747 τοῦ
240 2683 313 2766 κέρα
328 2685 361 2746 ἐκ
377 2687 514 2764 κεφαλῆς
528 2681 767 2765 ἑκκαιδεκάδωρα
781 2683 917 2765 πεφύκει·

174 2789 223 2852 καὶ
237 2786 276 2851 τά
289 2784 346 2867 μέν
362 2784 499 2864 ἀσκήσας
514 2783 675 2868 κεραοξόος
688 2785 780 2868 ἤραρε
795 2785 914 2859 τέκτων,
1070 2815 1116 2851 110

174 2895 234 2955 πᾶν
249 2889 274 2954 δ’
292 2889 324 2954 εὖ
339 2886 462 2966 λειήνας
476 2887 611 2970 χρυσέην
625 2887 753 2967 ἐπέθηκε
769 2890 911 2970 κορώνην.

174 2993 223 3056 καὶ
237 2991 272 3056 τδ
286 2992 342 3071 μὲν
358 2990 390 3055 εά
406 2989 551 3069 κατέθηκε
567 2989 794 3069 τανυσσάμενος
809 2993 879 3055 ποτὶ
893 2993 964 3079 γαίῃ

174 3097 330 3178 ἀγκλίνας·
353 3094 488 3174 πρόσθεν
502 3094 535 3156 δέ
551 3091 646 3157 σάκεα
662 3092 777 3176 σχέθον
792 3095 900 3160 ἐσθλοὶ
915 3099 1036 3179 ἑταῖροι,

173 3198 214 3279 μῆ
229 3198 300 3280 πρὶν
316 3194 471 3275 ἀναΐξειαν
484 3194 601 3278 Ἀρήϊοι
616 3198 680 3262 νῖες
692 3196 835 3279 Ἀχαιῶν,

174 3302 244 3382 πρὶν
258 3301 398 3381 βλῆσθαι
412 3297 574 3364 Μενέλαον
588 3297 711 3381 Ἀρήϊον
724 3299 848 3379 Ἀτρέος
863 3303 938 3368 νϊάν.
1071 3329 1115 3381 1¹5

176 3404 267 3484 αὐτὰρ
285 3404 302 3465 ὁ
319 3401 399 3464 σόλα
414 3407 504 3479 πῶμα
518 3400 678 3483 φαρέτρης,
694 3404 728 3466 ἐκ
742 3402 768 3467 δ’
785 3401 864 3468 ἕλετ’
881 3404 928 3468 ίὸν

176 3505 297 3584 ἀβλῆτα
313 3504 487 3586 πτερόεντα,
499 3503 669 3582 μελαινέων
685 3503 746 3586 ἕρμ’
764 3504 906 3570 ὀδυνάων·

175 3608 255 3688 αἶψα
269 3605 296 3671 δ’
312 3607 363 3671 ἐπὶ
379 3607 465 3694 νευρῇ
485 3608 665 3686 κατεκόσμει
680 3607 786 3689 πικρὸν
802 3608 915 3685 ὀϊστόν,

176 3710 280 3794 εὔχετο
296 3707 325 3773 δ’
339 3707 515 3774 Ἀπόλλωνι
530 3708 694 3791 Λυκηγενέϊ
710 3709 878 3797 κλυτοτόξῳ

620 3815 643 3862 D
662 3817 679 3862 2
