2788 4230
486 354 536 402 21.
560 340 794 400 οΔκΣΣοιΑΣ
824 341 861 404 ο.
1077 337 1139 421 855
1250 296 1253 303 ⁸

195 500 331 583 ὀχθήσας
346 503 372 567 δ’
391 503 448 586 ἀρα
463 505 547 569 εἶπεν
562 506 633 572 ἔπος
649 503 673 567 τ’
690 504 775 586 ἔφατ’
792 506 825 570 ἔκ
840 504 865 567 τ’
881 505 1035 584 ὀνόμαζεν·

195 603 245 668 “ὀι
260 607 362 684 πόποι,
379 608 398 688 ή
412 634 462 690 μοι
480 609 555 691 ἄχος
570 610 639 690 περί
653 607 679 672 τ’
695 609 783 672 αὐτοῦ
802 605 851 672 καὶ
867 606 934 690 περὶ
949 609 1079 672 πάντων·

196 709 229 772 ού
245 735 274 774 τι
289 710 385 795 γάμου
401 718 566 776 τοσσοῦτον
582 713 734 795 ὀδύρομαι,
751 712 918 795 ἀχνύμενός
934 733 1000 794 περ·
1090 741 1138 790 ²50

195 811 254 878 εἶσὶ
271 813 319 879 καὶ
335 815 428 880 ἄλλαι
445 819 558 882 πολλοὶ
573 816 736 900 Ἀχαιίδες,
753 819 785 880 αἱ
799 819 855 898 μὲν
872 816 904 879 ἔν
920 817 992 902 αὐτῇ

195 918 338 1004 ἀμφιάλῳ
353 917 463 1007 Ἰθάκη,
480 922 512 984 οἱ
528 918 553 984 δ’
569 921 702 1007 ἄλλῃσιν
718 921 892 984 πολίεσσιν·

194 1021 264 1084 ἀλλ’
281 1024 307 1086 εί
323 1023 359 1103 δὴ
375 1027 522 1089 τοσσόνδε
536 1025 608 1104 βίης
624 1025 773 1090 ἐπιδευέες
789 1025 871 1103 εἰμὲν

195 1125 332 1190 ἀντιθέου
346 1124 503 1207 Ὀδυσῆος,
516 1129 534 1190 ό
548 1126 574 1191 τ’
590 1129 625 1192 οὗ
640 1127 811 1207 δυνάμεσθα
827 1124 976 1196 τανύσσαι
1038 1126 1044 1132 ’

195 1228 293 1307 τόξον·
315 1231 456 1314 ἐλεγχείη
476 1235 508 1296 δὲ
525 1229 573 1295 καὶ
589 1231 785 1313 ἐσσομένοισι
800 1226 979 1294 πυθέσθαι.”
1090 1257 1137 1305 255

237 1338 299 1398 Τὸν
314 1332 340 1398 δ’
356 1333 418 1398 οὔτ’
434 1333 588 1401 Ἀντίνοος
603 1336 752 1417 προσέφη,
770 1333 934 1398 Εὐπείθεος
948 1333 1022 1398 υἱός·

194 1442 215 1472 “
227 1435 389 1522 Εὐρύμαχ’,
407 1439 463 1523 οὐχ
476 1443 569 1506 οὕτως
586 1440 682 1503 ἔσται·
706 1436 799 1504 νοέεις
817 1439 850 1502 δὲ
869 1437 918 1501 καὶ
933 1435 1029 1502 αὐτός.

194 1545 247 1606 νῦν
261 1545 316 1623 μὲν
331 1541 388 1624 γὰρ
405 1546 479 1607 κατὰ
495 1547 589 1621 δῆμον
604 1541 690 1624 ἑορτὴ
706 1545 770 1605 τοῖο
786 1545 867 1606 θεοῖο

195 1643 280 1727 ἀγνή·
303 1646 348 1712 τίς
365 1645 398 1710 δέ
414 1671 446 1710 κε
462 1643 536 1724 τόξα
551 1643 725 1719 τιταίνοιτ’,
749 1643 832 1708 ἀλλά
847 1645 950 1722 ἕκηλοι

195 1746 322 1813 κάτθετ’·
347 1751 422 1831 ἀτὰρ
437 1748 582 1816 πελέκεάς
597 1775 632 1833 γε
649 1746 697 1811 καὶ
713 1751 742 1812 εί
756 1745 782 1811 κ’
797 1750 905 1826 είῶμεν
920 1745 1054 1813 ἅπαντας
1089 1759 1138 1809 260

195 1852 332 1933 ἑστάμεν·
356 1853 390 1915 οὐ
404 1855 460 1931 μὲν
474 1852 532 1935 γάρ
550 1851 604 1916 τιν’
623 1850 840 1932 ἀναιρήσεσθαι
856 1847 930 1928 ὀίω,

194 1953 311 2018 ἐλθόντ’
328 1958 359 2020 ἐς
373 1954 502 2037 μέγαρον
517 1953 704 2035 Λαερτιάδεω
719 1951 878 2032 Ὀδυσῆος.

194 2059 265 2122 ἀλλ’
280 2055 371 2140 ἄγετ’,
387 2059 526 2140 οἰνοχόος
543 2061 600 2136 μὲν
615 2055 796 2138 ἐπαρξάσθω
811 2055 987 2133 δεπάεσσιν,

194 2164 275 2244 ὄφρα
290 2163 471 2228 σπείσαντες
488 2163 683 2241 καταθείομεν
699 2160 817 2242 ἀγκύλα
832 2158 915 2237 τόξα·

192 2265 289 2344 ῆῶθεν
304 2269 336 2330 δὲ
353 2264 481 2330 κέλεσθε
496 2265 684 2343 Μελάνθιον,
698 2264 827 2328 αἰπόλον
841 2266 945 2346 αἰγῶν,
1090 2277 1136 2338 2⁶5

193 2370 280 2453 αἶγας
296 2369 389 2452 ἄγειν,
407 2369 438 2433 αἳ
453 2374 530 2434 πᾶσι
545 2367 611 2452 μέγ’
627 2367 729 2452 ἔξοχοι
745 2367 942 2445 αἰπολίοισιν,

193 2472 261 2556 ὄφρ’
276 2473 326 2539 ἐπὶ
340 2475 431 2555 μηρία
446 2472 545 2541 θέντες
560 2471 733 2537 Ἀπόλλωνι
750 2468 919 2556 κλυτοτόξῳ

192 2577 281 2658 τόξου
295 2578 487 2658 πειρώμεσθα
503 2575 551 2642 καὶ
566 2575 749 2657 ἐκτελέωμεν
764 2571 905 2639 ἀεθλον.”

229 2681 293 2750 Ὣς
309 2680 397 2764 ἔφατ’
410 2681 576 2759 Ἀντίνοος,
590 2687 689 2745 τοῖσιν
704 2679 728 2744 δ’
744 2679 905 2760 ἐπιήνδανε
918 2683 1019 2761 μῦθος.

193 2791 272 2850 τοῖσι
288 2789 320 2851 δὲ
336 2787 457 2867 κήρυκες
471 2788 526 2863 μέν
540 2787 617 2866 ὕδωρ
632 2782 681 2848 ἐπὶ
696 2789 799 2868 χεῖρας
815 2784 934 2868 ἔχευαν,
1088 2807 1136 2859 270

194 2897 293 2975 κοῦροι
308 2892 341 2955 δὲ
357 2892 503 2971 κρητῆρας
520 2888 731 2970 ἐπεστέψαντο
748 2893 863 2966 ποτοῖο,

194 2996 336 3075 νώμησαν
351 2991 376 3057 δ’
393 2994 449 3075 ἀρα
464 2997 559 3058 πᾶσιν
575 2990 774 3074 ἐπαρξάμενοι
790 2990 968 3057 δεπάεσσιν.

192 3101 221 3162 οἱ
237 3098 262 3162 δ’
278 3095 343 3162 ἐπεὶ
358 3098 411 3161 οὖν
427 3095 559 3162 σπεῖσάν
573 3094 599 3158 τ’
616 3096 702 3160 ἔπιόν
718 3094 744 3158 θ’
760 3097 835 3161 ὅσον
849 3094 941 3175 ήθελε
957 3096 1059 3174 θυμός,

192 3207 253 3269 τοῖς
269 3204 302 3266 δέ
316 3199 527 3284 δολοφρονέων
540 3199 653 3281 μετέφη
672 3199 837 3281 πολύμητις
851 3197 1027 3266 Ὀδυσσεύς·

193 3311 214 3341 “
225 3305 350 3370 κέκλυτέ
364 3331 429 3387 μευ,
445 3308 613 3385 μνηστῆρες
630 3306 810 3387 ἀγακλειτῆς
825 3304 998 3382 βασιλείης·
1087 3327 1134 3380 275

194 3405 279 3496 [ὄφρ’
295 3410 367 3474 ε’ίπω
384 3409 421 3473 τό
435 3436 472 3489 με
488 3409 580 3490 θυμὸς
595 3406 639 3472 ἐνὶ
656 3407 806 3487 στήθεσσι
823 3406 963 3492 κελεύει·]

156 3507 157 3512 ¹
193 3512 371 3596 Εὐρύμαχον
381 3514 420 3576 ’δέ
435 3513 570 3593 μάλιστα
585 3509 633 3575 καὶ
647 3509 801 3576 Ἀντίνοον
817 3511 952 3576 θεοειδέα

193 3614 328 3696 λίσσομ’,
344 3614 410 3680 ἐπεὶ
426 3618 475 3681 καὶ
489 3621 577 3682 τοῦτο
592 3613 665 3682 ἔπος
680 3618 755 3678 κατὰ
769 3620 876 3698 μοῖραν
892 3616 983 3694 ἔειπε,

193 3726 246 3786 νῦν
259 3724 316 3801 μὲν
332 3724 445 3784 παῦσαι
460 3720 558 3807 τόξον,
576 3721 738 3804 ἐπιτρέψαι
753 3723 786 3785 δέ
801 3723 925 3785 θεοῖσιν·
