2848 4296
267 483 333 558 426
591 498 643 546 21.
669 484 840 546 ΙΛΙΑΔΟΣ
863 483 900 548 Φ.

264 655 371 719 ύδατος
387 655 419 716 ἐκ
435 650 564 735 πηγέων,
581 651 696 718 πάντας
711 650 737 716 δ’
753 653 899 734 ὀρόθυνον
915 651 1067 728 ἐναύλους,

265 761 335 834 ἵστη
352 758 385 818 δὲ
399 753 477 836 μέγα
493 760 578 834 κῦμα,
596 753 694 818 πολὺν
709 755 734 818 δ’
751 755 922 838 ὀρυμαγδὸν
937 758 1018 837 ὄρινε

244 880 246 886 ’
265 865 380 940 φιτρῶν
396 860 444 921 καὶ
459 857 553 937 λάων,
569 860 619 922 ἵνα
634 859 791 937 παύσομεν
804 859 912 940 ἄγριον
927 859 1030 940 ἀνδρα,

266 962 299 1027 δς
314 963 351 1041 δὴ
367 968 419 1025 νῦν
435 961 562 1043 κρατέει,
577 961 707 1041 μέμονεν
723 959 749 1024 δ’
766 962 784 1024 ὄ
797 989 834 1044 γε
849 963 904 1026 ἴσα
925 968 1033 1028 θεοῖσι.
1168 987 1216 1038 315

265 1064 343 1147 φημὶ
358 1068 415 1148 γὰρ
432 1065 499 1128 οότε
513 1065 588 1144 βίην
602 1064 834 1148 χραισμησέμεν
849 1066 918 1130 οότε
933 1091 962 1130 τι
979 1067 1066 1142 εἶδος,

266 1168 333 1232 ούτε
344 1159 386 1231 Ιτὰ
398 1170 510 1251 ’τεύχεα
526 1168 614 1240 καλά,
630 1167 668 1231 τά
683 1194 741 1232 που
756 1167 840 1247 μάλα
856 1171 951 1234 νειόθι
965 1171 1074 1249 λίμνης

266 1272 376 1336 κείσεθ’
394 1269 444 1334 ὑπ’
461 1272 543 1336 ἰλύος
559 1269 776 1352 κεκαλυμμένα·
800 1270 854 1334 κὰδ
871 1271 904 1334 δέ
917 1297 970 1352 μιν
985 1273 1075 1336 αὐτόν

266 1375 379 1440 εἰλύσω
391 1374 583 1457 ψαμάθοισιν
598 1374 668 1440 άλις
683 1375 812 1459 χέραδος
827 1375 987 1458 περιχεύας

264 1479 379 1559 μυρίον,
395 1478 463 1542 ούδέ
479 1481 508 1541 οἳ
523 1477 610 1559 ὀστέ’
626 1477 844 1558 ἐπιστήσονται
858 1476 980 1566 Ἀχαιοὶ
1156 1497 1213 1554 ’3οο

266 1580 402 1659 ἀλλέξαι·
426 1582 543 1659 τόσσην
558 1584 587 1644 οἰ
604 1582 676 1646 άσιν
692 1582 859 1662 καθύπερθε
876 1583 1015 1664 καλύψω.

266 1685 356 1745 αύτοῢ
371 1685 400 1746 οἱ
416 1685 465 1748 καὶ
482 1688 565 1763 σῆμα
579 1681 757 1762 τετεύξεται,
774 1683 842 1746 ούδέ
856 1685 887 1746 τί
899 1709 952 1763 μιν
966 1685 1045 1767 χρεὼ

266 1787 353 1849 ἔσται
367 1787 551 1869 τυμβοχόης,
568 1788 619 1850 ὅτε
633 1812 686 1866 μιν
702 1785 859 1851 θάπτωσιν
873 1785 1026 1870 Ἀχαιοί.”

304 1887 360 1963 Ἦ,
376 1891 425 1953 καὶ
441 1890 546 1971 ἐπῶρτ’
564 1887 689 1972 Ἀχιλῆϊ
705 1891 882 1976 κυκώμενος,
897 1892 1000 1973 ύψόσε
1016 1893 1104 1970 θύων,

265 1993 422 2076 μορμύρων
437 1994 524 2076 ἀφρῷ
540 2019 573 2058 τε
589 1994 638 2057 καὶ
655 1995 757 2072 αἵματι
773 1996 822 2058 καὶ
837 1995 989 2060 νεκύεσσι.
1166 2023 1214 2074 3²5

266 2098 437 2180 πορφύρεον
452 2097 477 2161 δ’
497 2097 554 2178 άρα
569 2104 646 2177 κῦμα
661 2091 809 2164 διιπετέος
823 2104 971 2179 ποταμοῖο

265 2199 364 2265 ἵστατ’
380 2202 563 2282 ἀειρόμενον,
580 2203 655 2264 κατὰ
671 2199 698 2264 δ’
713 2201 783 2288 ᾕρεε
799 2201 975 2279 Πηλείωνα·

261 2303 343 2388 Ἥρη
360 2306 392 2368 δὲ
406 2303 472 2388 μέγ’
489 2305 565 2369 ἄϋσε
579 2305 769 2387 περιδείσασ’
789 2304 922 2390 Ἀχιλῆϊ,

265 2407 306 2489 μή
320 2434 372 2488 μιν
387 2407 549 2489 ἀποέρσειε
563 2407 658 2490 μέγας
674 2409 807 2488 ποταμὸς
821 2410 996 2489 βαθυδίνης,

265 2512 370 2574 αὐτίκα
386 2512 410 2575 δ’
422 2510 602 2592 Ἥφαιστον
617 2513 841 2594 προσεφώνεεν,
860 2511 894 2574 δν
910 2511 1004 2592 φίλον
1018 2513 1094 2582 υἱόν·
1166 2539 1215 2587 330

266 2622 285 2649 “
296 2617 396 2697 ὄρσεο,
413 2617 623 2694 κυλλοπόδιον,
642 2616 714 2697 έμδν
732 2614 827 2682 τέκος·
851 2615 926 2679 ὄντα
944 2614 1107 2706 σέθενγδιρ

266 2713 387 2781 Ξάνθον
402 2714 540 2793 δινήεντα
554 2715 637 2802 μάχη
652 2715 798 2797 ἠΐσκομεν
814 2715 900 2780 εἶναι·
958 2749 969 2796 '.

265 2817 333 2882 ἀλλ’
351 2818 482 2899 ἐπάμυνε
496 2818 637 2902 τάχιστα,
652 2820 825 2908 πιφαύσκεο
841 2822 874 2882 δὲ
890 2821 995 2902 φλόγα
1011 2817 1141 2899 πολλήν.

265 2923 357 3004 αιἰτάρ
373 2923 432 3004 ἐγὼ
448 2923 599 3005 Ζεφύροιο
618 2924 667 2986 καὶ
683 2925 833 3006 ἀργεστᾶο
848 2924 962 2987 Νότοιο
1152 3005 1157 3010 Ι

265 3029 385 3104 εἵσομαι
401 3023 437 3104 ἐξ
449 3027 561 3090 ἁλόθεν
574 3027 716 3110 χαλεπὴν
731 3027 865 3106 ὄρσουσα
881 3026 1035 3100 θύελλαν,1
1164 3050 1214 3102 335

264 3128 285 3206 ἤ
300 3153 351 3190 κεν
366 3127 426 3190 ἀπὸ
440 3129 552 3209 Τριύων
568 3132 703 3211 κεφαλὰς
720 3129 769 3191 καὶ
784 3128 893 3210 τεύχεα
908 3125 986 3206 κήαι,

265 3229 389 3312 φλέγμα
405 3235 496 3295 κακὸν
511 3231 674 3314 φορέουσα·
698 3230 736 3292 σίι
751 3231 784 3294 δὲ
800 3228 932 3296 Ξάνθοιο
947 3230 1016 3312 παρ’
1033 3232 1127 3312 ὄχθας

264 3331 388 3415 δένδρεα
404 3331 470 3412 καῖ’,
486 3335 520 3397 έν
535 3335 560 3398 δ’
577 3335 666 3398 αύτδν
681 3337 720 3398 ἵει
736 3335 814 3415 πυρί·
836 3332 912 3413 μηδέ
928 3360 964 3396 σε
982 3331 1105 3413 πάμπαν

263 3436 426 3520 μειλιχίοις
442 3437 588 3502 ἐπέεσσιν
604 3436 796 3521 ἀποτρεπέτω
813 3439 862 3499 καὶ
878 3437 972 3523 ἀρειῇ·

263 3540 339 3618 μηδὲ
354 3540 423 3620 πρὶν
438 3541 576 3605 ἀπόπαυε
591 3541 660 3607 τεδν
674 3538 772 3622 μένος,
787 3538 857 3601 ἀλλ’
875 3539 959 3602 ὁπότ’
976 3538 1013 3604 ἂν
1028 3541 1065 3620 δὴ
1167 3566 1216 3617 ³40

265 3639 412 3724 φθέγξομ’
430 3643 507 3724 ἐγὼν
523 3642 661 3726 ἰάχουσα,
678 3644 747 3706 τότε
758 3646 848 3726 σχεῖν
863 3639 1015 3722 ἀκάματον
1032 3642 1120 3723 πῦρ.”

302 3743 366 3811 Ὠς
381 3746 481 3827 ἔφαθ’,
490 3744 667 3828 Ἥφαιστος
683 3748 716 3810 δὲ
731 3745 886 3810 τιτύσκετο
901 3749 1062 3812 θεσπιδαὲς
1077 3753 1144 3828 πῦρ.

266 3855 369 3931 πρῶτα
382 3850 438 3929 μὲν
454 3851 487 3914 ἓν
501 3849 593 3934 πεδίῳ
610 3856 667 3934 πῦρ
682 3851 790 3928 δαίετο,
807 3854 873 3916 καῖε
888 3852 920 3914 δὲ
936 3849 1056 3933 νεκροὺς
