2760 4232
261 347 342 394 1012
554 331 710 393 ΕΠΙΚΘΣ
733 330 906 392 ΚΤΚΛΟΣ.

257 505 333 581 μετδ
362 501 417 580 τὴν
438 499 521 580 μῖξιν
547 499 583 563 τά
606 505 741 564 ’πλεῖστα
765 498 901 579 κτήματα
925 496 1076 579 ἐνθέμενοι
1099 496 1205 564 νυκτὸς

259 604 457 670 ἀποπλέουσι.
502 609 637 688 χειμῶυα
658 604 691 668 δὲ
717 603 818 668 αύτοῖς
842 603 1007 683 ἐφίστησιν
1032 598 1124 682 Ἥρα·
1155 599 1205 664 καὶ

258 706 473 790 προσενεχθείς
489 711 599 772 Σιδῶυι
614 709 630 770 ὁ
646 704 845 788 Ἀλέξανδρος
863 708 946 786 αἱρεῖ
960 705 1016 784 τήν
1030 707 1131 768 πόλιν·
1154 701 1205 768 καί

258 811 455 878 ἀποπλεύσας
478 814 520 876 είς
538 808 635 874 Ἴλιον
658 811 770 892 γάμους
787 812 841 886 τῆς
862 807 991 887 Ἑλένης
1013 810 1204 872 ἐπετέλεσεν.

258 917 290 978 ἐν
315 914 408 1000 τούτῳ
439 917 472 978 δέ
496 913 624 996 Κάστωρ
648 911 723 994 μετὰ
749 913 956 978 Πολυδεύκους
986 915 1039 978 τὰς
1062 909 1126 975 Ἴδα
1156 910 1206 976 καὶ

258 1021 397 1098 Λυγκέως
423 1023 498 1098 βοῦς
520 1018 734 1098 ύφαιρούμενοι
760 1016 970 1096 ἐφωράθησαν·
1003 1012 1050 1078 καὶ
1076 1013 1206 1097 Κάστωρ

257 1122 313 1202 μέυ
334 1122 392 1185 ύπδ
407 1126 460 1183 τοῦ
480 1121 543 1185 Ἴδα
566 1122 740 1202 ἀναιρεῖται,
759 1119 891 1202 Λυγκεύς
916 1122 948 1183 δὲ
975 1121 1023 1183 καὶ
1043 1117 1125 1184 Ἴδας
1146 1119 1206 1182 ὑπὸ

259 1225 475 1291 Πολυδεύκους·
512 1221 561 1287 καὶ
591 1224 665 1289 Ζεὺς
695 1224 795 1290 αὐτοῖς
832 1222 1009 1305 ἑτερήμεραν
1039 1223 1121 1302 νέμει
1151 1222 1205 1300 τὴν

258 1329 434 1393 ἀθανασίαν.
481 1326 529 1391 καὶ
543 1330 619 1405 μετὰ
639 1333 732 1391 ταῦτα
743 1326 817 1408 Ἶρις
832 1328 978 1409 ἀγγέλλει
998 1329 1039 1412 τῷ
1056 1325 1204 1410 Μενελάῳ

257 1435 295 1495 τὰ
316 1435 463 1514 γεγονότα
485 1434 560 1495 κατά
583 1431 635 1494 τὸν
658 1432 749 1495 οἶκον·
781 1433 797 1494 ὁ
821 1433 853 1494 δέ
876 1431 1118 1514 παραγενόμενος
1135 1432 1205 1511 περὶ

256 1537 310 1611 τῆς
327 1535 374 1599 ἐπ’
385 1532 483 1599 Ἴλιον
505 1535 664 1615 στρατείας
685 1534 865 1614 βουλεύεται
887 1537 963 1613 μετὰ
985 1539 1037 1596 τοῦ
1060 1535 1205 1614 ἀδελφοῦ,

149 1644 151 1649 ’
258 1641 306 1702 καὶ
332 1638 406 1718 πρὸς
433 1636 574 1716 Νέστορα
598 1638 793 1719 παραγίνεται
819 1639 986 1703 Μενέλαος·
1019 1639 1146 1719 Νέστωρ
1172 1640 1204 1700 δέ

257 1743 289 1806 ἐν
316 1741 505 1824 παρεκβάσει
533 1745 680 1823 διηγεῖται
708 1740 797 1824 αὐτῷ,
828 1740 867 1806 ὧς
890 1740 1048 1808 Ἐπωπεὺς
1078 1742 1203 1822 φθείρας

257 1846 312 1923 τὴν
336 1845 433 1910 Λύκου
454 1844 601 1926 θυγατέρα
624 1842 819 1924 ἐξεπορθήθη,
836 1846 885 1908 καὶ
908 1848 946 1908 τά
968 1841 1036 1926 περί
1058 1845 1204 1909 Οἰδίπουν

258 1945 305 2012 καὶ
335 1949 395 2028 τὴν
418 1947 613 2029 Ἡρακλέους·
634 1949 744 2028 μανίαν
775 1947 824 2012 καὶ
853 1952 890 2012 τὰ
920 1950 988 2030 περὶ
1020 1947 1127 2027 Θησέα
1156 1947 1204 2011 καὶ

256 2051 426 2134 Ἀριάδνην.
490 2053 592 2116 ἔπειτα
623 2051 691 2117 τοὺς
722 2051 869 2135 ἡγεμόνας
899 2053 1089 2133 ἀθροίζουσιν
1114 2054 1203 2118 ἐπελ-

257 2157 360 2223 θόντες
384 2156 439 2235 τὴν
463 2153 609 2220 Ἐλλάδα.
655 2153 704 2218 καὶ
734 2157 893 2235 μαίνεσθαι
920 2155 1204 2235 προσποιησάμενον

257 2267 310 2324 τάν
335 2258 489 2324 Ὀδυσσέα
514 2257 564 2323 ἐπὶ
587 2261 629 2344 τῷ
651 2259 692 2338 μὴ
721 2258 820 2324 θέλειν
845 2259 1100 2339 συστρατεύεσθαι
1123 2260 1203 2339 ἐφό-

256 2389 362 2444 ρασαν,
380 2363 580 2444 Παλαμήδους
600 2361 783 2441 ὑποθεμένου
803 2363 855 2428 τὸν
877 2365 941 2427 υἱὸν
960 2361 1139 2444 Τηλέμαχον
1154 2364 1203 2428 ἐπὶ

257 2470 401 2531 κόλουσιν
428 2465 662 2548 ἐξαρπάσαυτες.
708 2463 754 2528 καὶ
783 2469 858 2546 μετὰ
888 2471 979 2530 ταῦτα
1006 2471 1203 2534 συνελθόντες

257 2573 300 2636 εἷς
324 2570 438 2634 Αὐλίδα
462 2570 576 2633 θύουσι·
608 2567 656 2632 καὶ
676 2573 713 2632 τά
735 2570 803 2651 περὶ
825 2576 878 2633 τὸν
895 2570 1040 2651 δράκοντα
1065 2568 1114 2634 καί
1136 2569 1204 2636 τοὺς

257 2673 420 2754 στρουθοὺς
449 2674 597 2755 γενόμενα
626 2674 783 2750 δείκνυται,
816 2671 864 2737 καὶ
893 2673 1017 2758 Κάλχας
1046 2675 1115 2754 περὶ
1145 2679 1204 2737 τῶν

257 2775 497 2858 ἀποβησομένων
534 2776 678 2859 προλέγει
715 2777 821 2843 αὐτοῖς.
883 2773 987 2841 ἔπειτα
1024 2777 1203 2861 ἀναχθέντες

255 2881 423 2964 Τευθρανίᾳ
446 2881 651 2963 προσίσχουσι
675 2882 724 2944 καὶ
745 2882 855 2960 ταύτην
878 2881 917 2947 ὡς
929 2880 1025 2947 Ἴλιον
1048 2884 1201 2962 ἐπόρθουν·

255 2982 399 3064 Τήλεφος
423 2987 456 3048 δὲ
481 2986 624 3064 ἐκβοηθεῖ
654 2985 850 3065 Θέρσανδρόν
873 3011 905 3048 τε
926 2991 979 3048 τὸν
1003 2987 1203 3051 Πολυνείκους

257 3087 365 3152 κτείνει
396 3085 445 3153 καλ
471 3089 557 3154 αὐτὸς
582 3087 642 3150 ύπά
672 3087 841 3170 Ἀχιλλέως
880 3093 1082 3169 τιτρώσκεται
1128 3090 1204 3154 ἀπο·

257 3190 386 3254 πλέουσι
410 3193 442 3256 δέ
458 3192 558 3258 αὐτοῖς
579 3194 612 3256 ἐκ
632 3195 685 3269 τῆς
700 3193 822 3259 Μυσίας
844 3194 957 3278 χειμὼν
972 3194 1134 3270 ἐπιπίπτει,
1155 3190 1204 3256 καί

257 3295 529 3362 διασκεδάννυνται·
559 3295 722 3378 ’Λχιλλεδς
747 3300 778 3360 δὲ
803 3297 904 3382 Σκύρῳ
928 3297 1093 3378 προσσχδυ
1114 3301 1206 3379 γαμεῖ

256 3395 311 3478 τὴν
325 3398 515 3477 Λυκομήδους
531 3398 677 3482 θυγατέρα
697 3402 892 3480 Δηϊδάμειαν.
937 3402 1041 3464 ἔπειτα
1061 3398 1205 3480 Τήλεφον

258 3505 331 3567 κατὰ
346 3504 488 3583 μαντείαν
504 3504 746 3585 παραγενόμενον
761 3507 805 3571 εἰς
816 3502 929 3588 Ἀργος
944 3507 1025 3569 ίᾶται
1040 3503 1205 3588 Ἀχιλλεύς

257 3605 296 3671 ὥς
319 3605 452 3688 ἡγεμόνα
474 3607 677 3687 γενησόμενον
702 3611 754 3672 τοῦ
778 3607 824 3672 ἐπ’
844 3605 943 3672 Ἴλιον
966 3613 1052 3672 πλοῦ.
1097 3609 1146 3671 καὶ
1169 3609 1205 3672 τὸ

258 3709 394 3791 δεύτερον
416 3707 615 3789 ἠθροισμένου
635 3715 687 3773 τοῦ
711 3711 823 3774 στόλου
838 3713 871 3774 ἐν
886 3711 993 3776 Λύλίδι
1009 3711 1205 3794 Ἀγαμέμνων
