2874 4234
549 371 578 434 ο.
602 373 836 436 omnm
863 373 897 435 z.
1127 376 1195 458 '603

248 547 266 626 ή
280 549 313 630 ῥ’
329 550 360 613 οἵ
374 547 401 626 γ’
416 547 563 628 ὑβρισταί
575 571 608 610 τε
625 543 672 609 καὶ
690 543 788 628 ἄγριοι
808 545 876 609 ούδέ
891 546 1011 624 δίκαιοι,
1147 571 1194 607 ιιο

248 650 283 729 ήε
298 649 479 730 φιλόξεινοι,
497 649 546 712 καί
561 656 638 729 σφιν
654 651 724 714 νόος
740 651 806 712 ἐστὶ
821 647 967 727 θεουδής,·

248 755 287 820 ὥς
302 759 337 819 τέ
350 781 388 835 με
402 753 535 835 κουράων
551 751 713 833 ἀμφήλυθε
729 756 822 831 θῆλυς
838 750 921 830 ἀϋτή,

248 858 402 939 νυμφάων,
419 859 450 922 αδ
469 854 570 939 έχονσ’
588 855 682 937 ἀρέων
698 854 818 920 αἰπεινὰ
838 855 950 936 κάρηνα

247 963 295 1025 καὶ
311 965 410 1042 πηγάς
426 969 568 1038 ποταμῶν
584 956 632 1024 καὶ
648 961 741 1023 πίσεα
757 957 910 1038 ποιήεντα.

248 1064 267 1143 ή
283 1066 318 1128 νύ
333 1091 390 1129 που
406 1067 572 1146 ἀνθρώπων
587 1065 646 1144 εἰμὶ
663 1069 774 1147 σχεδόν
790 1062 979 1140 αύδηέντων,·

247 1169 318 1232 ἀλλ’
334 1169 393 1251 ἄγ’,
413 1171 491 1251 ἐγὼν
507 1169 595 1234 αὐτὸς
611 1165 792 1248 πειρήσομαι
809 1166 861 1244 ήδέ
877 1163 1014 1246 ἵδωμοι.”

282 1271 347 1338 Ὣς
364 1274 456 1337 εἰπὼν
472 1274 592 1350 θάμνων
606 1271 772 1334 ὑπεδύσετο
788 1275 850 1335 δῖος
865 1269 1045 1346 Ὀδυσσεύς,

247 1375 281 1436 ἐκ
296 1378 419 1451 πυκινῆς
438 1374 465 1440 δ’
478 1377 555 1452 ὕλης
570 1375 703 1455 πτόρθον
721 1372 818 1437 κλάσε
833 1370 913 1455 χειρί
929 1375 1041 1459 παχείῃ

246 1478 382 1558 φύλλων,
399 1479 440 1545 ὡς
454 1479 580 1561 ῥύσαιτο
595 1476 663 1558 περὶ
678 1475 749 1559 χροὶ
764 1475 861 1558 μήδεα
877 1477 987 1557 φωτός.

244 1584 287 1658 βῆ
305 1580 330 1644 δ’
345 1583 411 1662 ἴμεν
426 1583 466 1648 ὥς
481 1608 513 1646 τε
529 1582 609 1648 λέων
624 1582 832 1663 ὀρεσίτροφος,
850 1578 919 1643 ἀλκὶ
935 1580 1096 1655 πεποιθάς,
1144 1607 1192 1656 130

247 1686 281 1750 ός
295 1683 321 1748 τ’
338 1685 396 1750 είσ’
410 1687 537 1767 ὑόμενος
553 1688 601 1748 καὶ
617 1683 755 1764 ἀήμενος,
771 1685 804 1748 ἐν
820 1684 853 1747 δέ
869 1686 898 1746 οί
915 1685 994 1748 ὄσσε

245 1790 370 1852 δαίεται·
394 1791 485 1871 αὗτάρ
502 1792 518 1852 ὁ
536 1788 631 1869 βουσὶ
645 1788 822 1870 μετέρχεται
838 1785 857 1866 ἣ
873 1785 994 1851 ὀίεσσιν

243 1892 278 1969 ήέ
291 1891 354 1973 μετ’
370 1893 533 1974 ἀγροτέρας
551 1892 693 1972 ἐλάφους·
718 1891 838 1955 κέλεται
853 1892 887 1957 δέ
903 1895 917 1954 έ
934 1891 1053 1973 γαστὴρ

242 1995 347 2073 μήλων
363 1996 547 2074 πειρήσοντα
565 1997 613 2059 καὶ
629 1998 661 2062 ἐς
676 2001 802 2059 πυκινὸν
816 1995 909 2073 δόμον
927 1996 1038 2060 ἐλθεῖν

243 2100 282 2165 θις
297 2097 442 2164 Ὀδυσεὺς
460 2099 601 2184 κούρῃσιν
617 2097 856 2178 ἐόπλοκάμοισιν
872 2098 982 2176 ἔμελλε

241 2201 394 2282 μίξεσθαι,
413 2195 527 2282 γυμνόςΙ
541 2228 597 2284 περ
614 2204 680 2267 ἐόν·
704 2203 795 2282 χρειὼ
811 2204 869 2283 γάρ
885 2202 978 2265 ἵκανε.

243 2305 428 2387 σμερδαλέος
444 2304 470 2370 δ’
485 2306 595 2394 αὐτῇσι
612 2306 695 2388 φάνη
714 2305 918 2384 κεκακωμένος
934 2304 1026 2392 άλμῃ,

242 2409 377 2487 τρέσσαν
393 2409 418 2473 δ’
434 2410 560 2476 ἄλλυδις
576 2411 657 2488 άλλη
675 2407 722 2473 ἐπ’
737 2409 841 2487 ήϊόνας
857 2410 1060 2492 προύχούσας·

242 2516 289 2590 οἴη
306 2512 332 2578 δ’
347 2511 507 2577 Ἀλκινόου
524 2513 655 2596 θυγάτηρ
669 2512 751 2590 μένε·
775 2515 811 2599 τῇ
829 2516 886 2595 γὰρ
902 2510 1016 2592 Ἀθήνη

241 2617 353 2696 θάρσος
368 2618 412 2680 ἐνὶ
428 2614 520 2697 φρεσὶ
536 2620 608 2696 θῆκε
624 2619 673 2680 καὶ
689 2618 722 2680 ἐκ
738 2614 802 2681 δέος
818 2619 918 2680 είλετο
936 2617 1038 2697 γυίων.

242 2723 299 2796 στῆ
316 2718 341 2783 δ’
357 2720 432 2784 ἄντα
448 2721 593 2802 σχομένη·
617 2722 681 2784 ἀδέ
697 2719 876 2801 μερμήριξεν
890 2719 1068 2799 Ὀδυσσεύς,

241 2819 260 2900 ή
276 2824 391 2903 γούνων
406 2826 549 2888 λίσσοιτο
564 2825 674 2904 λαβὼν
689 2823 818 2888 εάιύπιδα
838 2823 953 2903 κούρην,

242 2925 371 3004 ήαύτως
388 2927 533 2992 ἐπέεσσιν
549 2929 706 2991 ἀποσταδὰ
721 2928 906 3008 μειλιχίοισι

241 3029 384 3109 λίσσοιτ’,
400 3034 426 3094 εἰ
442 3029 552 3109 δείξειε
567 3031 661 3095 πόλιν
675 3030 724 3095 καὶ
740 3033 845 3110 εἵματα
860 3031 936 3108 δοίη.

218 3131 224 3142 '
242 3134 282 3199 ὣς
298 3133 355 3214 ἀρα
370 3137 400 3197 οἱ
415 3133 577 3216 φρονέοντι
594 3134 748 3198 δοάσσατο
764 3132 881 3213 κέρδιον
897 3134 982 3210 εἶναι,

241 3238 408 3301 λίσσεσθαι
424 3237 569 3303 ἐπέεσσιν
584 3237 742 3302 ἀποσταδὰ
756 3239 946 3321 μειλιχίοισι,

241 3338 281 3419 μή
298 3343 327 3403 οἱ
341 3346 435 3423 γοῦνα
449 3342 581 3422 λαβόντι
596 3342 771 3424 χολόσαιτο
787 3340 882 3422 φρένα
898 3341 997 3422 κούρη.

241 3443 345 3507 αὐτίκα
359 3447 511 3528 μειλίχιον
527 3448 575 3509 καὶ
590 3445 753 3527 κερδαλέον
769 3445 849 3526 φάτο
867 3449 970 3524 μΰθον·

285 3551 302 3580 “
312 3551 479 3629 Γουνοΰμαί
494 3575 539 3626 σε,
554 3548 684 3614 ἄνασσα·
708 3552 776 3614 θεός
792 3548 827 3613 νύ
842 3573 887 3613 τις
903 3547 921 3626 ή
936 3549 1049 3629 βροτός
1066 3554 1135 3615 ε’σσι
1149 3573 1161 3624 ,·

240 3653 267 3716 εί
282 3652 337 3730 μέν
352 3675 397 3716 τις
412 3653 480 3717 θεός
495 3654 575 3730 ἐσσι,
590 3648 636 3715 τοὶ
653 3651 779 3730 οὐρανὸν
795 3651 881 3732 εὐρὺν
897 3653 1031 3736 ἔχουσιν,
1137 3677 1186 3728 ¹50

240 3751 393 3836 Ἀρτέμιδί
406 3779 443 3818 σε
459 3755 517 3838 έγιί
533 3782 578 3839 γε,
596 3756 670 3822 Διάς
686 3755 775 3842 κούρῃ
791 3754 948 3838 μεγάλοιο,
