2738 4226
246 325 307 388 250
570 329 618 398 13·
643 317 812 376 ΙΛΙΑΔΟΣ
837 319 876 377 Ν.

249 473 273 542 ν’)
288 476 425 555 πέπονες,
441 478 521 565 τάχα
537 479 573 561 δή
588 507 617 546 τι
633 482 724 547 κακὸν
739 481 883 561 ποιήσετε
901 484 1003 562 μεῖζον
1146 509 1192 545 ιιο

249 583 320 666 τῇδε
333 585 538 672 μεθημοσύνῃ·
562 586 632 648 ἀλλ’
649 588 682 651 ἐν
697 586 790 668 φρεσὶ
805 585 896 650 θέσθε
913 587 1040 652 ἔκαστος

249 684 323 746 αίδῶ
340 685 389 748 καὶ
405 686 537 765 νέμεσιν·
561 689 597 767 δὴ
612 691 671 770 γὰρ
685 688 763 770 μέγα
778 693 874 754 νεῖκος
890 690 1010 769 δρωρεν.

246 781 364 868 Ἕκτωρ
380 789 416 870 δή
432 791 513 873 παρὰ
528 793 616 870 νηυσὶ
631 791 712 871 βοήν
727 791 839 874 άγαθδς
853 793 1008 870 πολεμίζει

251 891 402 970 καρτερός,
419 891 542 976 ἔρρηξεν
556 897 590 958 δὲ
604 895 702 961 πύλας
716 895 764 958 καὶ
779 894 892 973 μακρδν
907 893 1012 977 όχῆα.”

290 991 351 1060 Ὦς
364 997 403 1078 ῥα
418 997 597 1062 κελευτιόων
610 996 757 1080 γαιήοχος
772 995 869 1080 ὦρσεν
882 997 1035 1081 Ἀχαιούς.
1096 1081 1099 1090 1
1145 1023 1190 1070 125

251 1096 329 1177 θμφὶ
345 1097 369 1162 δ’
387 1098 432 1181 ἄρ’
449 1105 580 1167 Αίαντας
594 1100 693 1166 δοιοὺς
707 1103 832 1166 ἵσταντο
847 1099 1006 1183 φάλαγγες

252 1203 399 1282 καρτεραί,
417 1202 452 1268 δς
467 1200 529 1268 οὔτ’
545 1203 582 1267 άν
598 1229 649 1267 κεν
659 1202 754 1283 Ἀρης
769 1203 911 1267 ὀνόσαιτο
927 1203 1081 1282 μετελθὼν

252 1303 321 1367 ούτε
337 1301 363 1367 κ’
376 1303 523 1385 Ἀθηναίη
539 1306 704 1372 λαοσσόος·
727 1307 755 1369 οἳ
770 1305 828 1389 γάρ
844 1305 963 1389 άριστοι

252 1406 419 1485 κρινθέντες
432 1408 538 1489 Τρῶάς
552 1434 586 1474 τε
601 1411 649 1472 καὶ
661 1408 793 1488 Ἕκτορα
808 1414 873 1472 δῖον
888 1410 1020 1488 ἔμιμνον,

252 1508 421 1590 φράξαντες
436 1512 507 1593 δόρυ
522 1512 613 1594 δουρί,
630 1510 724 1576 σάκος
739 1509 828 1574 σάκεϊ
848 1513 1065 1596 προθελύμνῳ·
1147 1537 1155 1572 ι
1160 1539 1192 1585 30

252 1609 345 1675 ἀσπὶς
360 1606 406 1691 ἄρ’
422 1610 524 1674 ιἰσπίδ’
541 1611 644 1693 ἔρειδε,
659 1610 746 1692 κόρυς
762 1610 860 1690 κόρυν,
876 1609 967 1689 ἀνέρα
982 1610 1006 1673 δ’
1023 1608 1106 1691 ἀνήρ·

251 1712 353 1789 ψαῦον
367 1708 391 1774 δ’
409 1710 572 1788 ἱππόκομοι
588 1709 711 1790 κόρυθες
724 1713 891 1788 λαμπροῖσι
907 1706 1037 1789 φάλοισι

251 1812 406 1889 νευόντων,
423 1810 462 1877 ὡς
482 1811 589 1878 πυκνοὶ
607 1809 785 1887 ἐφέστασαν
799 1809 993 1889 ἀλλήλοισιν·

252 1917 347 1998 ἔγχεα
362 1914 386 1978 δ’
404 1915 592 1978 ἐπτύσσοντο
608 1911 778 1995 θρασειάων
792 1913 852 1976 άπὸ
867 1921 978 1997 χειρῶν

252 2017 392 2096 σειόμεν’·
415 2020 444 2080 οί
460 2016 484 2080 δ’
501 2016 565 2082 ίθδς
580 2016 717 2098 φρόνεον,
733 2015 873 2096 μέμασαν
888 2020 920 2081 δὲ
935 2016 1098 2100 μάχεσθαι.
1145 2045 1191 2094 ¹35

205 2157 207 2162 s
293 2124 394 2200 Τρῶες
410 2122 443 2183 δέ
457 2119 634 2200 προύτυψαν
648 2118 786 2196 ἀολλέες,
802 2118 878 2202 ήρχε
893 2120 918 2184 δ’
935 2119 979 2202 ἄρ’
993 2120 1112 2201 Ἕκτωρ

250 2223 372 2304 ἀντικρὺ
385 2223 514 2303 μεμαός,
531 2223 727 2306 ὀλοοίτροχος
742 2222 781 2288 δς
794 2221 856 2285 ἀπὸ
871 2222 989 2305 πέτρης,

251 2328 287 2390 ὄν
302 2351 335 2390 τε
351 2329 425 2390 κατδι
441 2322 596 2405 στεφάνης
610 2323 744 2404 ποταμός
757 2325 938 2409 χειμάρροος
953 2326 1027 2413 ὤση,

249 2426 341 2510 ῥήξας
356 2426 480 2511 α’σπέτιρ
495 2429 599 2512 ὄμβρῳ
615 2427 753 2494 ἀναιδέος
768 2429 885 2511 ἔχματα
900 2428 1019 2511 πέτρης·

250 2532 307 2610 ύψι
322 2528 350 2594 δ’
365 2529 567 2609 ἀναθρώσκων
583 2529 713 2606 πέτεται,
730 2529 850 2594 κτυπέει
865 2529 899 2594 δέ
913 2530 939 2594 θ’
956 2531 1004 2594 ὑπ’
1021 2532 1111 2596 αὐτοῦ
1145 2557 1191 2605 ¹40

250 2635 318 2712 ύλη·
342 2635 358 2697 ό
374 2632 398 2696 δ’
415 2632 581 2714 ἀσφαλέως
598 2633 658 2697 θέει
674 2635 810 2712 ἔμπεδον,
828 2632 882 2712 ήος
896 2633 995 2711 ίκηται

251 2737 405 2812 ἰσόπεδον,
420 2736 490 2799 τότε
500 2734 525 2799 δ’
539 2734 573 2797 ού
584 2759 614 2798 τι
628 2737 797 2800 κυλίνδεται
812 2735 978 2816 ἐσσύμενός
993 2757 1059 2818 περ·

251 2840 290 2905 ὣς
301 2838 419 2919 Ἕκτωρ
438 2840 490 2918 ήος
512 2838 567 2918 μὲν
587 2839 708 2904 άπείλει
721 2838 811 2922 μέχρι
827 2838 987 2920 θαλάσσης

248 2941 304 3024 ῥέα
318 2942 529 3007 διελεύσεσθαι
545 2942 666 3009 κλισίας
681 2945 729 3006 καὶ
744 2945 817 3022 νῆας
831 2942 966 3026 Ἀχαιῶν

251 3047 381 3110 κτείνων·
404 3044 474 3108 ἀλλ’
490 3046 540 3110 ὅτε
556 3046 592 3125 δη
608 3047 732 3132 πυκινῇς
747 3046 888 3129 ἐνέκυρσε
903 3045 1048 3130 φάλαγξι,
1145 3079 1189 3127 ¹45

250 3151 306 3226 στῆ
320 3151 359 3231 ῥα
372 3147 443 3226 μάλ’
460 3150 669 3231 ἐγχριμφθείς·
691 3149 721 3212 οί
735 3147 760 3212 δ’
778 3149 875 3215 άντίοι
889 3150 952 3216 υίες
966 3149 1101 3235 Ἀχαιῶν

250 3251 413 3316 νύσσοντες
428 3249 552 3331 ξίφεσίν
566 3276 600 3318 τε
615 3253 664 3315 καὶ
679 3251 805 3334 ἔγχεσιν
819 3252 1018 3335 ἀμφιγύοισιν

250 3353 334 3420 ὦσαν
348 3355 409 3419 ἀπδ
425 3356 552 3436 σφείων·
576 3357 593 3418 ό
608 3357 641 3419 δὲ
655 3355 852 3437 χασσάμενος
867 3358 1047 3440 πελεμίχθη.

249 3456 342 3536 ἤϋσεν
357 3457 390 3521 δὲ
404 3455 583 3538 διαπρύσιον
596 3457 738 3539 Τρώεσσι
752 3459 900 3541 γεγωνιύς·

252 3564 379 3640 “Τρῶες
394 3559 442 3622 καὶ
457 3559 563 3622 Λύκιοι
578 3559 626 3622 καὶ
643 3557 795 3639 Δάρδανοι
810 3559 1025 3645 ἀγχιμαχηταί,
1142 3591 1189 3642 ¹50

250 3661 418 3741 παρμένετ’·
433 3661 467 3725 οὔ
478 3684 524 3726 τοι
536 3665 627 3742 δημὸν
644 3663 696 3739 ἐμὲ
711 3660 885 3740 σχήσουσιν
900 3661 1029 3748 Ἀχαιοί,
