2908 4232
539 355 570 415 4.
594 341 828 402 οιςννπιιν
860 345 897 402 Δ.
1129 352 1194 424 559

244 511 333 589 τυροῦ
348 504 396 572 καὶ
413 515 528 588 κρειῶν,
544 509 612 574 οὐδὲ
628 515 785 591 γλυκεροῖο
801 507 960 592 γάλακτος,

245 610 314 674 ἀλλ’
331 611 389 675 αίεὶ
404 610 590 694 παρέχουσιν
605 614 769 691 ἐπηετανὸν
783 612 865 695 γάλα
881 616 1001 691 θῆσθαι.

244 713 297 792 ἥος
313 715 371 796 ἐγώ
388 716 456 795 περὶ
472 722 554 779 κεῖνα
569 715 667 781 πολὺν
683 717 791 795 βίοτον
806 717 991 797 συναγείρων
1158 749 1195 798 90

244 816 376 897 ἠλώμην,
392 819 462 898 τῆός
478 844 529 898 μοι
545 820 696 899 ἀδελφεὸν
706 817 805 887 ἀλλος
819 820 933 901 ἐπεφνε

243 920 349 1008 λάθρῃ,
366 923 501 1000 ἀνωϊστί,
516 924 597 1006 δόλῳ
613 921 777 1003 οὐλομένης
791 924 928 1007 ἀλόχοιο·

246 1025 286 1090 ῶς
299 1027 333 1088 οὔ
348 1051 395 1090 τοι
409 1028 523 1109 χαίρων
538 1031 641 1090 τοῖσδε
656 1024 834 1090 κτεάτεσσιν
850 1025 985 1091 ἀνάσσω.

246 1125 294 1190 καὶ
311 1127 447 1208 πατέρων
461 1129 532 1192 τάδε
547 1127 667 1208 μέλλετ’
677 1129 830 1208 ἀκουέμεν,
846 1131 876 1193 οί
886 1151 964 1197 τινες
981 1133 1049 1210 ὑμῖν

245 1232 333 1307 εἰσίν,
349 1231 415 1296 ἐπεὶ
428 1231 511 1311 μάλα
525 1230 617 1296 πόλλ’
635 1233 758 1308 ἔπαθον,
774 1235 822 1298 καὶ
837 1235 984 1298 ἀπώλεσα
1000 1236 1082 1300 οἶκον
1160 1263 1193 1316 95

245 1335 278 1399 εὖ
292 1334 375 1415 μάλα
390 1335 573 1415 ναιετάοντα,
590 1338 756 1420 κεχανδότα
771 1337 874 1401 πολλὰ
892 1335 941 1400 καὶ
957 1336 1063 1402 ἐσθλά.

245 1440 287 1503 ῶν
303 1442 419 1520 ὄφελον
434 1439 573 1521 τριτάτην
588 1465 644 1518 περ
660 1441 740 1522 έχων
755 1442 788 1504 ἐν
803 1442 921 1519 δώμασι
934 1446 1042 1523 μοῖραν

246 1544 348 1619 ναίειν,
366 1545 394 1606 οί
410 1544 435 1608 δ’
451 1543 555 1622 ἄνδρες
568 1544 636 1606 σόοι
653 1544 787 1624 ἔμμεναι,
804 1543 832 1607 ολ
848 1543 909 1608 τότ’
927 1547 1035 1610 ὄλοντο

244 1648 339 1732 Τροίῃ
354 1649 387 1712 ἐν
402 1647 507 1734 εὐρείῃ,
523 1650 593 1713 ἐκάς
605 1646 732 1729 Ἀργεος
748 1648 940 1726 ἱπποβότοιο.

245 1749 315 1813 ἀλλ’
332 1751 427 1828 έμπης
442 1751 557 1818 πάντας
572 1753 628 1830 μὲν
644 1751 823 1831 ὀδυρόμενος
840 1753 890 1814 καὶ
906 1751 1024 1835 ἀχεύων
1144 1781 1193 1815 τοο

244 1853 393 1920 πολλάκις
409 1855 441 1918 ἐν
456 1856 616 1936 μεγάροισι
632 1853 797 1932 καθήμενος
814 1853 1003 1936 ἡμετέροισιν

244 1955 357 2020 ἀλλοτε
372 1957 427 2038 μέν
442 1982 475 2022 τε
492 1958 553 2040 γόῳ
569 1955 667 2038 φρένα
683 1955 835 2038 τέρπομαι,
851 1956 964 2022 ἀλλοτε
980 1957 1006 2021 δ’
1023 1958 1093 2024 αὖτε

245 2061 384 2140 παύομαι·
417 2063 547 2141 αἰψηρὸς
566 2062 599 2124 δέ
616 2061 850 2140 κόροςκρυεροῖο
866 2060 959 2142 γόοιο.

244 2169 304 2228 τῶν
319 2161 441 2226 πάντων
456 2163 490 2226 οὐ
505 2163 619 2228 τόσσον
635 2163 785 2243 ὀδύρομαι,
801 2163 967 2246 ἀχνύμενός
983 2189 1046 2244 περ,

245 2265 284 2332 ῶς
300 2266 375 2343 ἐνάς,
392 2268 425 2332 ὅς
440 2267 539 2347 τέμοι
553 2267 649 2333 ὕπνον
665 2265 842 2348 ἀπεχθαίρει
858 2262 906 2330 καί
922 2266 1035 2344 ἐδωδὴν
1146 2294 1193 2343 105

243 2369 414 2454 μνωομένῳ,
430 2368 496 2440 ἐπεὶ
512 2369 546 2433 οὔ
561 2394 606 2436 τις
619 2369 755 2454 Ἀχαιῶν
771 2368 859 2432 τάσσ’
877 2370 1029 2452 ἐμόγησεν

244 2472 314 2536 ὅσσ’
331 2474 475 2540 Ὀδυσεὺς
490 2475 623 2556 ἐμόγησε
640 2471 687 2538 καὶ
701 2472 803 2554 ἤρατο.
833 2476 875 2558 τῷ
891 2471 916 2537 δ’
936 2473 983 2553 ἄρ’
998 2474 1130 2555 ἐμελλεν

244 2577 323 2660 αὐτῷ
339 2576 418 2656 κήδε’
434 2579 571 2656 ἔσεσθαι,
586 2575 651 2656 ἐμοὶ
668 2577 694 2640 δ’
711 2578 785 2660 άχος
802 2580 867 2642 αίέν
881 2576 1019 2642 άλαστον

244 2681 353 2755 κείνου,
368 2682 449 2747 ὅπως
465 2681 500 2759 δὴ
516 2687 607 2763 δηρὸν
622 2682 791 2762 ἀποίχεται,
806 2680 877 2746 οὐδέ
890 2707 920 2746 τι
936 2687 1029 2760 ἴδμεν,

245 2785 312 2860 ζώει
328 2784 345 2847 ό
360 2782 388 2866 γ’
406 2783 425 2863 ἦ
440 2783 590 2862 τέθνηκεν.
621 2785 777 2865 ὀδύρονταί
790 2785 825 2849 νώ
840 2810 897 2848 που
913 2786 1001 2849 αὐτὸν
1146 2811 1195 2848 110

246 2887 378 2969 Λαέρτης
396 2886 422 2951 θ’
439 2889 456 2950 ὁ
471 2888 567 2970 γέρων
584 2886 632 2951 καὶ
648 2889 786 2970 ἐχέφρων
802 2891 999 2968 Πηνελόπεια

243 2992 424 3074 Τηλέμαχός
440 2990 479 3068 θ’,
495 2990 530 3054 δν
546 2993 649 3055 ἔλειπε
665 2991 735 3078 νέον
750 2990 877 3074 γεγαῶτ’
894 2993 939 3055 ἐνὶ
956 2990 1056 3074 οἵκιρ..”

281 3094 344 3159 Ὣς
359 3093 504 3180 φάτο,τῷ
521 3094 545 3158 δ’
563 3095 619 3175 ἄρα
634 3094 811 3175 πατρὸς-ὑφ’
828 3096 931 3175 ίμερον
947 3091 1029 3174 ῶρσε
1044 3095 1139 3177 γόοιο,
1189 3153 1193 3164 ,

245 3195 336 3276 δάκρυ
351 3196 376 3260 δ’
393 3199 453 3261 ἀπὸ
467 3197 636 3279 βλεφάρων
648 3201 777 3280 χαμάδις
791 3197 872 3277 βάλε
888 3197 1001 3278 πατρὸς
1018 3199 1158 3272 ἀκούσας,
1189 3255 1192 3266 .

243 3304 374 3381 χλαῖναν
389 3301 563 3383 πορφυρέην
577 3301 640 3366 ἀντ’
657 3302 843 3382 ὀφθαλμοῖιν
858 3301 1003 3383 ἀνασχών
1148 3327 1194 3376 115

245 3403 453 3490 ἀμφοτέρῃσιν
466 3405 566 3488 χερσί.
596 3406 688 3483 νόησε
704 3407 738 3470 δέ
753 3430 805 3484 μιν
820 3405 991 3481 Μενέλαος,

244 3507 404 3589 μερμήριξε
421 3507 445 3572 δ’
462 3510 566 3574 ἔπειτα
582 3513 657 3572 κατὰ
672 3509 771 3593 φρένα
786 3511 836 3574 καὶ
852 3507 926 3572 κατά
942 3512 1037 3588 θυμόν

244 3610 279 3690 ἠέ
292 3637 344 3693 μιν
360 3611 450 3676 αὐτὸν
464 3613 576 3696 πατρὸς
591 3613 692 3680 ἐάσειε
707 3616 887 3696 μνησθῆναι,

244 3715 263 3795 ἦ
279 3714 369 3798 πρῶτ’
388 3714 536 3797 ἐξερέοιτο
551 3718 663 3784 ἕκαστά
677 3745 711 3784 τε
726 3714 911 3799 πειρήσαιτο.
