2746 4228
288 333 329 398 74
609 321 834 395 4.1Λ1ΑΔΟΣ
859 323 898 383 Δι

288 488 338 549 καί
351 512 403 565 μιν
419 483 565 565 φωνήσας
581 486 655 549 έπεα
671 487 835 568 πτερόεντα
850 489 1013 570 προσηύδα·

288 586 339 651 “ῶ
355 587 453 670 γέρον,
469 588 535 665 εἴθ’,
550 588 589 654 ῶς
604 587 695 668 θυμὸς
711 591 756 654 ένὶ
772 588 921 668 στήθεσσι
937 592 1088 673 φίλοισιν,

287 693 327 758 ῶς
342 717 388 755 τοι
402 688 524 773 γούναθ’
540 691 652 781 ἕποιτο,Ι
667 694 721 771 βίη
738 691 772 757 δέ
786 718 832 755 τοι
849 693 976 771 ἔμπεδος
992 697 1047 774 είη·

287 793 369 858 ἀλλά
386 820 422 858 σε
435 796 530 876 γῆρας
545 795 637 876 τείρει
653 796 779 873 ὁμοίιον·
803 795 843 861 ὡς
858 795 973 878 ὄφελέν
987 821 1031 863 τις
1180 823 1209 872 3¹
1214 823 1228 873 5

288 901 402 980 ἀνδρῶν
417 898 512 964 ἄλλος
527 897 619 981 ἔχειν,
636 897 675 960 σὺ
689 899 722 962 δὲ
738 899 942 982 κουροτέροισι
956 898 1119 980 μετεῖναι.”

328 1002 391 1066 Τδν
406 1001 430 1065 δ’
447 1000 581 1081 ἠμείβετ’
597 1001 703 1066 ἔπειτα
718 1001 859 1084 Γερήνιος
876 1005 989 1067 ἱππότα
1003 1003 1140 1085 Νέστωρ·

287 1115 308 1141 “
317 1104 465 1188 Ἀτρείδη,
480 1101 564 1184 μάλα
578 1103 634 1183 μέν
649 1130 696 1170 τοι
712 1107 790 1188 έγῶν
805 1105 940 1186 ἐθέλοιμι
956 1108 1006 1171 καὶ
1021 1106 1109 1172 αὐτὸς

288 1211 326 1275 ῶς
343 1209 413 1287 ἔμεν
429 1208 468 1274 ῶς
482 1209 533 1273 ὅτε
549 1212 615 1273 δῖον
630 1206 854 1290 Ἐρευθαλίωνα
869 1209 1023 1274 κατέκταν.

287 1309 358 1375 ἀλλ’
374 1310 407 1374 ού
422 1336 485 1376 πως
501 1310 562 1389 άμα
577 1310 675 1377 πάντα
691 1314 755 1377 θεοὶ
770 1314 865 1377 δόσαν
881 1314 1094 1392 ἀνθρώποισιν·
1182 1339 1229 1388 32c

288 1418 314 1479 εἰ
329 1415 398 1478 τότε
414 1419 518 1496 κοῦρος
534 1414 578 1486 έα,
595 1420 648 1478 νῦν
663 1415 734 1479 αὖτέ
747 1441 786 1494 με
799 1417 892 1498 γῆρας
906 1415 1021 1494 ὀπάζει.

288 1521 369 1585 ἀλλὰ
385 1521 434 1584 καὶ
450 1520 489 1584 ῶς
505 1521 630 1583 ἱππεῦσι
645 1519 834 1599 μετέσσομαι
848 1519 902 1599 ἠδέ
918 1521 1053 1584 κελεύσω

287 1624 385 1708 βουλῇ
402 1622 451 1685 καὶ
463 1621 596 1700 μύθοισι·
620 1621 654 1685 τδ
669 1624 727 1704 γδρ
742 1622 833 1704 γέρας
847 1623 914 1686 ἐστὶ
929 1625 1088 1705 γερόντων.

287 1726 397 1807 αἰχμὰς
413 1717 439 1785 δ’
456 1718 664 1803 αἰχμάσσουσι
680 1720 829 1803 νεύτεροι,
845 1724 876 1784 οἵ
889 1729 945 1803 περ
961 1725 1043 1802 έμεῖο

288 1827 447 1905 ὁπλότεροι
461 1823 593 1906 γεγάασι
608 1825 793 1888 πεποίθασίν
808 1849 841 1888 τε
850 1823 999 1905 ·βίηφιν.”
1180 1851 1228 1902 3²5

323 1931 385 1995 Ὣς
402 1927 498 2008 ἔφατ’,
513 1925 667 2008 Ἀτρείδης
683 1929 716 1991 δέ
734 1926 891 2012 παρφχετο
906 1931 1076 2011 γηθόσυνος
1091 1933 1154 2010 κῆρ.

288 2033 345 2115 εὗρ’
361 2031 427 2096 υἱδν
442 2035 565 2094 Πετεῶο
580 2033 746 2108 Μενεσθῆα
761 2031 938 2110 πλήξιππον

287 2134 415 2201 ἑσταότ’·
439 2136 517 2215 ἀμφὶ
533 2133 558 2198 δ’
573 2133 740 2212 Ἀθηναῖοι,
753 2133 909 2216 μήστωρες
924 2137 1024 2215 ἀϋτῆς·
1037 2205 1039 2214 ,
1098 2185 1101 2192 .
1125 2188 1133 2225 3

286 2241 378 2320 αὐτὰρ
394 2241 410 2302 ὁ
423 2238 557 2317 πλησίον
573 2235 693 2315 ἑστήκει
708 2238 875 2318 πολύμητις
889 2239 1066 2316 Ὀδυσσεύς,
1136 2224 1140 2229 ι

286 2347 346 2424 πὰρ
361 2344 393 2406 δὲ
409 2339 621 2420 Κεφαλλήνων
636 2341 714 2420 ἀμφὶ
730 2342 836 2423 στίχες
852 2341 904 2406 ούκ
919 2344 1090 2408 ἀλαπαδναὶ
1180 2371 1230 2421 330

286 2448 431 2511 έστασαν·
454 2443 489 2506 ού
503 2444 560 2526 γάρ
575 2444 622 2506 πύ
639 2450 716 2524 σφιν
730 2445 854 2509 ἀκούετο
869 2446 944 2512 λαδς
959 2447 1057 2523 ἀϋτῆς,

286 2551 368 2612 ἀλλὰ
383 2546 452 2612 νέον
467 2547 695 2628 συνορινόμεναι
711 2547 829 2612 κίνυντο
845 2547 1004 2629 φάλαγγες

285 2652 396 2732 Τρόων
412 2648 589 2729 ἱπποδάμων
604 2651 653 2714 καὶ
670 2647 812 2734 Ἀχαιῶν·
837 2652 866 2714 οἷ
882 2652 914 2714 δὲ
929 2649 1070 2729 μένοντες

287 2756 430 2833 ἕστασαν,
446 2754 562 2818 ὁππότε
576 2754 688 2836 πύργος
702 2754 838 2837 Ἀχαιῶν
854 2753 950 2819 ἀλλος
966 2755 1104 2819 ἐπελθὼν

286 2858 397 2934 Τρόων
413 2855 557 2938 ὁρμήσειε
572 2859 620 2921 καὶ
636 2854 758 2938 ἄρξειαν
770 2855 926 2934 πολέμοιο.
1182 2887 1230 2937 335

287 2961 356 3027 τοὺς
370 2963 403 3025 δὲ
419 2962 489 3025 ἰδὼν
505 2964 663 3025 νείκεσσεν
677 2958 756 3039 ἄναξ
769 2962 885 3040 ἀνδρῶν
899 2956 1103 3042 Ἀγαμέμνων,

288 3066 338 3129 καί
352 3072 451 3146 σφεας
466 3064 611 3146 φωνήσας
626 3066 701 3129 έπεα
715 3063 880 3144 πτερόεντα
894 3064 1059 3145 προσηύδα·

288 3165 340 3231 “ῶ
356 3169 401 3232 υἱὲ
416 3173 539 3232 Πετεῶο
555 3166 729 3249 διοτρεφέος
743 3169 907 3246 βασιλῆος,

288 3273 336 3334 καὶ
350 3272 397 3344 σύ,
415 3275 536 3335 κακοῖσι
551 3273 672 3335 δόλοισι
688 3268 866 3347 κεκασμένε,
883 3267 1116 3352 κερδαλεόφρον,

287 3376 371 3439 τίπτε
384 3376 654 3440 κοταπτόσσοντες
665 3372 828 3455 ἀφέστατε,
838 3374 961 3453 μίμνετε
973 3371 1000 3436 δ’
1010 3367 1144 3448 ἅλλους,·
1181 3401 1231 3450 340

287 3484 388 3559 σφῶϊν
402 3477 458 3559 μέν
473 3477 498 3540 τ’
519 3477 638 3542 ἐπέοικε
651 3481 728 3556 μετὰ
742 3477 908 3558 πρώτοισιν
923 3477 1028 3542 έόντας

287 3583 417 3664 ἑστάμεν
433 3583 486 3663 ῆδέ
500 3583 599 3665 μάχης
615 3582 790 3661 καυστείρης
806 3581 1021 3659 ἀντιβολῆσαι·

287 3686 394 3774 πρότω
409 3686 467 3770 γὰρ
486 3687 536 3750 καὶ
550 3684 650 3750 δαιτὸς
665 3683 868 3763 ἀκουάζεσθον
882 3685 973 3764 έμεῖο,
