2908 4232
521 373 527 382 -
581 353 631 414 24.
662 341 831 401 ΙΛΙΑΔΟΣ
855 342 894 401 Ω.
1140 350 1199 418 501

257 510 351 570 κεῖται
366 503 391 568 δ’
409 503 441 569 έν
455 503 610 588 λεχέεσσ’·
635 505 696 586 άμα
710 507 736 570 δ’
752 507 801 586 ἠοῖ
816 507 1041 589 φαινομένηφιν
1155 520 1204 570 600

257 610 349 690 ὄψεαι
365 607 453 676 αὐτὸς
468 608 560 691 ἄγων·
584 615 637 672 νῦν
651 611 685 672 δὲ
698 611 882 690 μνησώμεθα
897 613 1017 692 δόρπου.

257 712 305 775 καὶ
320 711 378 794 γάρ
396 709 424 774 τ’
438 709 566 791 ἠύκομος
582 715 686 793 Νιόβη
703 713 855 795 ἐμνήσατο
870 715 966 788 σίτου,

256 817 291 902 τῇ
307 841 363 897 περ
378 815 493 882 δώδεκα
504 821 609 896 παῖδες
624 817 669 880 ε’νὶ
683 816 863 900 μεγάροισιν
879 821 996 894 ὄλοντο,

257 917 293 998 ἓξ
304 920 359 998 μὲν
375 917 544 1004 θυγατέρες,
560 918 596 999 ἓξ
609 919 634 984 δ’
651 917 730 987 υἱέες
744 920 909 1002 ἡβώοντες.
1008 925 1010 930 ’

257 1021 324 1089 τοὺς
337 1024 393 1104 μὲν
407 1021 573 1090 Ἀπόλλων
588 1021 706 1104 πέφνεν
721 1025 771 1088 ἀπ’
788 1024 942 1107 ἀργυρέοιο
956 1030 1042 1106 βιοῖο
1156 1038 1205 1102 ⁶05

256 1127 408 1210 χωόμενος
423 1127 537 1213 Νιόβη,
552 1129 605 1193 τὰς
621 1123 648 1190 δ’
663 1126 806 1209 Ἀρτεμις
822 1127 966 1211 ἰοχέαιρα,
1029 1117 1031 1126 ’

257 1228 350 1293 οὕνεκ’
367 1230 425 1312 άρα
442 1235 537 1308 Λητοῖ
553 1229 698 1294 ἰσάσκετο
715 1229 924 1318 καλλιπαρῄῳ·

257 1337 299 1413 φῆ
315 1334 385 1396 δοιδ
402 1332 525 1408 τεκέειν,
541 1332 559 1414 ἡ
577 1332 603 1398 δ’
619 1334 692 1412 αὐτὴ
707 1337 828 1417 γείνατο
844 1335 988 1404 πολλούς·
1014 1352 1022 1411 ,ι
1038 1337 1044 1442 η’

257 1437 296 1499 τδ
312 1437 337 1500 δ’
354 1437 411 1518 ὄρα
427 1434 476 1501 καὶ
492 1438 562 1500 δοιώ
579 1464 635 1518 περ
652 1437 728 1500 ἐόντ’
749 1437 809 1502 ἀπὸ
823 1440 938 1507 πάντας
953 1414 1101 1504 ὄλείτσαν.

257 1542 355 1620 οἱμὲν
370 1538 416 1617 ἄρ’
432 1543 561 1622 ἐννῆμαρ
577 1539 656 1604 κέατ’
674 1542 707 1607 ἐν
721 1543 817 1627 φόνῳ,
834 1542 903 1606 ούδέ
918 1568 964 1608 τις
979 1541 1032 1621 ᾖεν
1085 1563 1088 1566 ·
1156 1553 1204 1602 όιο

257 1642 418 1724 κατθάψαι,
434 1643 527 1710 λαοὺς
543 1645 575 1707 δὲ
590 1645 695 1711 λίθους
710 1648 822 1724 ποίησε
838 1647 1001 1728 Κρονίων,

256 1746 324 1812 τοὺς
338 1746 363 1810 δ’
380 1747 486 1832 ὄροτῇ
505 1745 613 1834 δεκάτη
630 1747 734 1830 θάψον
750 1751 815 1813 θεοὶ
830 1750 1030 1831 Οὐρανίωνες.

256 1849 274 1928 ἡ
290 1849 314 1914 δ’
331 1850 388 1932 άρα
404 1852 488 1914 σίτου
503 1849 639 1930 μνήσατ’,
656 1853 723 1916 ἐπεὶ
739 1851 813 1932 κάμε
829 1851 920 1934 δάκρυ
934 1851 1060 1935 χέουσα.

256 1958 309 2019 νῦν
323 1951 357 2016 δέ
372 1979 429 2018 που
445 1955 477 2017 έν
492 1956 646 2040 πέτρῃσιν,
663 1956 697 2019 έν
712 1954 831 2037 ούρεσιν
846 1957 1049 2034 οἰοπόλοισιν,

258 2060 290 2122 έν
305 2057 437 2141 Σιπύλῳ,
454 2057 502 2119 ὅθι
518 2055 597 2136 φασὶ
614 2055 710 2121 θεάων
726 2058 850 2139 ἔμμεναι
866 2058 953 2125 εὐνάς
1156 2070 1204 2132 615

257 2159 408 2242 νυμφάων,
428 2161 461 2223 αί
478 2159 502 2221 τ’
521 2158 597 2240 ἀμφ’
612 2159 783 2244 Ἀχελώϊον
799 2163 977 2243 ἐρρώσαντο,

257 2263 329 2327 ἔνθα
342 2263 429 2328 λίθος
444 2288 500 2343 περ
516 2264 609 2326 ἐοῦσα
625 2268 702 2327 θεῶν
718 2267 751 2327 έκ
768 2264 859 2344 κήδεα
873 2264 994 2328 πέσσει.

257 2361 327 2428 ἀλλ’
343 2365 398 2448 άγε
415 2367 451 2444 δὴ
468 2366 517 2430 καὶ
533 2371 587 2429 νῶϊ
601 2367 767 2446 μεδώμεθα,
784 2372 829 2432 δῖε
847 2366 959 2450 γεραιέ,

258 2473 351 2533 σίτου·
376 2467 480 2534 έπειτό
496 2496 547 2534 κεν
562 2470 632 2534 αὖτε
648 2472 742 2552 φίλον
757 2476 850 2534 παῖδα
866 2473 1036 2546 κλαίοισθα,

254 2570 351 2638 Ἴλιον
366 2574 547 2655 εἰσαγαγών·
571 2572 795 2654 πολυδάκρυτος
810 2571 843 2636 δέ
858 2599 904 2636 τοι
921 2569 1037 2637 έσται.”
1155 2585 1205 2635 620

295 2673 350 2749 Ἦ,
367 2677 415 2740 καὶ
431 2675 556 2756 ιἰναίξας
570 2679 620 2742 ὄϊν
634 2677 771 2760 ὄργνφον
787 2676 862 2742 ὠκὺς
876 2675 1043 2760 Ἀχιλλεὺς

258 2778 364 2862 σφάξ’·
388 2781 488 2862 ἕταροι
504 2780 529 2844 δ’
548 2780 651 2863 έδερόν
665 2805 698 2844 τε
714 2781 763 2844 καὶ
779 2780 921 2862 ἄμφεπον
936 2781 969 2844 εῖι
985 2779 1059 2844 κατὰ
1081 2782 1204 2860 κόσμον,

256 2884 425 2964 μίστυλλόν
440 2884 464 2947 τ’
482 2882 526 2966 ἄρ’
547 2881 754 2965 ἐπισταμένως
769 2883 876 2965 πεῖράν
891 2881 917 2946 τ’
933 2885 1103 2963 ὀβελοῖσιν,

257 2988 400 3067 ὤπτησάν
416 3014 448 3052 τε
464 2987 680 3070 περιφραδέως,
695 2987 841 3070 ἐρύσαντό
856 3012 888 3052 τε
903 2986 1010 3052 πάντα.

256 3091 434 3171 Αὐτομέδων
449 3091 474 3155 δ’
492 3092 550 3174 άρα
566 3097 652 3155 σῖτον
667 3093 746 3156 ἑλών
761 3090 899 3170 ἐπένειμε
914 3089 1043 3176 τραπέζῃ
1157 3105 1204 3168 625

258 3199 362 3260 καλοῖς
377 3197 410 3258 έν
425 3194 586 3259 κανέοισιν·
611 3196 685 3276 άτδρ
701 3194 772 3277 κρέα
786 3199 888 3275 νεῖμεν
901 3195 1075 3277 Ἀχιλλεύς.

257 3299 286 3360 οἱ
302 3294 326 3360 δ’
344 3297 390 3377 ἐπ’
406 3296 518 3362 ὀνείαθ’
535 3302 639 3377 ἑτοῖμα
654 3299 834 3379 προκείμενα
848 3303 953 3381 χεῖρας
968 3300 1088 3364 ίολλον.

256 3386 355 3483 αὐτὰρ
364 3403 431 3467 ἐπεὶ
447 3403 556 3492 πόσιος
572 3400 621 3465 καὶ
636 3401 759 3477 ἐδητύος
771 3399 809 3480 ἔξ
821 3402 890 3483 έρον
906 3401 983 3478 ἕντο,

257 3503 276 3584 ἦ
290 3530 337 3568 τοι
353 3507 542 3588 Δαρδανίδης
557 3505 694 3587 Πρίαμος
709 3502 837 3585 θαύμαζ’
852 3503 994 3588 Ἀχιλῆα,

257 3609 351 3676 ὅσσος
365 3611 419 3690 έην
435 3612 498 3675 οίός
513 3631 557 3674 τε·
581 3614 680 3674 θεοῖσι
694 3611 752 3691 γὰρ
768 3610 843 3673 ὄντα
859 3608 955 3694 έηίκει·
1156 3623 1205 3683 630

258 3708 350 3790 αὐτὰρ
367 3711 382 3772 ὄ
399 3711 590 3792 Δαρδανίδην
606 3710 744 3792 Πρίαμον
759 3709 907 3788 θαύμαζεν
923 3707 1093 3794 Ἀχιλλεύς,
