<?xml version="1.0" encoding="UTF-8"?>
<!DOCTYPE html PUBLIC "-//W3C//DTD XHTML 1.0 Transitional//EN"
    "http://www.w3.org/TR/xhtml1/DTD/xhtml1-transitional.dtd">
<html xmlns="http://www.w3.org/1999/xhtml" xml:lang="en" lang="en">
 <head>
  <title>
</title>
<meta http-equiv="Content-Type" content="text/html;charset=utf-8" />
  <meta name='ocr-system' content='tesseract 3.04.00' />
  <meta name='ocr-capabilities' content='ocr_page ocr_carea ocr_par ocr_line ocrx_word'/>
</head>
<body>
  <div class='ocr_page' id='page_1' title='image "./homerioperaetre00homegoog_0873.png"; bbox 0 0 2758 4228; ppageno 0'>
   <div class='ocr_carea' id='block_1_1' title="bbox 276 339 935 405">
    <p class='ocr_par' dir='ltr' id='par_1_1' title="bbox 276 339 935 405">
     <span class='ocr_line' id='line_1_1' title="bbox 276 339 935 405; baseline -0.008 -3"><span class='ocrx_word' id='word_1_1' title='bbox 276 339 338 405; x_wconf 86' lang='lat'>868</span> <span class='ocrx_word' id='word_1_2' title='bbox 558 355 608 401; x_wconf 79' lang='grc' dir='ltr'>αι.</span> <span class='ocrx_word' id='word_1_3' title='bbox 631 341 867 402; x_wconf 73' lang='grc' dir='ltr'><strong>ΟΔΥΣΣΕΙΑΣ</strong></span> <span class='ocrx_word' id='word_1_4' title='bbox 897 339 935 400; x_wconf 87' lang='grc' dir='ltr'>Χ.</span> 
     </span>
    </p>
   </div>
   <div class='ocr_carea' id='block_1_2' title="bbox 276 507 1229 2352">
    <p class='ocr_par' dir='ltr' id='par_1_2' title="bbox 276 507 1086 592">
     <span class='ocr_line' id='line_1_2' title="bbox 276 507 1086 592; baseline -0.006 -17"><span class='ocrx_word' id='word_1_5' title='bbox 276 513 391 577; x_wconf 83' lang='grc' dir='ltr'>ὁππότε</span> <span class='ocrx_word' id='word_1_6' title='bbox 407 537 457 576; x_wconf 93' lang='grc' dir='ltr'>κεν</span> <span class='ocrx_word' id='word_1_7' title='bbox 472 511 593 578; x_wconf 79' lang='grc' dir='ltr'>τούτους</span> <span class='ocrx_word' id='word_1_8' title='bbox 609 510 748 592; x_wconf 83' lang='grc' dir='ltr'>κτέωμεν,</span> <span class='ocrx_word' id='word_1_9' title='bbox 762 508 865 592; x_wconf 87' lang='grc' dir='ltr'>πατέρ’</span> <span class='ocrx_word' id='word_1_10' title='bbox 881 509 934 590; x_wconf 77' lang='grc' dir='ltr'>ἠδὲ</span> <span class='ocrx_word' id='word_1_11' title='bbox 950 508 998 572; x_wconf 88' lang='grc' dir='ltr'>καὶ</span> <span class='ocrx_word' id='word_1_12' title='bbox 1011 507 1086 586; x_wconf 84' lang='grc' dir='ltr'>υἱόν,</span> 
     </span>
    </p>

    <p class='ocr_par' dir='ltr' id='par_1_3' title="bbox 276 614 1052 697">
     <span class='ocr_line' id='line_1_3' title="bbox 276 614 1052 697; baseline -0.001 -18"><span class='ocrx_word' id='word_1_13' title='bbox 276 619 309 680; x_wconf 83' lang='grc' dir='ltr'>ἐν</span> <span class='ocrx_word' id='word_1_14' title='bbox 325 619 357 680; x_wconf 76' lang='grc' dir='ltr'>δὲ</span> <span class='ocrx_word' id='word_1_15' title='bbox 373 616 412 678; x_wconf 82' lang='grc' dir='ltr'>σὺ</span> <span class='ocrx_word' id='word_1_16' title='bbox 426 620 525 681; x_wconf 83' lang='grc' dir='ltr'>τοῖσιν</span> <span class='ocrx_word' id='word_1_17' title='bbox 541 617 644 680; x_wconf 88' lang='grc' dir='ltr'>ἔπειτα</span> <span class='ocrx_word' id='word_1_18' title='bbox 664 614 830 697; x_wconf 81' lang='grc' dir='ltr'>πεφήσεαι,</span> <span class='ocrx_word' id='word_1_19' title='bbox 846 617 897 678; x_wconf 86' lang='grc' dir='ltr'>οἶα</span> <span class='ocrx_word' id='word_1_20' title='bbox 911 615 1052 695; x_wconf 75' lang='grc' dir='ltr'>μενοινᾷς</span> 
     </span>
    </p>

    <p class='ocr_par' dir='ltr' id='par_1_4' title="bbox 276 717 1048 806">
     <span class='ocr_line' id='line_1_4' title="bbox 276 717 1048 806; baseline -0.008 -22"><span class='ocrx_word' id='word_1_21' title='bbox 276 721 373 800; x_wconf 91' lang='grc' dir='ltr'>ἔρδειν</span> <span class='ocrx_word' id='word_1_22' title='bbox 388 722 422 782; x_wconf 85' lang='grc' dir='ltr'>ἐν</span> <span class='ocrx_word' id='word_1_23' title='bbox 436 720 586 803; x_wconf 80' lang='grc' dir='ltr'>μεγάροις·</span> <span class='ocrx_word' id='word_1_24' title='bbox 609 721 654 806; x_wconf 76' lang='grc' dir='ltr'>σῆ</span> <span class='ocrx_word' id='word_1_25' title='bbox 672 720 696 784; x_wconf 87' lang='grc' dir='ltr'>δ’</span> <span class='ocrx_word' id='word_1_26' title='bbox 714 720 804 784; x_wconf 83' lang='grc' dir='ltr'>αὐτοῦ</span> <span class='ocrx_word' id='word_1_27' title='bbox 820 717 926 799; x_wconf 83' lang='grc' dir='ltr'>κράατι</span> <span class='ocrx_word' id='word_1_28' title='bbox 943 718 1048 782; x_wconf 90' lang='grc' dir='ltr'>τίσεις.</span> 
     </span>
    </p>

    <p class='ocr_par' dir='ltr' id='par_1_5' title="bbox 277 818 1036 902">
     <span class='ocr_line' id='line_1_5' title="bbox 277 818 1036 902; baseline -0.005 -20"><span class='ocrx_word' id='word_1_29' title='bbox 277 821 368 900; x_wconf 79' lang='grc' dir='ltr'>αὐτὰρ</span> <span class='ocrx_word' id='word_1_30' title='bbox 384 819 459 897; x_wconf 82' lang='grc' dir='ltr'>ἐπῆν</span> <span class='ocrx_word' id='word_1_31' title='bbox 475 819 571 899; x_wconf 81' lang='grc' dir='ltr'>ὑμέων</span> <span class='ocrx_word' id='word_1_32' title='bbox 584 846 620 902; x_wconf 94' lang='grc' dir='ltr'>γε</span> <span class='ocrx_word' id='word_1_33' title='bbox 635 821 706 899; x_wconf 82' lang='grc' dir='ltr'>βίας</span> <span class='ocrx_word' id='word_1_34' title='bbox 723 819 907 900; x_wconf 78' lang='grc' dir='ltr'>ἀφελώμεθα</span> <span class='ocrx_word' id='word_1_35' title='bbox 921 818 1036 900; x_wconf 76' lang='grc' dir='ltr'>χαλκῷ,</span> 
     </span>
    </p>

    <p class='ocr_par' dir='ltr' id='par_1_6' title="bbox 276 919 1228 1108">
     <span class='ocr_line' id='line_1_6' title="bbox 277 919 1228 1006; baseline -0.005 -21"><span class='ocrx_word' id='word_1_36' title='bbox 277 921 400 1002; x_wconf 80' lang='grc' dir='ltr'>κτήμαθ’</span> <span class='ocrx_word' id='word_1_37' title='bbox 417 925 540 987; x_wconf 86' lang='grc' dir='ltr'>ὁπόσσα</span> <span class='ocrx_word' id='word_1_38' title='bbox 554 927 601 1006; x_wconf 84' lang='grc' dir='ltr'>τοί</span> <span class='ocrx_word' id='word_1_39' title='bbox 619 927 696 999; x_wconf 91' lang='grc' dir='ltr'>ἐστι,</span> <span class='ocrx_word' id='word_1_40' title='bbox 711 921 749 985; x_wconf 91' lang='grc' dir='ltr'>τά</span> <span class='ocrx_word' id='word_1_41' title='bbox 764 923 788 983; x_wconf 90' lang='grc' dir='ltr'>τ’</span> <span class='ocrx_word' id='word_1_42' title='bbox 801 922 899 986; x_wconf 83' lang='grc' dir='ltr'>ἔνδοθι</span> <span class='ocrx_word' id='word_1_43' title='bbox 916 922 965 984; x_wconf 84' lang='grc' dir='ltr'>καὶ</span> <span class='ocrx_word' id='word_1_44' title='bbox 981 923 1018 982; x_wconf 86' lang='grc' dir='ltr'>τδ</span> <span class='ocrx_word' id='word_1_45' title='bbox 1030 919 1152 999; x_wconf 83' lang='grc' dir='ltr'>θύρηφι,</span> <span class='ocrx_word' id='word_1_46' title='bbox 1177 945 1228 980; x_wconf 86' lang='lat'>220</span> 
     </span>
     <span class='ocr_line' id='line_1_7' title="bbox 276 1023 1023 1108; baseline -0.001 -19"><span class='ocrx_word' id='word_1_47' title='bbox 276 1031 376 1092; x_wconf 86' lang='grc' dir='ltr'>τοῖσιν</span> <span class='ocrx_word' id='word_1_48' title='bbox 390 1025 561 1106; x_wconf 78' lang='grc' dir='ltr'>Ὀδυσσῆος</span> <span class='ocrx_word' id='word_1_49' title='bbox 575 1026 785 1108; x_wconf 82' lang='grc' dir='ltr'>μεταμίξομεν·</span> <span class='ocrx_word' id='word_1_50' title='bbox 811 1023 879 1090; x_wconf 92' lang='grc' dir='ltr'>οὐδέ</span> <span class='ocrx_word' id='word_1_51' title='bbox 895 1049 940 1087; x_wconf 91' lang='grc' dir='ltr'>τοι</span> <span class='ocrx_word' id='word_1_52' title='bbox 955 1025 1023 1088; x_wconf 86' lang='grc' dir='ltr'>υἰας</span> 
     </span>
    </p>

    <p class='ocr_par' dir='ltr' id='par_1_7' title="bbox 278 1129 1116 1216">
     <span class='ocr_line' id='line_1_8' title="bbox 278 1129 1116 1216; baseline -0.001 -23"><span class='ocrx_word' id='word_1_53' title='bbox 278 1131 363 1208; x_wconf 92' lang='grc' dir='ltr'>ζώειν</span> <span class='ocrx_word' id='word_1_54' title='bbox 378 1133 411 1196; x_wconf 89' lang='grc' dir='ltr'>ἐν</span> <span class='ocrx_word' id='word_1_55' title='bbox 425 1133 603 1216; x_wconf 83' lang='grc' dir='ltr'>μεγάροισιν</span> <span class='ocrx_word' id='word_1_56' title='bbox 619 1130 756 1210; x_wconf 76' lang='grc' dir='ltr'>ἐάσομεν,</span> <span class='ocrx_word' id='word_1_57' title='bbox 773 1131 841 1194; x_wconf 78' lang='grc' dir='ltr'>οὐδὲ</span> <span class='ocrx_word' id='word_1_58' title='bbox 857 1129 1005 1208; x_wconf 83' lang='grc' dir='ltr'>θύγατρας</span> <span class='ocrx_word' id='word_1_59' title='bbox 1111 1145 1116 1154; x_wconf 90' lang='grc'>’</span> 
     </span>
    </p>

    <p class='ocr_par' dir='ltr' id='par_1_8' title="bbox 277 1229 1088 1318">
     <span class='ocr_line' id='line_1_9' title="bbox 277 1229 1088 1318; baseline -0.002 -20"><span class='ocrx_word' id='word_1_60' title='bbox 277 1235 335 1299; x_wconf 86' lang='grc' dir='ltr'>οὐδ’</span> <span class='ocrx_word' id='word_1_61' title='bbox 353 1237 468 1318; x_wconf 88' lang='grc' dir='ltr'>άλοχον</span> <span class='ocrx_word' id='word_1_62' title='bbox 484 1235 589 1312; x_wconf 79' lang='grc' dir='ltr'>κεδνὴν</span> <span class='ocrx_word' id='word_1_63' title='bbox 604 1235 721 1314; x_wconf 84' lang='grc' dir='ltr'>Ἰθάκης</span> <span class='ocrx_word' id='word_1_64' title='bbox 740 1238 813 1298; x_wconf 83' lang='grc' dir='ltr'>κατὰ</span> <span class='ocrx_word' id='word_1_65' title='bbox 828 1233 905 1296; x_wconf 88' lang='grc' dir='ltr'>άστυ</span> <span class='ocrx_word' id='word_1_66' title='bbox 920 1229 1088 1296; x_wconf 90' lang='grc' dir='ltr'>πολεύειν.”</span> 
     </span>
    </p>

    <p class='ocr_par' dir='ltr' id='par_1_9' title="bbox 277 1335 1229 2352">
     <span class='ocr_line' id='line_1_10' title="bbox 315 1335 1121 1421; baseline -0.004 -20"><span class='ocrx_word' id='word_1_67' title='bbox 315 1338 378 1405; x_wconf 70' lang='grc' dir='ltr'>Ὠς</span> <span class='ocrx_word' id='word_1_68' title='bbox 393 1338 473 1420; x_wconf 89' lang='grc' dir='ltr'>φάτ’,</span> <span class='ocrx_word' id='word_1_69' title='bbox 488 1335 630 1416; x_wconf 83' lang='grc' dir='ltr'>Ἀθηναίη</span> <span class='ocrx_word' id='word_1_70' title='bbox 647 1342 678 1403; x_wconf 76' lang='grc' dir='ltr'>δέ</span> <span class='ocrx_word' id='word_1_71' title='bbox 692 1340 858 1421; x_wconf 87' lang='grc' dir='ltr'>χολώσατο</span> <span class='ocrx_word' id='word_1_72' title='bbox 875 1339 978 1418; x_wconf 86' lang='grc' dir='ltr'>κηρόθι</span> <span class='ocrx_word' id='word_1_73' title='bbox 992 1339 1121 1416; x_wconf 79' lang='grc' dir='ltr'>μᾶλλον,</span> 
     </span>
     <span class='ocr_line' id='line_1_11' title="bbox 278 1440 1228 1525; baseline -0.009 -18"><span class='ocrx_word' id='word_1_74' title='bbox 278 1445 435 1507; x_wconf 90' lang='grc' dir='ltr'>νείκεσσεν</span> <span class='ocrx_word' id='word_1_75' title='bbox 450 1441 476 1504; x_wconf 91' lang='grc' dir='ltr'>δ’</span> <span class='ocrx_word' id='word_1_76' title='bbox 491 1441 626 1518; x_wconf 82' lang='grc' dir='ltr'>Ὀδυσῆα</span> <span class='ocrx_word' id='word_1_77' title='bbox 641 1447 826 1525; x_wconf 82' lang='grc' dir='ltr'>χολωτοῖσιν</span> <span class='ocrx_word' id='word_1_78' title='bbox 842 1440 993 1506; x_wconf 80' lang='grc' dir='ltr'>ἐπέεσσιν·</span> <span class='ocrx_word' id='word_1_79' title='bbox 1181 1463 1228 1512; x_wconf 81' lang='lat'>2²5</span> 
     </span>
     <span class='ocr_line' id='line_1_12' title="bbox 277 1538 1170 1626; baseline -0.007 -18"><span class='ocrx_word' id='word_1_80' title='bbox 277 1551 294 1578; x_wconf 89' lang='lat'><strong>“</strong></span> <span class='ocrx_word' id='word_1_81' title='bbox 305 1544 402 1608; x_wconf 87' lang='grc' dir='ltr'>οὐκέτι</span> <span class='ocrx_word' id='word_1_82' title='bbox 419 1544 521 1626; x_wconf 90' lang='grc' dir='ltr'>σοίγ’,</span> <span class='ocrx_word' id='word_1_83' title='bbox 535 1546 676 1620; x_wconf 84' lang='grc' dir='ltr'>Ὀδυσεῦ,</span> <span class='ocrx_word' id='word_1_84' title='bbox 691 1546 780 1626; x_wconf 89' lang='grc' dir='ltr'>μένος</span> <span class='ocrx_word' id='word_1_85' title='bbox 796 1546 925 1624; x_wconf 92' lang='grc' dir='ltr'>ἔμπεδον</span> <span class='ocrx_word' id='word_1_86' title='bbox 940 1541 1007 1608; x_wconf 88' lang='grc' dir='ltr'>οὐδέ</span> <span class='ocrx_word' id='word_1_87' title='bbox 1021 1567 1065 1608; x_wconf 89' lang='grc' dir='ltr'>τις</span> <span class='ocrx_word' id='word_1_88' title='bbox 1081 1538 1170 1620; x_wconf 81' lang='grc' dir='ltr'>ἀλκή,</span> 
     </span>
     <span class='ocr_line' id='line_1_13' title="bbox 277 1647 982 1734; baseline 0.001 -24"><span class='ocrx_word' id='word_1_89' title='bbox 277 1651 324 1726; x_wconf 87' lang='grc' dir='ltr'>οίη</span> <span class='ocrx_word' id='word_1_90' title='bbox 341 1649 384 1710; x_wconf 85' lang='grc' dir='ltr'>ὅτ’</span> <span class='ocrx_word' id='word_1_91' title='bbox 400 1649 476 1728; x_wconf 81' lang='grc' dir='ltr'>ἀμφ’.</span> <span class='ocrx_word' id='word_1_92' title='bbox 491 1647 598 1733; x_wconf 81' lang='grc' dir='ltr'>Ἑλένῃ</span> <span class='ocrx_word' id='word_1_93' title='bbox 614 1648 790 1732; x_wconf 79' lang='grc' dir='ltr'>λευκωλένῳ</span> <span class='ocrx_word' id='word_1_94' title='bbox 807 1649 982 1734; x_wconf 80' lang='grc' dir='ltr'>εὐπατερείῃ</span> 
     </span>
     <span class='ocr_line' id='line_1_14' title="bbox 278 1750 956 1833; baseline 0.001 -19"><span class='ocrx_word' id='word_1_95' title='bbox 278 1750 407 1816; x_wconf 79' lang='grc' dir='ltr'>εἰνάετες</span> <span class='ocrx_word' id='word_1_96' title='bbox 421 1751 582 1833; x_wconf 80' lang='grc' dir='ltr'>Τρώεσσιν</span> <span class='ocrx_word' id='word_1_97' title='bbox 598 1751 725 1832; x_wconf 77' lang='grc' dir='ltr'>ἐμάρναο</span> <span class='ocrx_word' id='word_1_98' title='bbox 741 1751 873 1828; x_wconf 77' lang='grc' dir='ltr'>νωλεμὲς</span> <span class='ocrx_word' id='word_1_99' title='bbox 889 1754 956 1827; x_wconf 77' lang='grc' dir='ltr'>αἰεί,</span> 
     </span>
     <span class='ocr_line' id='line_1_15' title="bbox 278 1852 1015 1940; baseline 0 -22"><span class='ocrx_word' id='word_1_100' title='bbox 278 1854 411 1920; x_wconf 83' lang='grc' dir='ltr'>πολλοὺς</span> <span class='ocrx_word' id='word_1_101' title='bbox 427 1852 452 1918; x_wconf 88' lang='grc' dir='ltr'>δ’</span> <span class='ocrx_word' id='word_1_102' title='bbox 467 1855 577 1934; x_wconf 84' lang='grc' dir='ltr'>ἄνδρας</span> <span class='ocrx_word' id='word_1_103' title='bbox 593 1855 724 1935; x_wconf 82' lang='grc' dir='ltr'>ἔπεφνες</span> <span class='ocrx_word' id='word_1_104' title='bbox 740 1857 771 1917; x_wconf 87' lang='grc' dir='ltr'>ἔν</span> <span class='ocrx_word' id='word_1_105' title='bbox 787 1855 856 1940; x_wconf 78' lang='grc' dir='ltr'>αἰνῇ</span> <span class='ocrx_word' id='word_1_106' title='bbox 870 1858 1015 1934; x_wconf 81' lang='grc' dir='ltr'>δηϊοτῆτι,</span> 
     </span>
     <span class='ocr_line' id='line_1_16' title="bbox 278 1957 1229 2044; baseline 0.002 -24"><span class='ocrx_word' id='word_1_107' title='bbox 278 1960 318 2044; x_wconf 75' lang='grc' dir='ltr'>σῇ</span> <span class='ocrx_word' id='word_1_108' title='bbox 335 1957 360 2021; x_wconf 89' lang='grc' dir='ltr'>δ’</span> <span class='ocrx_word' id='word_1_109' title='bbox 376 1958 441 2036; x_wconf 87' lang='grc' dir='ltr'>ἥλω</span> <span class='ocrx_word' id='word_1_110' title='bbox 457 1959 557 2044; x_wconf 82' lang='grc' dir='ltr'>βουλῆ</span> <span class='ocrx_word' id='word_1_111' title='bbox 573 1957 711 2040; x_wconf 88' lang='grc' dir='ltr'>Πριάμου</span> <span class='ocrx_word' id='word_1_112' title='bbox 728 1959 819 2024; x_wconf 91' lang='grc' dir='ltr'>πόλις</span> <span class='ocrx_word' id='word_1_113' title='bbox 835 1957 1004 2040; x_wconf 89' lang='grc' dir='ltr'>εὐρυάγυια.</span> <span class='ocrx_word' id='word_1_114' title='bbox 1178 1984 1229 2032; x_wconf 79' lang='lat'>²30</span> 
     </span>
     <span class='ocr_line' id='line_1_17' title="bbox 277 2056 1105 2144; baseline 0.005 -20"><span class='ocrx_word' id='word_1_115' title='bbox 277 2056 340 2126; x_wconf 81' lang='grc' dir='ltr'>πῶς</span> <span class='ocrx_word' id='word_1_116' title='bbox 356 2062 392 2140; x_wconf 80' lang='grc' dir='ltr'>δή</span> <span class='ocrx_word' id='word_1_117' title='bbox 409 2067 469 2144; x_wconf 83' lang='grc' dir='ltr'>νῦν,</span> <span class='ocrx_word' id='word_1_118' title='bbox 485 2063 536 2124; x_wconf 82' lang='grc' dir='ltr'>ὅτε</span> <span class='ocrx_word' id='word_1_119' title='bbox 552 2063 610 2127; x_wconf 92' lang='grc' dir='ltr'>σόν</span> <span class='ocrx_word' id='word_1_120' title='bbox 624 2089 659 2144; x_wconf 88' lang='grc' dir='ltr'>γε</span> <span class='ocrx_word' id='word_1_121' title='bbox 676 2064 767 2140; x_wconf 89' lang='grc' dir='ltr'>δόμον</span> <span class='ocrx_word' id='word_1_122' title='bbox 783 2060 831 2126; x_wconf 87' lang='grc' dir='ltr'>καί</span> <span class='ocrx_word' id='word_1_123' title='bbox 848 2061 970 2143; x_wconf 82' lang='grc' dir='ltr'>κτήμαθ’</span> <span class='ocrx_word' id='word_1_124' title='bbox 988 2061 1105 2140; x_wconf 79' lang='grc' dir='ltr'>ἱκάνεις,</span> 
     </span>
     <span class='ocr_line' id='line_1_18' title="bbox 279 2163 987 2248; baseline 0.004 -22"><span class='ocrx_word' id='word_1_125' title='bbox 279 2164 353 2228; x_wconf 88' lang='grc' dir='ltr'>άντα</span> <span class='ocrx_word' id='word_1_126' title='bbox 368 2163 547 2245; x_wconf 91' lang='grc' dir='ltr'>μνηστήρων</span> <span class='ocrx_word' id='word_1_127' title='bbox 562 2167 728 2248; x_wconf 86' lang='grc' dir='ltr'>ὀλοφύρεαι</span> <span class='ocrx_word' id='word_1_128' title='bbox 745 2167 871 2242; x_wconf 88' lang='grc' dir='ltr'>άλκιμος</span> <span class='ocrx_word' id='word_1_129' title='bbox 887 2167 963 2230; x_wconf 87' lang='grc' dir='ltr'>εἰναι</span> <span class='ocrx_word' id='word_1_130' title='bbox 977 2191 987 2238; x_wconf 89' lang='grc'>,·</span> 
     </span>
     <span class='ocr_line' id='line_1_19' title="bbox 278 2267 1160 2352; baseline 0.001 -20"><span class='ocrx_word' id='word_1_131' title='bbox 278 2269 346 2332; x_wconf 85' lang='grc' dir='ltr'>άλλ’</span> <span class='ocrx_word' id='word_1_132' title='bbox 364 2269 419 2352; x_wconf 84' lang='grc' dir='ltr'>ἄγε</span> <span class='ocrx_word' id='word_1_133' title='bbox 435 2274 529 2349; x_wconf 81' lang='grc' dir='ltr'>δεῦρο,</span> <span class='ocrx_word' id='word_1_134' title='bbox 544 2273 650 2348; x_wconf 87' lang='grc' dir='ltr'>πέπον,</span> <span class='ocrx_word' id='word_1_135' title='bbox 666 2269 734 2351; x_wconf 89' lang='grc' dir='ltr'>παρ’</span> <span class='ocrx_word' id='word_1_136' title='bbox 750 2267 795 2349; x_wconf 87' lang='grc' dir='ltr'>ἔμ’</span> <span class='ocrx_word' id='word_1_137' title='bbox 807 2272 918 2333; x_wconf 82' lang='grc' dir='ltr'>ἵστασο</span> <span class='ocrx_word' id='word_1_138' title='bbox 937 2271 986 2332; x_wconf 87' lang='grc' dir='ltr'>καὶ</span> <span class='ocrx_word' id='word_1_139' title='bbox 1002 2273 1046 2334; x_wconf 86' lang='grc' dir='ltr'>ίδε</span> <span class='ocrx_word' id='word_1_140' title='bbox 1061 2271 1160 2352; x_wconf 88' lang='grc' dir='ltr'>ἔργον,</span> 
     </span>
    </p>
   </div>
   <div class='ocr_carea' id='block_1_3' title="bbox 279 2371 996 2460">
    <p class='ocr_par' dir='ltr' id='par_1_10' title="bbox 279 2371 996 2460">
     <span class='ocr_line' id='line_1_20' title="bbox 279 2371 996 2460; baseline 0 -24"><span class='ocrx_word' id='word_1_141' title='bbox 279 2374 348 2454; x_wconf 88' lang='grc' dir='ltr'>ὄφρ’</span> <span class='ocrx_word' id='word_1_142' title='bbox 364 2373 446 2460; x_wconf 77' lang='grc' dir='ltr'>εἰδῇς</span> <span class='ocrx_word' id='word_1_143' title='bbox 464 2373 527 2437; x_wconf 86' lang='grc' dir='ltr'>οἰός</span> <span class='ocrx_word' id='word_1_144' title='bbox 542 2397 588 2436; x_wconf 90' lang='grc' dir='ltr'>τοι</span> <span class='ocrx_word' id='word_1_145' title='bbox 604 2375 637 2438; x_wconf 86' lang='grc' dir='ltr'>έν</span> <span class='ocrx_word' id='word_1_146' title='bbox 652 2371 779 2455; x_wconf 85' lang='grc' dir='ltr'>ἀνδράσι</span> <span class='ocrx_word' id='word_1_147' title='bbox 794 2371 996 2451; x_wconf 86' lang='grc' dir='ltr'>δυσμενέεσσι</span> 
     </span>
    </p>
   </div>
   <div class='ocr_carea' id='block_1_4' title="bbox 277 2474 1231 3803">
    <p class='ocr_par' dir='ltr' id='par_1_11' title="bbox 279 2474 1230 2662">
     <span class='ocr_line' id='line_1_21' title="bbox 279 2474 1230 2558; baseline -0.001 -22"><span class='ocrx_word' id='word_1_148' title='bbox 279 2476 405 2555; x_wconf 87' lang='grc' dir='ltr'>Μέντωρ</span> <span class='ocrx_word' id='word_1_149' title='bbox 421 2474 596 2556; x_wconf 91' lang='grc' dir='ltr'>Ἀλκιμίδης</span> <span class='ocrx_word' id='word_1_150' title='bbox 612 2477 782 2558; x_wconf 80' lang='grc' dir='ltr'>εὐεργεσίας</span> <span class='ocrx_word' id='word_1_151' title='bbox 799 2475 980 2540; x_wconf 85' lang='grc' dir='ltr'>ἀποτίνειν.”</span> <span class='ocrx_word' id='word_1_152' title='bbox 1178 2501 1190 2535; x_wconf 88' lang='lat'><em>2</em></span> <span class='ocrx_word' id='word_1_153' title='bbox 1196 2502 1230 2551; x_wconf 76' lang='lat'>35</span> 
     </span>
     <span class='ocr_line' id='line_1_22' title="bbox 319 2578 1100 2662; baseline 0 -22"><span class='ocrx_word' id='word_1_154' title='bbox 319 2578 363 2640; x_wconf 91' lang='grc' dir='ltr'><em>Ἦ</em></span> <span class='ocrx_word' id='word_1_155' title='bbox 377 2578 423 2661; x_wconf 85' lang='grc' dir='ltr'>ῥά,</span> <span class='ocrx_word' id='word_1_156' title='bbox 441 2581 489 2644; x_wconf 87' lang='grc' dir='ltr'>καὶ</span> <span class='ocrx_word' id='word_1_157' title='bbox 506 2580 540 2642; x_wconf 86' lang='grc' dir='ltr'>οὐ</span> <span class='ocrx_word' id='word_1_158' title='bbox 555 2606 600 2642; x_wconf 89' lang='grc' dir='ltr'>πω</span> <span class='ocrx_word' id='word_1_159' title='bbox 617 2580 719 2662; x_wconf 88' lang='grc' dir='ltr'>πάγχυ</span> <span class='ocrx_word' id='word_1_160' title='bbox 735 2581 816 2645; x_wconf 91' lang='grc' dir='ltr'>δίδου</span> <span class='ocrx_word' id='word_1_161' title='bbox 831 2579 993 2660; x_wconf 84' lang='grc' dir='ltr'>ἑτεραλκέα</span> <span class='ocrx_word' id='word_1_162' title='bbox 1009 2578 1100 2657; x_wconf 84' lang='grc' dir='ltr'>νίκην,</span> 
     </span>
    </p>

    <p class='ocr_par' dir='ltr' id='par_1_12' title="bbox 279 2680 1023 2763">
     <span class='ocr_line' id='line_1_23' title="bbox 279 2680 1023 2763; baseline 0 -17"><span class='ocrx_word' id='word_1_163' title='bbox 279 2682 349 2746; x_wconf 80' lang='grc' dir='ltr'>ἀλλ’</span> <span class='ocrx_word' id='word_1_164' title='bbox 367 2680 407 2746; x_wconf 88' lang='grc' dir='ltr'>ἔτ’</span> <span class='ocrx_word' id='word_1_165' title='bbox 423 2684 479 2763; x_wconf 80' lang='grc' dir='ltr'>ἄρα</span> <span class='ocrx_word' id='word_1_166' title='bbox 494 2684 618 2749; x_wconf 86' lang='grc' dir='ltr'>σθένεός</span> <span class='ocrx_word' id='word_1_167' title='bbox 633 2708 665 2747; x_wconf 95' lang='grc' dir='ltr'>τε</span> <span class='ocrx_word' id='word_1_168' title='bbox 682 2684 731 2746; x_wconf 87' lang='grc' dir='ltr'>καὶ</span> <span class='ocrx_word' id='word_1_169' title='bbox 746 2685 840 2763; x_wconf 83' lang='grc' dir='ltr'>ἀλκῆς</span> <span class='ocrx_word' id='word_1_170' title='bbox 855 2681 1023 2763; x_wconf 78' lang='grc' dir='ltr'>πειρήτιζεν</span> 
     </span>
    </p>

    <p class='ocr_par' dir='ltr' id='par_1_13' title="bbox 277 2785 881 2866">
     <span class='ocr_line' id='line_1_24' title="bbox 277 2785 881 2866; baseline 0.002 -19"><span class='ocrx_word' id='word_1_171' title='bbox 277 2786 352 2864; x_wconf 77' lang='grc' dir='ltr'>ἠμὲν</span> <span class='ocrx_word' id='word_1_172' title='bbox 367 2785 539 2864; x_wconf 91' lang='grc' dir='ltr'>Ὀδυσσῆος</span> <span class='ocrx_word' id='word_1_173' title='bbox 554 2786 598 2865; x_wconf 85' lang='grc' dir='ltr'>ἠδ’</span> <span class='ocrx_word' id='word_1_174' title='bbox 615 2789 681 2850; x_wconf 85' lang='grc' dir='ltr'>υἱοῦ</span> <span class='ocrx_word' id='word_1_175' title='bbox 696 2787 881 2866; x_wconf 88' lang='grc' dir='ltr'>κυδαλίμοιο.</span> 
     </span>
    </p>

    <p class='ocr_par' dir='ltr' id='par_1_14' title="bbox 279 2887 1000 2973">
     <span class='ocr_line' id='line_1_25' title="bbox 279 2887 1000 2973; baseline 0.006 -22"><span class='ocrx_word' id='word_1_176' title='bbox 279 2889 352 2969; x_wconf 81' lang='grc' dir='ltr'>αὐτὴ</span> <span class='ocrx_word' id='word_1_177' title='bbox 368 2887 393 2953; x_wconf 91' lang='grc' dir='ltr'>δ’</span> <span class='ocrx_word' id='word_1_178' title='bbox 411 2892 606 2956; x_wconf 81' lang='grc' dir='ltr'>αἰθαλόεντος</span> <span class='ocrx_word' id='word_1_179' title='bbox 621 2891 677 2956; x_wconf 85' lang='grc' dir='ltr'>άνδ</span> <span class='ocrx_word' id='word_1_180' title='bbox 692 2890 833 2973; x_wconf 89' lang='grc' dir='ltr'>μεγάροιο</span> <span class='ocrx_word' id='word_1_181' title='bbox 848 2889 1000 2973; x_wconf 88' lang='grc' dir='ltr'>μέλαθρον</span> 
     </span>
    </p>

    <p class='ocr_par' dir='ltr' id='par_1_15' title="bbox 279 2991 1231 3181">
     <span class='ocr_line' id='line_1_26' title="bbox 279 2991 1231 3077; baseline 0.006 -24"><span class='ocrx_word' id='word_1_182' title='bbox 279 2991 353 3069; x_wconf 80' lang='grc' dir='ltr'>ἕζετ’</span> <span class='ocrx_word' id='word_1_183' title='bbox 370 2991 531 3071; x_wconf 84' lang='grc' dir='ltr'>άναίξασα,</span> <span class='ocrx_word' id='word_1_184' title='bbox 546 2995 683 3077; x_wconf 89' lang='grc' dir='ltr'>χελιδόνι</span> <span class='ocrx_word' id='word_1_185' title='bbox 700 2993 800 3074; x_wconf 89' lang='grc' dir='ltr'>εἰκέλη</span> <span class='ocrx_word' id='word_1_186' title='bbox 816 2994 919 3072; x_wconf 75' lang='grc' dir='ltr'>ἄντην.</span> <span class='ocrx_word' id='word_1_187' title='bbox 1180 3023 1231 3072; x_wconf 79' lang='lat'>240</span> 
     </span>
     <span class='ocr_line' id='line_1_27' title="bbox 324 3097 1084 3181; baseline 0.011 -24"><span class='ocrx_word' id='word_1_188' title='bbox 324 3099 509 3178; x_wconf 88' lang='grc' dir='ltr'>Μνηστῆρας</span> <span class='ocrx_word' id='word_1_189' title='bbox 524 3097 549 3161; x_wconf 93' lang='grc' dir='ltr'>δ’</span> <span class='ocrx_word' id='word_1_190' title='bbox 565 3099 674 3179; x_wconf 87' lang='grc' dir='ltr'>ὤτρυνε</span> <span class='ocrx_word' id='word_1_191' title='bbox 692 3100 923 3179; x_wconf 89' lang='grc' dir='ltr'>Δαμαστορίδης</span> <span class='ocrx_word' id='word_1_192' title='bbox 937 3098 1084 3181; x_wconf 88' lang='grc' dir='ltr'>Ἀγέλαος</span> 
     </span>
    </p>

    <p class='ocr_par' dir='ltr' id='par_1_16' title="bbox 279 3198 1077 3282">
     <span class='ocr_line' id='line_1_28' title="bbox 279 3198 1077 3282; baseline 0.014 -23"><span class='ocrx_word' id='word_1_193' title='bbox 279 3198 452 3280; x_wconf 88' lang='grc' dir='ltr'>Εὐρύνομός</span> <span class='ocrx_word' id='word_1_194' title='bbox 468 3226 500 3263; x_wconf 91' lang='grc' dir='ltr'>τε</span> <span class='ocrx_word' id='word_1_195' title='bbox 517 3202 565 3263; x_wconf 89' lang='grc' dir='ltr'>καὶ</span> <span class='ocrx_word' id='word_1_196' title='bbox 579 3200 775 3282; x_wconf 87' lang='grc' dir='ltr'>Ἀμφιμέδων</span> <span class='ocrx_word' id='word_1_197' title='bbox 791 3203 1029 3282; x_wconf 88' lang='grc' dir='ltr'>Δημοπτόλεμός</span> <span class='ocrx_word' id='word_1_198' title='bbox 1045 3228 1077 3270; x_wconf 90' lang='grc' dir='ltr'>τε</span> 
     </span>
    </p>

    <p class='ocr_par' dir='ltr' id='par_1_17' title="bbox 281 3302 1127 3390">
     <span class='ocr_line' id='line_1_29' title="bbox 281 3302 1127 3390; baseline 0.009 -25"><span class='ocrx_word' id='word_1_199' title='bbox 281 3302 468 3386; x_wconf 88' lang='grc' dir='ltr'>Πείσανδρός</span> <span class='ocrx_word' id='word_1_200' title='bbox 484 3329 516 3368; x_wconf 91' lang='grc' dir='ltr'>τε</span> <span class='ocrx_word' id='word_1_201' title='bbox 533 3306 758 3387; x_wconf 89' lang='grc' dir='ltr'>Πολυκτορίδης</span> <span class='ocrx_word' id='word_1_202' title='bbox 774 3307 921 3388; x_wconf 86' lang='grc' dir='ltr'>Πόλυβός</span> <span class='ocrx_word' id='word_1_203' title='bbox 936 3331 969 3370; x_wconf 88' lang='grc' dir='ltr'>τε</span> <span class='ocrx_word' id='word_1_204' title='bbox 984 3306 1127 3390; x_wconf 71' lang='grc' dir='ltr'>δαΐφρων·</span> 
     </span>
    </p>

    <p class='ocr_par' dir='ltr' id='par_1_18' title="bbox 281 3405 1011 3494">
     <span class='ocr_line' id='line_1_30' title="bbox 281 3405 1011 3494; baseline 0.008 -24"><span class='ocrx_word' id='word_1_205' title='bbox 281 3408 310 3470; x_wconf 83' lang='grc' dir='ltr'>οἶ</span> <span class='ocrx_word' id='word_1_206' title='bbox 325 3405 383 3489; x_wconf 78' lang='grc' dir='ltr'>γὰρ</span> <span class='ocrx_word' id='word_1_207' title='bbox 398 3407 577 3490; x_wconf 88' lang='grc' dir='ltr'>μνηστήρων</span> <span class='ocrx_word' id='word_1_208' title='bbox 592 3409 681 3494; x_wconf 77' lang='grc' dir='ltr'>ἀρετῇ</span> <span class='ocrx_word' id='word_1_209' title='bbox 697 3411 772 3474; x_wconf 77' lang='grc' dir='ltr'>ἔστιν</span> <span class='ocrx_word' id='word_1_210' title='bbox 787 3409 870 3492; x_wconf 85' lang='grc' dir='ltr'>ἔξοχ’</span> <span class='ocrx_word' id='word_1_211' title='bbox 883 3410 1011 3492; x_wconf 87' lang='grc' dir='ltr'>άριστοι,</span> 
     </span>
    </p>

    <p class='ocr_par' dir='ltr' id='par_1_19' title="bbox 282 3506 1231 3596">
     <span class='ocr_line' id='line_1_31' title="bbox 282 3506 1231 3596; baseline 0.005 -24"><span class='ocrx_word' id='word_1_212' title='bbox 282 3510 374 3572; x_wconf 90' lang='grc' dir='ltr'>όσσοι</span> <span class='ocrx_word' id='word_1_213' title='bbox 389 3506 431 3574; x_wconf 90' lang='grc' dir='ltr'>ἔτ’</span> <span class='ocrx_word' id='word_1_214' title='bbox 446 3512 537 3588; x_wconf 86' lang='grc' dir='ltr'>ἔζωον</span> <span class='ocrx_word' id='word_1_215' title='bbox 551 3513 624 3592; x_wconf 87' lang='grc' dir='ltr'>περί</span> <span class='ocrx_word' id='word_1_216' title='bbox 636 3537 670 3575; x_wconf 90' lang='grc' dir='ltr'>τε</span> <span class='ocrx_word' id='word_1_217' title='bbox 683 3515 809 3595; x_wconf 77' lang='grc' dir='ltr'>ψυχέων</span> <span class='ocrx_word' id='word_1_218' title='bbox 824 3512 983 3595; x_wconf 82' lang='grc' dir='ltr'>ἐμάχοντο·</span> <span class='ocrx_word' id='word_1_219' title='bbox 1180 3543 1231 3596; x_wconf 83' lang='lat'>²45</span> 
     </span>
    </p>

    <p class='ocr_par' dir='ltr' id='par_1_20' title="bbox 282 3610 988 3698">
     <span class='ocr_line' id='line_1_32' title="bbox 282 3610 988 3698; baseline 0.006 -22"><span class='ocrx_word' id='word_1_220' title='bbox 282 3613 348 3677; x_wconf 84' lang='grc' dir='ltr'>τούς</span> <span class='ocrx_word' id='word_1_221' title='bbox 364 3610 389 3675; x_wconf 88' lang='grc' dir='ltr'>δ’</span> <span class='ocrx_word' id='word_1_222' title='bbox 404 3611 460 3692; x_wconf 87' lang='grc' dir='ltr'>ήδη</span> <span class='ocrx_word' id='word_1_223' title='bbox 477 3614 632 3694; x_wconf 81' lang='grc' dir='ltr'>ἐδάμασσε</span> <span class='ocrx_word' id='word_1_224' title='bbox 645 3616 715 3696; x_wconf 85' lang='grc' dir='ltr'>βιὸς</span> <span class='ocrx_word' id='word_1_225' title='bbox 731 3613 779 3679; x_wconf 90' lang='grc' dir='ltr'>καί</span> <span class='ocrx_word' id='word_1_226' title='bbox 795 3615 923 3698; x_wconf 85' lang='grc' dir='ltr'>ταρφέες</span> <span class='ocrx_word' id='word_1_227' title='bbox 939 3617 988 3681; x_wconf 87' lang='grc' dir='ltr'>ἰοί.</span> 
     </span>
    </p>

    <p class='ocr_par' dir='ltr' id='par_1_21' title="bbox 283 3712 1191 3803">
     <span class='ocr_line' id='line_1_33' title="bbox 283 3712 1191 3803; baseline 0.01 -23"><span class='ocrx_word' id='word_1_228' title='bbox 283 3720 345 3782; x_wconf 86' lang='grc' dir='ltr'>τοῖς</span> <span class='ocrx_word' id='word_1_229' title='bbox 360 3715 384 3778; x_wconf 93' lang='grc' dir='ltr'>δ’</span> <span class='ocrx_word' id='word_1_230' title='bbox 399 3712 549 3796; x_wconf 87' lang='grc' dir='ltr'>Ἀγέλεως</span> <span class='ocrx_word' id='word_1_231' title='bbox 563 3718 729 3797; x_wconf 88' lang='grc' dir='ltr'>μετέειπεν,</span> <span class='ocrx_word' id='word_1_232' title='bbox 747 3721 819 3786; x_wconf 87' lang='grc' dir='ltr'>ἔπος</span> <span class='ocrx_word' id='word_1_233' title='bbox 833 3717 984 3786; x_wconf 88' lang='grc' dir='ltr'>πάντεσσι</span> <span class='ocrx_word' id='word_1_234' title='bbox 1000 3722 1191 3803; x_wconf 89' lang='grc' dir='ltr'>πιφαύσκων·</span> 
     </span>
    </p>
   </div>
   <div class='ocr_carea' id='block_1_5' title="bbox 0 0 1391 4228">
    <p class='ocr_par' dir='ltr' id='par_1_22' title="bbox 0 0 1391 4228">
     <span class='ocr_line' id='line_1_34' title="bbox 0 0 1391 4228; baseline 0 0"><span class='ocrx_word' id='word_1_235' title='bbox 0 0 1391 4228; x_wconf 95' lang='lat' dir='ltr'> </span> 
     </span>
    </p>
   </div>
  </div>
 </body>
</html>
