2874 4234
285 337 348 417 648
593 357 622 421 9·
646 339 882 401 οΔςΣΣαιΑΣ
905 340 929 399 1.

222 485 233 496 X
332 509 541 589 Καρπαλίμως
557 506 582 572 δ’
600 510 643 574 είς
657 506 768 589 άντρον
783 505 952 588 ἀφικόμεθ’,
969 505 1038 570 ούδέ
1051 530 1103 585 μιν
1119 508 1204 570 ἔνδον

286 615 420 694 εὕρομεν,
437 612 507 674 ἀλλ’
523 612 643 692 ἐνόμευε
660 616 751 689 νομὸν
767 608 840 673 κάτα
854 611 943 676 πίονα
957 613 1051 689 μῆλα.

286 718 425 781 ἐλθόντες
441 715 466 780 δ’
483 716 525 781 εἰς
539 713 647 795 ἄντρον
662 715 848 792 ἐθηεύμεσθα
863 713 984 776 ἕκαστα·

286 816 391 902 ταρσοὶ
407 821 462 898 μὲν
477 825 572 899 τυρῶν
586 823 705 899 βρῖθον,
723 818 877 881 στείνοντο
892 820 925 880 δέ
937 813 1023 894 σηκοὶ

286 925 384 1004 ἀρνῶν
398 922 443 1001 ἠδ’
459 923 580 1004 ἐρίφων·
605 919 824 1000 διακεκριμέναι
840 920 873 983 δὲ
887 920 1009 983 ἔκαστοι

287 1027 404 1109 ἔρχατο,
419 1027 510 1109 χωρὶς
525 1027 580 1106 μὲν
596 1023 748 1106 πρόγονοι,
765 1024 857 1106 χωρὶς
872 1024 906 1086 δέ
920 1022 1081 1103 μέτασσαι,

284 1129 376 1212 χωρὶς
395 1130 420 1194 δ’
437 1129 501 1193 αὖθ’
517 1129 613 1210 ἐρσαι·
639 1133 722 1193 ναῖον
738 1128 762 1190 δ’
779 1128 840 1212 ἀρφ
854 1125 950 1209 ἄγγεα
966 1126 1073 1204 πάντα,

285 1236 397 1315 γαυλοί
409 1255 442 1298 τε
458 1233 603 1314 σκαφίδες
620 1257 661 1307 τε,
677 1230 849 1313 τετυγμένα,
866 1234 927 1296 τοῖς
943 1229 1115 1311 ἐνάμελγεν.

285 1339 347 1403 ἔνθ’
364 1341 418 1417 ἐμὲ
432 1341 489 1418 μὲν
505 1335 649 1418 πρώτισθ’
665 1336 763 1418 ἔταροι
779 1335 916 1398 λίσσοντ’
931 1333 1059 1399 ἐπέεσσι

286 1448 381 1523 τυρῶν
396 1440 570 1518 αίνυμένονς
586 1439 665 1505 ίέναι
680 1439 784 1514 πάλιν,
801 1439 893 1519 αύτάρ
909 1440 1013 1503 ἔπειτα

286 1546 479 1626 καρπαλίμως
495 1542 544 1607 ἐπὶ
560 1545 616 1620 νῆα
633 1543 706 1622 θοὴν
722 1543 842 1624 ἐρίφους
856 1568 890 1606 τε
906 1539 954 1605 καὶ
969 1540 1061 1623 ἄρνας

286 1654 388 1726 σηκῶν
405 1646 609 1726 ἐξελάσαντας
625 1649 766 1710 ἐπιπλεῖν
782 1648 914 1727 ἁλμυρὸν
928 1648 1015 1726 ὕδωρ·

285 1752 355 1816 ἀλλ’
371 1752 429 1834 ἐγὼ
446 1751 481 1814 ού
499 1753 639 1830 πιθόμην,
654 1747 675 1828 τί
689 1749 715 1812 τ’
730 1749 768 1812 ἀν
783 1750 862 1812 πολὺ
879 1749 994 1830 κέρδιον
1010 1748 1073 1828 ἦεν,

286 1854 354 1934 ὄφρ’
371 1853 461 1917 αὐτόν
477 1877 509 1916 τε
524 1853 627 1932 ίδοιμι,
645 1857 693 1914 καὶ
709 1853 738 1916 εί
750 1877 801 1931 μοι
817 1849 912 1930 ξείνια
928 1853 1001 1929 δοίη.

285 1957 345 2021 οὐδ’
361 1956 406 2038 ἀρ’
423 1956 526 2037 ἔμελλ’
542 1954 674 2037 ἑτάροισι
691 1956 798 2036 φανεὶς
814 1958 964 2037 ἐρατεινὸς
980 1957 1115 2020 ἔσεσθαι.
1184 1981 1232 2029 230

325 2059 422 2125 Ἔνθα
436 2061 469 2124 δὲ
483 2065 542 2140 πῦρ
558 2058 681 2138 κήαντες
697 2059 845 2140 ἐθύσαμεν
859 2059 912 2137 ἠδὲ
932 2057 980 2124 καὶ
997 2055 1078 2123 αὐτοὶ

285 2169 380 2246 τυρῶν
397 2164 548 2242 αἰνύμενοι
564 2164 713 2244 φάγομεν,
729 2161 854 2243 μόνομέν
870 2164 903 2227 τέ
916 2189 968 2242 μιν
984 2164 1069 2227 ἔνδον

284 2269 400 2348 ἥμενοι,
416 2268 469 2347 ἧος
485 2268 601 2345 ἐπῆλθε
617 2265 722 2344 νέμων·
747 2266 822 2347 φέρε
837 2266 862 2329 δ’
879 2268 1008 2346 ὄβριμον
1022 2265 1118 2349 ὄχθος

285 2374 359 2450 ὕλης
374 2368 513 2449 ἀζαλέης,
525 2371 576 2432 ἵνα
591 2370 620 2432 οῖ
635 2369 829 2450 ποτιδόρπιον
843 2371 898 2446 εἴη.

287 2475 430 2538 ἔντοσθεν
446 2473 472 2536 δ’
491 2473 611 2553 ἄντροιο
626 2473 734 2551 βαλδιν
749 2472 916 2556 όρυμαγδδν
931 2471 1049 2550 ἔθηκεν·

284 2577 371 2656 ἡμεῖς
386 2577 418 2640 δὲ
434 2578 588 2640 δείσαντες
604 2575 789 2654 ἀπεσσύμεθ’
805 2577 836 2641 ἐς
853 2581 950 2658 μυχὸν
964 2575 1081 2657 άντρου.

286 2680 377 2762 αὐτὰρ
391 2677 410 2743 δ’
424 2679 452 2762 γ’
469 2681 512 2744 είς
528 2677 594 2759 εύρδ
610 2678 704 2745 σπέος
720 2678 818 2757 ἤλασε
834 2679 922 2743 πίονα
936 2684 1026 2760 μῆλα,

286 2782 384 2847 πάντα
398 2782 469 2862 μόλ’
485 2780 555 2846 άσσ’
571 2780 695 2866 ἤμελγε,
711 2781 747 2845 τά
764 2783 789 2845 δ’
807 2783 921 2864 ἀρσενα
936 2790 1023 2848 λεῖπε
1036 2784 1174 2866 θύρηφιν,

286 2887 420 2970 ἀρνειούς
437 2912 469 2952 τε
487 2886 613 2970 τράγους
628 2911 670 2964 τε,
689 2886 816 2966 βαθείης
833 2885 956 2952 ἔκτοθεν
971 2888 1073 2966 αύλῆς.

286 2991 379 3072 αὐτὰρ
395 2990 487 3054 ἔπειτ’
502 2989 631 3068 ἐπέθηκε
647 2995 753 3070 θνρεδν
767 2988 864 3072 μέγαν
879 2990 972 3072 ιἰψόσ’
988 2992 1097 3072 ἀείρας,
1183 3019 1232 3069 ²40

286 3096 423 3175 ὄβριμον·
449 3094 501 3156 ούκ
516 3093 554 3157 ἀν
569 3095 621 3157 τόν
636 3120 671 3175 γε
687 3093 745 3156 δύω
761 3096 808 3156 καὶ
825 3094 919 3157 είκοσ’
935 3092 1045 3174 ἄμαξαι

285 3198 396 3259 ἐσθλαὶ
412 3196 604 3277 τετράκυκλοι
620 3195 670 3260 ἀπ’
686 3195 787 3262 ούδεος
803 3198 997 3280 ὀχλίσσειαν·

286 3301 405 3379 τόσσην
419 3299 569 3377 ἠλίβατον
585 3298 693 3380 πέτρην
709 3299 837 3374 ἐπέθηκε
853 3301 985 3387 θύρῃσιν.

287 3402 425 3480 ἑζόμενος
441 3404 466 3466 δ’
481 3402 614 3486 ἤμελγεν
629 3404 676 3468 όῖς
692 3399 740 3466 καὶ
754 3402 887 3482 μηκάδας
902 3405 999 3487 αἶγας,

285 3503 383 3568 πάντα
398 3509 472 3569 κατὰ
486 3513 604 3588 μοῖραν,
622 3507 669 3570 καὶ
684 3506 734 3571 ὑπ’
749 3507 882 3590 ἔμβρυον
895 3508 968 3587 ἧκεν
984 3508 1103 3597 ἑκάστη.
1184 3539 1233 3590 ²45

285 3608 390 3673 αὐτίκα
405 3609 430 3672 δ’
444 3610 538 3688 ἥμισυ
552 3614 608 3689 μέν
624 3610 740 3692 θρέψας
756 3617 876 3676 λευκοῖο
891 3611 1041 3694 γάλακτος

285 3716 425 3779 πλεκτοῖς
440 3714 473 3776 ἐν
487 3712 665 3795 ταλάροισιν
681 3714 871 3796 ἀμησάμενος
887 3716 1058 3796 κατέθηκειι,
