2788 4230
469 328 519 392 18.
543 333 775 392 ΟΔΎΣΣΕΙΑΣ
798 333 832 397 Σ.
1052 327 1110 390 8ιι

170 497 261 581 αὐτὰρ
277 501 293 563 ό
310 503 369 582 πάρ
383 503 558 582 λαμπτῆρσι
572 501 706 583 φαείνων
722 499 927 581 αἰθομένοισιν

172 602 310 682 ἑστήκειν
326 607 356 671 ές
372 603 484 670 πάντας
500 605 657 686 όρόμενος·
689 605 772 668 ἀλλο
786 605 820 669 δέ
834 607 863 668 οἱ
880 608 933 686 κῆρ

170 708 297 787 ὥρμαινε
313 707 424 790 φρεσίν
438 707 519 796 ᾗσιν,
535 708 601 791 ἀφ’
618 710 670 773 οὐκ
687 709 839 772 ἀτέλεστα
853 705 987 790 γένοντο.
1067 735 1114 783 345

215 814 399 892 Μνηστῆρας
415 811 440 876 δ’
457 813 492 876 ού
508 813 634 892 πάμπαν
648 811 796 895 ἀγήνορας
812 812 858 875 εἴα
873 809 986 890 Ἀθήνη

171 915 277 994 λόβης
290 918 436 1000 ίσχεσθαι
452 916 631 996 θυμαλγέος,
646 915 715 997 ὄφρ’
732 915 776 978 ἔτι
790 919 911 994 μᾶλλον

171 1017 224 1095 δύη
240 1017 314 1102 θχος
329 1019 653 1100 κραδίηνΛαερτιόδεω
668 1019 827 1096 Ὀδυσῆος.

171 1126 270 1186 τοῖσιν
284 1122 310 1186 δ’
326 1123 512 1206 Εὐρύμαχος,
528 1124 676 1204 Πολύβου
691 1121 769 1196 πόϊς,
786 1121 852 1204 ἦρχ’
868 1121 1031 1204 ἀγορεύειν,

172 1223 336 1305 κερτομέων
350 1226 493 1305 Ὀδυσῆα·
523 1225 607 1309 γέλω
622 1226 647 1290 δ’
663 1225 816 1308 ἑτάροισιν
832 1227 947 1308 ἔτευχε·
1069 1252 1117 1301 350

172 1332 190 1361 “
201 1329 324 1393 κέκλυτέ
338 1355 403 1410 μευ,
418 1334 586 1412 μνηστῆρες
603 1331 784 1410 ἀγακλειτῆς
799 1330 974 1408 βασιλείης,

172 1431 241 1514 ὄφρ’
258 1433 332 1497 εἴπω
347 1432 436 1512 τάμε
452 1438 543 1512 θυμὸς
560 1431 605 1496 ἐνὶ
620 1431 770 1512 στήθεσσι
786 1431 912 1496 κελεύει.

172 1534 225 1599 οὐκ
240 1534 322 1600 ἀθεεὶ
338 1535 381 1600 ὅδ’
398 1537 472 1619 ἀνὴρ
486 1535 650 1616 Ὀδυσήϊον
666 1538 697 1602 ές
712 1536 804 1616 δόμον
820 1537 887 1599 ίκει·

173 1638 267 1719 ἔμπης
281 1665 332 1719 μοι
348 1639 446 1705 δοκέει
462 1639 572 1704 δαίδων
588 1639 682 1706 σέλας
697 1640 822 1719 ἔμμεναι
837 1638 927 1702 αὐτοῦ

172 1741 228 1804 κὰκ
244 1747 389 1823 κεφαλῆς,
405 1741 470 1807 ἐπεὶ
486 1743 520 1806 ού
536 1745 565 1806 οἱ
580 1743 624 1807 ἔνι
640 1744 740 1824 τρίχες
756 1742 817 1806 οὐδ’
831 1739 967 1820 ήβαιαί.”
1069 1768 1117 1816 355

213 1843 257 1908 Ἦ
272 1845 312 1928 ῥ’,
329 1845 390 1925 ἅμα
404 1872 437 1910 τε
453 1845 634 1927 προσέειπεν
649 1845 807 1924 Ὀδυσσῆα
821 1846 1034 1925 πτολίπορθον·

173 1953 192 1982 “
203 1947 284 2027 ξεῖν’,
299 1947 318 2026 ή
334 1948 371 2031 ἀρ
387 1949 412 2012 κ’
429 1949 546 2014 ἐθέλοις
563 1948 733 2027 θητευέμεν,
749 1949 821 2012 εἴπ’
837 1949 1007 2027 ἀνελοίμην,

173 2052 265 2134 ἀγροῦ
280 2051 325 2114 ἐπ’
343 2051 641 2135 ἐσχατιῆς-μισθὸς
656 2049 689 2116 δέ
704 2075 751 2114 τοι
766 2052 868 2132 ἄρκιος
883 2051 1014 2115 ἔσται-

172 2155 316 2235 αἱμασιάς
330 2181 364 2220 τε
378 2155 477 2237 λέγων
493 2156 542 2218 καὶ
557 2154 678 2238 δένδρεα
694 2154 792 2236 μακρὰ
808 2153 964 2230 φυτεύωντ

173 2259 245 2323 ἔνθα
261 2257 286 2320 κ’
301 2260 361 2341 ἐγὼ
377 2263 463 2323 σῖτον
477 2260 532 2338 μὲν
547 2258 710 2336 ἐπηετανὸν
724 2258 893 2342 παρέχοιμι,
1070 2267 1119 2330 360

174 2363 279 2440 είματα
294 2361 320 2426 δ’
336 2362 518 2444 ἀμφιέσαιμι
534 2364 626 2427 ποσίν
641 2361 668 2425 θ’
683 2361 859 2441 ὑποδήματα
874 2363 967 2435 δοίην.

174 2465 244 2527 ἀλλ’
259 2467 326 2530 ἐπεὶ
341 2465 393 2529 σύν
408 2466 444 2544 δὴ
461 2466 532 2548 ἔργα
548 2464 612 2530 κάκ’
625 2466 763 2546 ἔμμαθες,
778 2467 830 2530 ούκ
846 2463 1003 2544 ἐθελήσεις

174 2569 262 2652 ἔργον
278 2569 464 2650 ἐποίχεσθαι,
479 2568 561 2632 ἀλλὰ
575 2569 731 2634 πτώσσειν
747 2569 821 2632 κατὰ
835 2573 930 2650 δῆμον

174 2675 311 2752 βούλεαι,
326 2671 394 2753 ὄφρ’
406 2671 444 2738 ἀν
457 2673 530 2758 ἔχῃς
544 2673 674 2751 βόσκειν
691 2672 750 2752 σῆν
764 2671 885 2756 γαστέρ’
900 2669 1059 2735 ἀναλτον.”

217 2776 279 2839 Τὸν
295 2775 320 2839 δ’
332 2776 575 2857 ἀπαμειβόμενος
591 2775 731 2858 προσέφη
747 2776 913 2855 πολύμητις
923 2773 1099 2839 Ὀδυσσεύς·

173 2885 191 2913 “
202 2878 362 2962 Εὐρύμαχ’,
379 2881 405 2943 εί
422 2882 480 2963 γὰρ
494 2885 566 2943 νῶϊν
581 2880 642 2960 ἔρις
658 2880 757 2962 ἔργοιο
775 2879 892 2962 γένοιτο
1073 2889 1120 2952 366

175 2985 234 3068 ὥρῃ
249 2985 282 3046 ἔυ
297 2986 423 3069 είαρινῆ,
439 2985 488 3047 ὅτε
506 2982 530 3044 τ’
546 2982 645 3063 ήματα
661 2987 760 3064 μακρὰ
775 2984 928 3059 πέλονται,

175 3091 209 3153 ἐν
223 3089 302 3173 ποίῃ,
319 3087 467 3169 δρέπανον
481 3092 537 3166 μὲν
552 3088 629 3170 ἐγὼν
645 3089 791 3168 εὐκαμπὲς
807 3087 918 3171 ἔχοιμι,

175 3189 223 3255 καὶ
240 3194 274 3255 δὲ
289 3190 327 3254 σὺ
342 3196 424 3257 τοῖον
439 3191 531 3274 ἔχοις,
547 3191 596 3256 ἵνα
613 3193 834 3273 πειρησαίμεθα
847 3191 938 3273 ἔργον

175 3295 295 3375 νήστιες
310 3295 380 3376 ύχρι
395 3294 478 3376 μύλα
493 3293 631 3376 κνέφαος,
646 3297 717 3371 ποίη
734 3298 767 3358 δὲ
783 3296 872 3375 παρεί
892 3342 899 3356 .
1071 3318 1121 3369 370

176 3401 202 3463 εί
218 3399 243 3462 δ’
259 3397 295 3461 αδ
310 3400 359 3462 καὶ
374 3399 447 3479 βόες
463 3399 525 3463 εἶεν
539 3398 713 3478 ἐλαυνέμεν,
728 3401 760 3462 οί
774 3423 829 3476 περ
844 3401 970 3478 ἄριστοι,

176 3505 300 3567 αίθωνες
314 3501 450 3584 μεγάλοι,
466 3503 558 3582 ἄμφω
574 3502 733 3584 κεκορηότε
748 3502 846 3580 ποίης,

175 3607 279 3686 ήλικες
296 3607 446 3687 ἰσοφόροι,
462 3611 521 3671 τῶν
536 3631 568 3668 τε
584 3604 693 3670 σθένος
708 3604 759 3669 ούκ
776 3605 959 3683 ἀλαπαδνόν,

175 3709 336 3802 τετράγνου
352 3713 377 3773 δ’
393 3712 449 3789 εἴη,
464 3713 538 3775 είκοι
554 3708 580 3774 δ’
595 3713 653 3773 ὑπὸ
667 3715 771 3788 βῶλος
785 3709 909 3795 ἀρότρῳ·

588 3827 614 3877 ο
629 3814 688 3896 d5
