2738 4226
481 367 512 432 9.
536 352 706 414 ΙΛΙΑΔΟΣ
730 355 754 414 Ia
1031 353 1089 433 183

151 523 189 605 τῷ
202 520 226 583 δ’
244 519 303 604 άρα
318 519 539 603 παρκατέλεκτο
554 521 637 606 γυνή,
653 524 707 602 τήν
722 517 882 602 Λεσβόθεν
897 521 961 606 ήγε,

151 626 327 705 Φόρβαντος
343 626 482 710 θυγάτηρ,
500 625 635 708 Διομήδη
651 626 864 713 καλλιπάρῃος.
1041 641 1088 703 665

151 726 326 808 Πάτροκλος
341 726 368 792 δ’
384 727 527 811 ἑτέρωθεν
542 728 678 808 ἐλέξατο·
701 733 761 810 πὰρ
777 728 803 793 δ’
818 729 875 811 άρα
891 731 939 794 καὶ
953 733 994 815 τῷ

149 826 227 908 Ἰφις
241 829 376 908 ἐύζωνος,
392 831 447 911 τήν
460 835 491 896 οἱ
504 833 580 915 πόρε
594 838 657 900 δῖος
673 832 834 918 Ἀχιλλεὺς

152 935 262 1014 Σκῦρον
277 935 357 999 ἑλῶν
373 937 500 1012 αἰπεῖαν,
520 935 645 1015 Ἐνυῆος
660 939 848 1019 πτολίεθρον.

192 1039 231 1099 Οί
245 1034 273 1100 δ’
289 1040 340 1103 ὅτε
356 1039 392 1118 δή
409 1041 563 1124 κλισίῃσιν
578 1041 611 1104 ἐν
625 1038 782 1122 Ἀτρείδαο
797 1038 931 1123 γένοντο,

152 1136 216 1202 τοὺς
229 1143 285 1219 μέν
299 1140 358 1222 ἄρα
372 1141 531 1225 χρυσέοισι
547 1141 708 1208 κυπέλλοις
722 1144 784 1208 υἷες
800 1140 932 1227 Ἀχαιῶν
1041 1156 1089 1220 670

153 1239 295 1325 δειδέχατ’
309 1243 444 1310 ἄλλοθεν
457 1244 553 1312 α’ίλλος
568 1248 746 1323 ἀνασταδόν,
763 1245 796 1310 έκ
811 1245 838 1309 τ’
853 1245 983 1327 ἐρέοντο·

152 1350 263 1424 πρῶτος
278 1344 304 1410 δ’
321 1345 484 1430 ἐξερέεινεν
500 1347 578 1426 ἀνοξ
591 1349 705 1431 ἀνδρῶν
722 1345 926 1431 Ἀγαμέμνων·

155 1443 238 1508 “είπ’
253 1445 309 1527 ἀγε
321 1444 363 1526 μ’,
379 1445 402 1510 ῶ
418 1447 556 1512 πολύαιν’
574 1446 712 1524 Ὀδυσεῦ,
727 1447 805 1530 μέγα
821 1453 907 1514 κῦδος
920 1449 1064 1533 Ἀχαιῶν,

152 1545 213 1628 ἦρ’
229 1548 329 1614 ἐθέλει
344 1550 472 1629 νήεσσιν
487 1549 666 1631 ἀλεξέμεναι
682 1549 766 1630 δήϊον
781 1555 848 1633 πῦρ,
950 1595 951 1598 =

152 1649 171 1730 ή
185 1650 317 1728 ἀπέειπε,
332 1655 429 1738 χόλος
443 1654 468 1718 δ’
486 1652 528 1718 ἔτ’
545 1654 609 1737 ἐχει
625 1652 818 1736 μεγαλήτορα
834 1656 928 1736 θυμόν
940 1655 973 1730 ,·”
1040 1669 1087 1732 ⁶75

192 1754 253 1820 Τὸν
268 1753 294 1820 δ’
310 1757 380 1820 αὖτε
393 1756 559 1837 προσέειπε
573 1757 727 1823 πολύτλας
743 1762 806 1824 δῖος
822 1754 1001 1825 Ὀδυσσεύς·

154 1870 172 1895 “
182 1858 316 1941 Ἀτρείδη
332 1859 461 1937 κύδιστε,
476 1857 554 1938 άνοξ
568 1861 682 1941 ἀνδρῶν
699 1851 897 1941 Ἀγάμεμνον,

153 1964 246 2028 κεῖνός
260 1960 289 2044 γ’
305 1961 357 2026 οὐκ
373 1961 473 2026 ἐθέλει
487 1961 626 2042 σβέσσαι
640 1963 748 2046 χόλον,
765 1963 834 2024 ἀλλ’
851 1963 896 2026 έτι
910 1969 1030 2042 μᾶλλον

152 2064 352 2144 πιμπλάνεται
365 2062 480 2145 μένεος,
496 2065 534 2128 σὲ
549 2062 575 2128 δ’
592 2065 743 2129 ἀναίνεται
758 2065 810 2142 ἠδὲ
825 2067 867 2127 σδ
882 2071 970 2148 δῶρα.

152 2168 239 2232 αὐτόν
254 2192 291 2230 σε
306 2166 474 2248 φράζεσθαι
489 2166 522 2231 ἐν
537 2164 721 2248 Ἀργείοισιν
736 2167 853 2247 ἄνωγεν
1038 2183 1089 2234 68σ

152 2271 252 2336 ὅππως
266 2295 318 2334 κεν
332 2268 404 2348 νῆάς
418 2294 452 2334 τε
467 2271 546 2354 σόιρς
561 2270 610 2334 καὶ
624 2269 701 2333 λαδν
716 2267 858 2353 Ἀχαιῶν·

152 2371 237 2438 αὐτὸς
251 2372 276 2437 δ’
292 2371 460 2451 ήπείλησεν
474 2369 525 2451 ἀμ’
539 2371 590 2451 ἠοῖ
604 2371 809 2454 φαινομένηφι

151 2479 222 2554 νήας
237 2474 425 2555 ἐϋσσέλμους
440 2471 528 2541 ἅλαδ’
544 2473 669 2554 ἑλκέμεν
684 2476 903 2557 ἀμφιελίσσας.

152 2581 199 2643 καὶ
214 2576 239 2644 δ’
255 2577 293 2642 ἀν
307 2583 370 2644 τοῖς
384 2577 530 2644 άλλοισιν
545 2579 604 2661 ἐφη
621 2577 895 2662 παραμυθήσασθαι

151 2679 243 2747 οἴκαδ’
259 2682 448 2755 ἀποπλείειν,
466 2683 533 2747 ἐπεὶ
548 2681 648 2746 οὐκέτι
664 2680 751 2762 δήετε
765 2681 880 2763 τέκμωρ
1042 2701 1090 2763 685

151 2785 242 2850 Ἰλίου
257 2787 402 2865 αίπεινής·
425 2783 509 2864 μάλα
524 2784 581 2868 γάρ
598 2789 666 2850 ἑθεν
681 2785 809 2866 εθρύοπα
824 2784 899 2852 Ζεὺς

149 2895 236 2972 χεῖρα
251 2889 304 2968 ἑὴν
317 2887 477 2972 ὑπερέσχε,
492 2886 744 2969 τεθαρσήκασιδέ
759 2888 840 2952 λαοί.

152 2992 189 3056 ῶς
204 2988 301 3072 ἔφατ’·
325 2992 387 3055 εἶσὶ
402 2991 451 3054 καὶ
467 2992 530 3055 οἵδε
545 2988 609 3055 τάδ’
626 2988 758 3070 εἰπέμεν,
775 2991 806 3054 οἵ
817 3015 870 3070 μοι
885 2991 1003 3067 ἕποντο,

151 3097 224 3160 Αἴας
239 3094 289 3158 καὶ
305 3091 413 3174 κήρυκε
427 3092 496 3167 δύω,
512 3092 689 3174 πεπνυμένω
704 3094 805 3174 άμφω.

150 3194 258 3275 Φοῖνιξ
269 3193 298 3261 δ’
315 3195 379 3260 αὖθ’
397 3198 413 3260 ἀ
428 3196 526 3280 γέρων
541 3195 735 3274 κατελέξατο·
759 3196 798 3261 ῶς
812 3197 870 3278 γὰρ
886 3196 1003 3281 ἀνάγει,
1041 3214 1090 3282 690

151 3302 230 3381 ὄφρα
245 3301 274 3364 οἱ
289 3301 322 3363 ἐν
337 3297 447 3379 νήεσσι
463 3301 559 3381 φίλην
575 3303 606 3367 ἐς
619 3299 735 3381 πατρίδ’
752 3299 858 3376 ἕπηται

151 3400 261 3484 αὔριον,
277 3400 315 3481 ἢν
331 3403 485 3491 ἐθέλῃσιν·
509 3401 623 3489 ἀνάγκῃ
639 3402 664 3467 δ’
681 3400 715 3466 ού
729 3403 760 3466 τί
771 3427 823 3481 μιν
838 3399 934 3481 άξει.”

186 3506 249 3573 Ὣς
264 3506 365 3589 ἔφαθ’,
381 3508 411 3571 οἱ
425 3503 451 3571 δ’
467 3509 524 3589 ἀρα
538 3507 648 3573 πάντες
662 3505 738 3585 ἀκήν
753 3505 892 3588 ἐγένοντο
909 3509 1008 3594 σιωπῇ

149 3612 244 3686 μῦθον
259 3609 478 3692 ἀγασσάμενοι·
500 3609 585 3689 μάλα
598 3609 656 3693 γὰρ
672 3616 819 3692 κρατερῶς
834 3610 990 3693 ἀγόρευσε.

151 3710 206 3790 δήν
221 3709 246 3775 δ’
262 3711 340 3798 ἄνεῳ
356 3711 436 3793 ήσαν
451 3715 601 3790 τετιηότες
616 3714 678 3779 υίες
693 3710 835 3795 Ἀχαιῶν·
1042 3723 1090 3788 695
