2848 4296
241 412 304 488 468
567 427 617 495 νη.
642 413 813 472 ΙΛΙΑΔΟΣ
835 413 872 475 Ψ.

240 579 353 647 Τυδέος
368 579 538 660 ἱπποδάμου
552 582 625 658 υίός,
644 587 783 662 κρατερὸς
800 579 980 661 Διομήδης.”

283 689 346 749 Τὸν
360 683 385 749 δ’
402 687 538 767 αἰσχρῶς
553 683 690 749 ἐνένιπεν
703 683 828 762 Ὀϊλῆος
843 683 936 767 ταχὺς
952 686 1036 749 Αίας·

242 791 259 821 “
270 785 427 868 Ἰδομενεῦ,
444 789 475 850 τί
492 786 586 870 πάρος
599 786 789 870 λαβρεύεαι,·
813 789 844 850 αί
860 787 893 851 δέ
905 786 931 849 τ’
948 787 1073 852 ἄνευθεν

241 893 329 954 ἵπποι
344 891 523 972 ἀερσίποδες
537 889 650 957 πολέος
664 891 781 954 πεδίοιο
796 891 919 954 δίενται.
1137 914 1187 967 475

241 993 308 1057 οὔτε
324 994 469 1060 νεώτατός
485 995 557 1057 ἐσσι
571 993 634 1073 μετ’
652 992 820 1076 Ἀργείοισι
834 999 990 1071 τοσοῦτον,

241 1095 308 1160 ούτε
323 1121 369 1159 τοι
385 1094 530 1174 ὀξύτατον
544 1101 681 1178 κεφαλῆς
696 1097 728 1160 ἔκ
745 1096 880 1176 δέρκεται
896 1098 984 1162 ὄσσε·

241 1198 311 1262 ἀλλ’
327 1199 386 1264 atel
399 1199 505 1279 μύθοις
518 1199 694 1282 λαβρεύεαι·
718 1198 787 1263 ούδέ
801 1201 832 1263 τί
847 1227 883 1264 σε
898 1201 958 1284 χρὴ

240 1304 438 1386 λαβραγόρην
452 1303 566 1382 ἔμεναι·
589 1301 669 1384 πάρα
683 1303 742 1386 γὰρ
758 1304 807 1366 καὶ
823 1304 980 1384 ἀμείνονες
994 1303 1096 1370 άλλοι.

240 1408 328 1470 ίπποι
344 1405 369 1469 δ’
384 1405 470 1470 αύταὶ
487 1406 556 1469 ἔασι
571 1408 754 1486 παροίτεραι,
770 1406 801 1469 αί
818 1406 851 1470 τὸ
867 1405 961 1488 πάρος
976 1432 1042 1488 περ,
1137 1421 1188 1484 480

241 1507 391 1588 Εὐμήλου,
408 1511 441 1573 ἔν
456 1509 481 1573 δ’
498 1509 586 1575 αιἰτδς
601 1510 681 1593 ἔχων
697 1509 809 1592 εὔληρα
823 1508 972 1590 βέβηκε.”

282 1619 346 1678 Τόυ
360 1615 393 1677 δὲ
407 1611 623 1694 χολωσάμενος
639 1619 762 1696 Κρητῶν
778 1615 852 1697 ἀγὸς
866 1615 970 1679 ἆυτίον
984 1613 1068 1694 ηύδα·

242 1725 259 1752 “
269 1717 353 1796 Αἶαν,
369 1721 467 1782 νεῖκος
482 1717 596 1799 ἄριστε,
614 1716 809 1798 κακοφραδές,
825 1717 908 1781 άλλα
923 1743 957 1781 τε
971 1716 1070 1782 πάντα

241 1820 339 1886 δεύεαι
353 1821 508 1903 Ἀργείων,
526 1821 573 1884 ὅτι
587 1845 635 1883 τοι
652 1821 721 1886 νόος
736 1819 822 1886 ἐστίν
837 1819 962 1899 ἀπηνής.

241 1926 328 2007 δεΰρό
342 1950 403 1997 νυν,
419 1920 438 2002 ἢ
454 1925 593 2004 τρίποδος
608 1924 812 2005 περιδώμεθον
825 1923 860 2002 ἠέ
874 1922 1017 2002 λέβητος,
1138 1938 1187 2001 4⁸5

241 2030 348 2110 ἴστορα
362 2024 388 2092 δ’
403 2027 560 2109 Ἀτρείδην
574 2026 785 2110 Ἀγαμέμνονα
799 2029 920 2106 θείομεν
934 2027 1036 2108 άμφω,

152 2203 153 2210 ¹
241 2133 405 2213 ὁππότεραι
421 2131 528 2213 πρόσθ’
545 2133 641 2209 ἵπποι,
658 2133 708 2194 ίνα
722 2133 821 2217 γνώῃς
836 2131 1015 2195 άποτίνιον.”

277 2238 341 2304 Ὣς
356 2235 453 2319 ἔφατ’,
470 2239 582 2314 ὤρνυτο
598 2236 622 2300 δ’
641 2235 733 2300 αὐτίκ’
750 2235 877 2314 Ὀϊλῆος
892 2235 986 2319 ταχὺς
1002 2238 1078 2300 Αίας

240 2344 394 2426 χωόμενος
408 2346 592 2425 χαλεποῖσιν
608 2341 799 2421 ἀμείψασθαι
815 2338 952 2403 ἐπέεσσι·

241 2446 292 2509 καί
305 2445 340 2509 νύ
355 2471 388 2509 κε
403 2446 439 2525 δὴ
455 2442 589 2526 προτέρω
605 2443 645 2506 ἔτ’
663 2443 724 2523 ἔρις
737 2440 833 2524 γένετ’
851 2440 1080 2523 ἀμφοτέροισιν,
1137 2469 1189 2520 490

241 2551 267 2612 ει’
282 2548 323 2627 μὴ
337 2547 501 2631 Ἀχιλλεὺς
516 2546 605 2612 αὐτὸς
620 2546 764 2610 ἀνίστατο
780 2546 830 2608 καὶ
845 2543 926 2626 φάτο
941 2549 1047 2624 μῦθον·

241 2657 259 2685 “
268 2651 373 2731 μηκέτι
388 2655 441 2714 νῦν
455 2654 640 2733 χαλεποῖσιν
656 2649 844 2730 ἀμείβεσθον
859 2646 1015 2724 ἐπέεσσιν,

241 2754 318 2818 Αἶαν
332 2753 482 2834 Ἰδομενεῦ
497 2778 540 2831 τε,
557 2757 666 2826 κακοῖς,
684 2753 750 2816 ἐπεὶ
767 2751 835 2815 οὐδὲ
852 2751 940 2816 ἔοικε.

241 2859 289 2921 καὶ
305 2855 332 2920 δ’
347 2857 432 2942 άλλιρ
448 2859 621 2935 νεμεσᾶτον,
640 2857 703 2921 ὅτις
718 2852 840 2918 τοιαῦτά
854 2880 891 2936 γε
904 2853 994 2937 ῥέζοι.

240 2960 310 3024 ἀλλ’
326 2962 409 3040 ὑμεῖς
424 2961 457 3025 ἐν
472 2961 565 3042 άγῶνι
582 2956 745 3038 καθήμενοι
761 2956 945 3038 εἰσοράασθε
1140 2985 1189 3035 495

240 3067 358 3130 ἵππους·
383 3066 412 3128 οί
428 3065 461 3128 δὲ
476 3060 544 3145 τάχ’
562 3061 647 3126 αὐτοὶ
664 3063 855 3145 ἐπειγόμενοι
871 3062 939 3143 περὶ
955 3061 1038 3139 νίκης

240 3165 339 3232 ἐνθάδ’
355 3167 540 3231 ἐλεύσονται·
563 3166 633 3229 τότε
648 3167 681 3229 δὲ
695 3165 856 3247 γνάσεσθε
871 3165 999 3230 ἔκαστος

240 3274 349 3336 ίππους
362 3269 520 3353 Ἀργείων,
539 3268 568 3331 οῖ
583 3267 717 3349 δεύτεροι
732 3270 764 3332 οί
777 3294 810 3332 τε
827 3266 999 3350 πάροιθεν.”

277 3371 340 3439 *Ως
354 3372 444 3453 φάτο,
459 3370 604 3451 Τυδεΐδης
619 3373 652 3435 δὲ
666 3370 750 3451 μάλα
765 3371 879 3455 σχεδδν
894 3370 969 3451 ἦλθε
984 3372 1109 3446 διάκων,

239 3478 332 3561 μάστι
346 3475 371 3540 δ’
388 3477 453 3540 αίὲν
467 3476 576 3540 ἔλαυνε
592 3476 776 3554 κατωμαδόν·
801 3478 831 3538 οῖ
846 3472 881 3539 δέ
897 3477 927 3537 οῖ
943 3476 1030 3538 ίπποι
1141 3503 1191 3552 5ου

240 3579 333 3664 ἔφθιτ’
350 3576 510 3660 ἀειρέσθην
519 3579 618 3661 ῥίμφα
632 3576 806 3661 πράσσοντε
820 3576 971 3643 κέλευθον.

241 3687 300 3751 αίεὶ
315 3682 340 3748 δ’
355 3681 482 3765 ἡνίοχον
496 3682 597 3760 κονίης
611 3680 795 3765 ῥαθάμιγγες
810 3681 956 3761 ἔβαλλον,

243 3789 359 3870 άρματα
373 3788 406 3850 δὲ
420 3787 523 3873 χρνσφ
540 3784 757 3868 πεπυκασμένα
773 3782 942 3871 κασσιτέρῳ
958 3809 992 3854 τε
