2728 4230
172 397 174 402 ¹
258 341 319 387 120
586 323 619 387 6.
641 330 811 390 ΙΛΙΑΔΟΣ
834 332 869 391 Ζ.

254 493 351 576 ἔρχευ,
369 493 427 575 ἐγὼ
443 496 476 558 δὲ
491 493 591 576 Πάριν
603 494 832 576 μετελεύσομαι,
849 498 930 579 ὄφρα
946 498 1098 580 καλέσσω,
1144 513 1193 564 280

253 601 285 660 αἴ
301 597 325 660 κ’
342 596 463 684 ἐθέλῃσ’
481 599 618 666 εἰπόντος
633 598 789 678 ἀκουέμεν
812 601 854 670 ὥς
867 599 901 664 κέ
916 603 945 665 οἱ
961 602 1028 667 αὖθι

253 705 325 781 γαῖα
338 700 437 784 χάνοι·
459 699 539 784 μέγα
551 701 610 784 γάρ
622 729 675 782 μιν
689 703 857 784 Ὀλύμπιος
871 703 980 786 ἔτρεφε
995 709 1080 784 πῆμα

252 806 356 886 Τρωσί
370 829 404 869 τε
419 805 468 870 καὶ
483 804 609 891 Πριάμῳ
624 805 809 888 μεγαλήτορι
824 807 891 871 τοῖό
905 832 940 872 τε
953 810 1071 876 παισίν.

253 908 280 971 εἱ
296 908 395 973 κεῖνόν
408 934 446 991 γε
459 910 554 986 ἴδοιμι
568 907 742 972 κατελθόνι·ἱ
754 907 859 975 Ἀΐδας
874 912 959 984 εἱσω,

234 1009 236 1017 ’
253 1011 348 1092 φαίην
362 1035 397 1074 κε
411 1009 496 1093 φρέν’
515 1009 646 1093 ἀτέρπου
660 1011 758 1089 ὀϊζύος
775 1011 1030 1080 θκλελαθέσθαι.”
1144 1028 1192 1091 ²⁸5

289 1112 354 1180 Ὧς
369 1113 471 1196 ἔφαθ’,
484 1113 503 1192 ή
520 1115 553 1178 δὲ
566 1119 706 1194 μολοῦσα
722 1115 791 1179 ποτὶ
806 1113 910 1198 μέγαρ’
927 1116 1133 1198 ἀμφιπόλοισι

254 1217 388 1282 κέκλετο·
411 1217 460 1282 ταὶ
475 1216 500 1280 δ’
517 1215 563 1298 ἄρ’
580 1217 755 1281 ἀόλλισσαν
770 1220 846 1282 κατὰ
860 1218 938 1283 ἄστυ
951 1217 1083 1302 γεραιάς.

254 1321 326 1400 αὐτὴ
342 1320 367 1384 δ’
385 1321 417 1386 ές
431 1317 571 1400 θάλαμον
583 1319 773 1400 κατεβήσετο
788 1321 931 1400 κηιόεντα,

254 1423 314 1490 ἔνθ’
331 1423 406 1489 ἔσαν
421 1424 453 1487 οἱ
466 1421 578 1488 πέπλοι
593 1429 800 1502 παμποίκιλοι,
817 1423 891 1506 ἔργα
904 1430 1053 1506 γυναικῶν

254 1529 406 1599 Σιδονίων,
423 1527 477 1591 τᾶς
492 1525 581 1592 αὐτὸς
594 1524 799 1606 Ἀλέξανδρος
812 1527 947 1607 θεοειδὴς
1144 1555 1193 1607 ⁸90

253 1629 348 1713 ἤγαγε
363 1631 546 1707 Σιδονίηθεν,
563 1628 700 1696 ἐπιπλδς
713 1627 801 1712 εὐρέα
815 1629 935 1706 πόντου,
1145 1641 1148 1646 ’

253 1733 307 1810 τὴν
322 1732 392 1796 ὁδὸν
405 1730 444 1810 ήν
457 1729 587 1809 Ἑλένην
601 1755 657 1814 περ
673 1729 824 1814 ἀνήγαγεν
838 1731 1041 1816 εὐπατέρειαν·

253 1842 312 1900 τῶν
327 1835 367 1900 ἔν’
384 1833 544 1916 ἀειραμένη
558 1833 677 1914 Ἑκάβη
693 1833 768 1917 φέρε
783 1839 881 1918 δθρου
891 1835 1015 1924 Ἀθήνῃ,

253 1936 286 2003 as
301 1936 465 2004 κάλλιστος
480 1937 533 2015 έην
548 1937 745 2017 ποικίλμασιν
759 1937 812 2017 ήδὶ
825 1936 979 2020 μέγιστος,

252 2039 350 2121 ἀστήρ
364 2040 389 2104 δ’
406 2040 445 2106 ὣς
460 2038 649 2120 ἀπέλαμπεν
672 2039 769 2104 ἔκειτο
784 2041 818 2104 δὲ
832 2040 949 2108 νείατος
963 2041 1078 2107 ἀλλων.
1143 2069 1192 2122 ²9⁵

251 2147 294 2223 βῆ
311 2143 336 2207 δ’
351 2143 438 2216 ἰέναι,
454 2142 572 2206 πολλοὶ
584 2142 620 2206 δὲ
631 2142 855 2222 μετεσσεύοντο
867 2146 997 2227 γεραιαί,

293 2248 334 2309 Αἱ
349 2246 374 2309 δ’
390 2246 442 2308 ότε
456 2243 528 2324 νηὸν
543 2245 648 2309 ἱκονον
658 2244 790 2326 Ἀθήνης
805 2248 841 2311 έν
853 2247 944 2314 πόλει
959 2245 1044 2335 ἀκρῃ,

251 2352 321 2436 τῇσι
337 2349 426 2430 θύρας
441 2346 512 2433 ὤϊξε
527 2348 634 2412 Θεανδι
651 2347 867 2436 καλλιπάρῃος,

252 2450 393 2531 Κισσηίς,
409 2451 524 2533 ἄλοχος
537 2448 717 2533 Ἀντήνορος
733 2451 926 2532 ἱπποδάμοιο

240 2557 305 2636 Ιτὴν
319 2560 376 2639 γὰρ
389 2559 493 2637 Τρῶες
507 2554 617 2632 ἔθηκαν
630 2553 793 2636 Ἀθηναίης
808 2555 928 2640 ἱέρειαν.
1143 2581 1195 2635 3οο

251 2662 282 2723 αἱ
297 2659 323 2724 δ’
339 2659 472 2744 ὀλολυγῇ
488 2661 585 2722 πᾶσαι
598 2655 715 2743 Ἀθήνῃ
727 2661 832 2742 χεῖρας
847 2658 991 2743 ἀνέσχον·

251 2763 269 2842 ἡ
285 2759 312 2826 δ’
327 2761 384 2843 ἀρα
399 2759 518 2826 πέπλου
533 2763 647 2824 έλοΰσα
662 2762 772 2826 Θεανὼ
786 2761 994 2850 καλλιπάρῃος

252 2868 342 2943 θῆκεν
354 2864 519 2945 Ἀθηναίης
532 2864 584 2930 ἐπὶ
597 2862 745 2946 γούνασιν
758 2864 910 2946 ἠϋκόμοιο,

252 2966 397 3051 εὐχομένη
413 2966 438 3030 δ’
454 2966 547 3049 ήρᾶτο
562 2967 636 3034 Διὸς
651 2967 743 3056 κούρῃ
755 2966 912 3051 μεγάλοιο·

252 3080 272 3106 “
281 3069 376 3136 πότνι’
391 3069 545 3150 Ἀθηναίη,
560 3073 731 3154 βυσίπτολι,
747 3075 797 3135 δῖα
812 3069 920 3144 θεάων,
1142 3097 1195 3150 305

250 3172 324 3253 ἆξον
338 3175 373 3253 δή
390 3174 481 3258 ἔγχος
498 3172 674 3254 Διομήδεος,
691 3174 743 3253 ἠδὲ
759 3174 810 3238 καὶ
824 3172 918 3240 αὐτὸν

250 3277 363 3361 πρηνέα
378 3278 428 3345 δὸς
443 3277 567 3344 πεσέειν
581 3283 699 3344 Σκαιῶν
713 3275 899 3361 προπάροιθε
914 3274 1047 3354 πυλάων,

250 3384 330 3463 ὄφρα
344 3407 390 3446 τοι
406 3381 511 3446 αὐτίκα
525 3387 578 3448 νῦν
592 3383 768 3446 δυοκαίδεκα
782 3387 858 3462 βοῦς
873 3380 919 3446 ἐνὶ
933 3381 994 3465 νηῷ

249 3483 315 3564 ήνις
329 3484 459 3564 ἠκέστας
474 3485 656 3566 ἱερεύσομεν,
674 3485 707 3548 αἱ
721 3480 748 3547 κ’
763 3482 895 3570 ἐλεήσῃς

249 3588 325 3652 ἄστυ
339 3612 373 3652 τε
389 3589 437 3652 καὶ
451 3587 564 3668 Τρόων
579 3588 711 3670 ἀλόχους
727 3587 776 3651 καὶ
792 3584 885 3664 νήπια
899 3582 1021 3652 τέκνα.”
1062 3621 1063 3630 ¹
1142 3612 1193 3662 310

286 3689 349 3758 Ὣς
363 3690 452 3771 ἔφατ’
468 3688 624 3774 εύχομένη,
641 3687 762 3754 ἀνένευε
777 3688 810 3752 δὲ
826 3689 956 3756 Παλλὰς
971 3685 1095 3766 Ἀθήνη.
