2728 4230
274 342 334 404 174
601 337 631 415 9.
655 327 826 390 ΙΛΙΑΔΟΣ
847 329 874 388 Ι.

271 493 449 576 ἐξαπάφοιτ’
465 492 619 561 ἐπέεσσιν,
642 495 711 562 ἅλις
726 495 760 560 δέ
774 499 814 561 οῖ’·
838 497 919 560 άλλδ
934 495 1043 575 ἐκηλος

271 599 389 679 ἐρρέτω·
412 600 446 662 ἐκ
460 601 518 681 γδρ
534 600 566 663 εδ
582 598 694 680 φρένας
710 605 809 664 είλετο
823 600 948 680 μητίετα
962 599 1046 666 Ζεύς.

271 704 366 783 ἐχθρὰ
380 702 413 765 δέ
427 727 479 783 μοι
494 708 546 765 τοῖν
561 708 649 784 δῶρα,
666 705 719 766 τίω
735 701 769 766 δέ
782 729 834 782 μιν
849 704 882 766 ἐν
897 701 986 784 καρὸς
1001 707 1084 788 αἴσῃ.

271 803 332 868 οὐδ’
349 808 378 869 εἴ
389 830 440 884 μοι
455 805 574 871 δεκάκις
589 831 622 870 τε
638 806 687 869 καὶ
703 805 855 871 εἰκοσάκις
869 807 947 869 τόσα
962 807 1027 884 δοίη

272 909 353 971 ὅσσα
368 906 401 970 τέ
416 910 446 982 οῖ,
461 913 512 972 νῦν
529 907 604 984 ἐστι,
622 909 671 972 καὶ
687 911 716 972 εἴ
729 912 823 972 ποθεν
837 908 919 971 ἄλλα
933 907 1062 991 γένοιτο,
1163 921 1212 983 380

271 1115 445 1197 Αἰγυπτίας,
462 1116 510 1178 ὅθι
525 1119 657 1196 πλεῖστα
671 1116 774 1194 δόμοις
790 1117 823 1178 ἐν
840 1113 972 1195 κτήματα
988 1120 1092 1187 κεῖται,

271 1220 305 1282 αῖ
318 1217 344 1281 θ’
360 1217 564 1296 ἑκατόμπυλοί
577 1218 647 1293 εἶσι,
664 1219 813 1297 διηκόσιοι
829 1218 853 1281 δ’
871 1215 918 1282 ἀν’
933 1216 1061 1283 ἑκάστας

271 1319 374 1401 ἀνέρες
389 1318 561 1403 ἐξοιχνεῦσι
577 1319 632 1383 σὺν
647 1321 788 1384 ἴπποισιν
804 1322 852 1384 καὶ
869 1323 1010 1404 ὄχεσφιν·

272 1422 332 1487 οὐδ’
349 1425 378 1488 εἴ
390 1449 441 1502 μοι
457 1423 533 1485 τόσα
549 1422 613 1500 δοίη
631 1425 690 1486 ὅσα
704 1421 847 1505 ψάμαθός
862 1449 895 1488 τε
911 1425 992 1491 κόνις
1007 1449 1049 1496 τε,
1163 1437 1211 1500 385

272 1525 340 1591 οὐδέ
356 1552 406 1590 κεν
422 1527 461 1591 ὣς
475 1526 521 1589 έτι
536 1525 629 1605 θυμὸν
644 1526 717 1604 ἐμὸν
731 1524 842 1590 πείσει’
859 1523 1064 1610 Ἀγαμέμνων,

272 1630 342 1709 πρίν
356 1626 385 1711 γ’
404 1627 465 1692 άπδ
480 1632 583 1691 πῖισαν
598 1629 663 1708 ἐμοὶ
679 1630 801 1708 δόμεναι
817 1627 971 1710 θυμαλγέα
985 1630 1101 1708 λόβην.

272 1731 380 1812 κοιῖρην
395 1728 420 1794 δ’
436 1730 470 1820 οὗ
485 1730 586 1812 γαμέω
603 1728 827 1813 Ἀγαμέμνονος
843 1731 1008 1812 Ἀτρεΐδαο,

272 1833 332 1899 οὐδ’
349 1837 375 1900 εί
389 1835 516 1920 χρυσείῃ
534 1832 698 1920 Ἀφροδίτῃ
714 1833 827 1900 κάλλος
846 1836 946 1916 ἐρίζοι,

272 1938 346 2019 ἔργα
360 1935 387 2001 δ’
404 1935 547 2024 Ἀθηναίη
561 1938 749 2022 γλαυκώπιδι
764 1939 946 2020 ίσοφαρίζοι·
997 2011 998 2016 ¹
1163 1965 1213 2017 390

273 2040 341 2105 οὐδέ
354 2067 406 2122 μιν
422 2042 461 2107 ὣς
475 2039 587 2124 γαμέω·
611 2043 627 2104 ὁ
643 2041 668 2105 δ’
684 2041 817 2124 Ἀχαιῶν
832 2041 929 2105 ἄλλον
944 2040 1072 2116 ἑλέσθω,

272 2147 306 2212 ὅς
320 2170 365 2211 τις
380 2147 411 2208 οἴ
424 2145 448 2206 τ’
466 2143 585 2208 ἐπέοικε
601 2144 649 2208 καὶ
665 2143 697 2210 δς
711 2145 930 2226 βασιλεύτερός
945 2149 1040 2210 ἐστιν.

271 2247 309 2326 ἢν
323 2250 380 2329 γὰρ
396 2245 432 2325 δή
449 2273 488 2326 με
503 2246 601 2309 σόωσι
617 2245 680 2310 θεοῖ
695 2247 744 2309 καὶ
760 2247 853 2310 οἴκαδ’
869 2248 987 2326 ῖκωμαι,

273 2350 393 2429 Πηλεύς
409 2347 464 2427 θήν
477 2374 529 2427 μοι
545 2348 649 2411 ἔπειτα
662 2347 788 2430 γυναῖκά
802 2375 838 2430 γε
852 2348 1004 2429 μάσσεται
1020 2349 1118 2415 οὗτός.

273 2453 387 2517 πολλοὶ
403 2448 556 2534 Ἀχαιίδες
572 2451 651 2515 είσὶν
666 2448 712 2514 ἀν’
728 2451 866 2516 Ἑλλάδα
881 2476 914 2515 τε
928 2452 1026 2531 Φθίην
1040 2477 1082 2528 τε,
1165 2480 1212 2532 395

274 2562 375 2636 κοῦραι
391 2552 549 2636 ἀριστήων,
567 2556 643 2624 οἵτε
658 2556 822 2636 πτολίεθρα
835 2553 966 2636 ῥύονται,

274 2657 353 2724 τάων
368 2657 406 2737 ἥν
421 2655 447 2720 κ’
463 2657 593 2736 ἐθέλωμι
609 2658 705 2739 φίλην
719 2653 863 2737 ποιήσομ’
878 2655 1000 2721 ἄκοιτιν.

275 2761 348 2826 ἔνθα
362 2760 396 2826 δέ
409 2787 461 2842 μοι
475 2760 558 2841 μάλα
574 2762 693 2827 πολλδν
708 2760 860 2826 ἐπέσσυτο
876 2759 967 2841 θυμὸς
983 2759 1102 2844 ἀγήνωρ

273 2863 401 2947 γήμαντι
415 2865 552 2945 μνηστὴν
567 2863 693 2949 ἄλοχον,
709 2869 822 2930 ἐϊκυῖαν
837 2863 962 2936 ἄκοιτιν,

275 2967 405 3048 κτήμασι
419 2967 583 3051 τέρπεσθαι
598 2971 636 3036 τά
649 2967 746 3052 γέρων
762 2966 909 3046 ἐκτήσατο
925 2966 1055 3046 Πηλεύς·
1164 2995 1213 3043 400

211 3068 231 3162 κί’
260 3071 310 3134 ὀὔ
323 3073 381 3153 γὰρ
397 3072 463 3151 ἐμοὶ
478 3075 581 3154 ψυχῆς
595 3069 736 3150 ἀντάξιον
752 3071 812 3134 οὐδ’
829 3072 888 3134 ὅσα
904 3071 1000 3151 φασὶν

271 3174 369 3239 Ἴλιον
385 3175 537 3252 ἐκτῆσθαι,
554 3175 586 3239 εὖ
601 3175 760 3253 ναιόμενον
774 3175 962 3255 πτολίεθρον,

275 3278 309 3341 τδ
324 3279 394 3360 πρὶν
409 3274 455 3340 ἐπ’
473 3277 601 3360 εἰρήνης,
616 3277 686 3358 πρὶν
706 3278 808 3342 ἐλθεῖν
823 3279 889 3342 νίας
903 3276 1048 3357 Ἀχαιῶν,

276 3380 336 3444 οὐδ’
351 3381 411 3444 ὅσα
425 3378 530 3446 λάϊνος
545 3379 630 3444 οὐδὸς
645 3376 797 3461 άφήτορος
813 3379 896 3444 ἐντδς
912 3377 1018 3459 ἐέργει,

275 3484 394 3562 Φοίβου
410 3480 615 3554 Ἀπόλλωνος,
631 3485 729 3545 Πυθοῖ
745 3482 789 3546 ἔνι
804 3480 987 3567 πετρηέσσῃ.
1164 3511 1213 3561 405

275 3588 397 3667 ληϊστοὶ
411 3589 468 3668 μὲν
482 3584 540 3667 γάρ
555 3611 588 3650 τε
602 3585 677 3666 βόες
693 3587 741 3650 καὶ
755 3587 826 3667 ἴφια
840 3589 931 3664 μῆλα,

277 3692 377 3772 κτητοὶ
393 3691 426 3754 δέ
441 3687 578 3769 τρίποδές
592 3713 626 3752 τε
641 3689 690 3753 καὶ
704 3691 804 3753 ἴππων
819 3686 913 3768 ξανθδι
929 3687 1049 3771 κάρηνα·
