2728 4230
483 351 768 430 &mma

154 521 216 600 φῆς
230 544 288 583 που
303 519 374 601 ἀτερ
388 523 472 585 λαῶν
487 521 578 584 πόλιν
595 519 700 602 ἑξέμεν
714 521 758 601 ἠδ’
776 521 939 604 ἐπικούρων

153 624 229 696 οῖος,
244 621 301 687 σὺν
315 625 483 706 γαμβροῖσι
500 624 712 708 κασιγνήτοισί
726 650 759 691 τε
775 631 868 690 σοῖσι.

152 732 216 792 τῶν
230 731 283 792 νῦν
302 726 405 790 οὔτιν’
423 727 501 810 έγάιν
516 717 608 794 ῖδέειν
624 724 726 809 δύναμ’
742 729 811 792 οὐδὲ
827 732 944 807 νοῆσαι,
1046 748 1096 804 475

153 832 238 892 ἀλλὰ
252 830 606 897 καταπτύσσουσικύνες
623 833 661 897 ὣς
677 833 754 913 ἀμφὶ
770 831 888 896 λέοντα·

151 933 239 1009 ἡμεῖς
254 933 279 997 δ’
295 933 333 996 ού
350 933 528 1015 μαχόμεσθ’,
544 936 576 998 οἵ
589 932 645 1015 πέρ
660 935 685 996 τ’
701 937 853 1016 ἐπίκουροι
870 935 994 1014 ἔνειμεν.

152 1037 204 1100 καὶ
218 1039 276 1120 γδρ
294 1037 372 1118 έγδν
388 1037 544 1117 ἐπίκουρος
560 1039 617 1102 έὼν
631 1036 715 1117 μάλα
730 1040 860 1118 τηλόθεν
873 1039 945 1119 ἥκω·

151 1145 246 1217 τηλοῦ
260 1139 319 1221 γὰρ
334 1140 438 1217 Λυκίη,
452 1137 562 1225 Ξάνθῳ
578 1141 629 1204 έπι
644 1139 781 1220 δινήεντι,

152 1243 213 1305 ἔνθ’
230 1243 348 1326 ἄλοχόν
362 1269 396 1308 τε
411 1243 507 1324 φίλην
523 1243 630 1306 ἔλιπον
645 1245 694 1308 καὶ
711 1243 818 1324 νήπιον
832 1244 907 1316 υἱόν,
1048 1256 1095 1317 48ο

153 1348 208 1408 κάδ
223 1349 256 1410 δέ
272 1345 406 1426 κτήματα
420 1344 532 1424 πολλά,
548 1343 626 1408 τότ’
643 1346 763 1410 ἔλδεται
779 1349 811 1413 ὅς
830 1346 855 1410 κ’
873 1344 1018 1426 ἐπιδευής.

152 1451 235 1513 ἀλλά
250 1451 299 1513 καῖ
315 1451 355 1515 ὣς
370 1452 497 1514 Λυκίους
512 1448 623 1529 ὀτρύνω
640 1450 689 1513 καὶ
702 1448 805 1529 μέμον’
823 1449 910 1515 αὐτὸς

152 1553 237 1633 ἀνδρὶ
252 1550 463 1634 μαχήσασθαι·
487 1553 562 1633 ἀτὰρ
578 1551 612 1614 ού
628 1553 659 1615 τί
670 1578 722 1631 μοι
738 1551 843 1616 ἐνθάδε
859 1557 940 1618 τοῖον

152 1656 218 1719 οἶόν
234 1653 259 1718 κ’
274 1657 309 1734 ἠὲ
325 1654 447 1736 φέροιεν
464 1651 585 1738 Ἀχαιοὶ
600 1653 620 1734 ή
635 1681 687 1720 κεν
701 1656 814 1737 ἄγοιεν·

151 1759 221 1836 τύνη
239 1755 264 1822 δ’
280 1759 418 1838 ἕστηκας,
435 1759 509 1839 ἀτὰρ
526 1757 585 1821 οόδ’
603 1758 729 1822 ἄλλοισι
745 1758 877 1825 κελεύεις
1044 1775 1093 1837 485

150 1866 275 1926 λαοῖσιν
291 1862 418 1942 μενέμεν
434 1862 482 1925 καὶ
498 1860 679 1941 ἀμυνέμεναι
695 1863 818 1942 ὤρεσσι.

149 1965 191 2044 μή
207 1992 279 2044 πως,
296 1967 336 2032 ὧς
351 1968 445 2048 ἀψῖσι
460 1967 547 2030 λίνου
562 1968 671 2030 ἁλόντε
687 1965 849 2048 πανάγρου,

151 2068 278 2150 ὀνδράσι
294 2068 514 2151 δυσμενέεσσιν
530 2069 609 2150 έλωρ
625 2070 674 2133 καὶ
690 2068 784 2150 κύρμα
797 2067 939 2151 γένησθε·

152 2176 181 2236 οῖ
196 2177 228 2237 δὲ
244 2172 311 2258 τάχ’
329 2171 509 2255 έκπέρσουσ’
525 2173 557 2238 εῖν
572 2171 732 2252 ναιομένην
747 2172 839 2235 πόλιν
852 2171 938 2251 ὑμήν.

153 2278 203 2340 σοὶ
217 2280 250 2341 δὲ
264 2277 324 2360 χρὴ
339 2261 410 2342 τόδε
424 2275 523 2341 πάντα
537 2275 643 2357 μέλειν
658 2275 764 2342 νύκτας
779 2301 812 2340 τε
828 2276 876 2338 καὶ
892 2273 978 2357 ήμαρ,
1044 2307 1094 2357 490

151 2381 261 2465 ἀρχαῖς
275 2379 451 2466 λισσομένῳ
466 2385 669 2461 τηλεκλειτῶν
684 2379 848 2461 ἐπικούρων

150 2483 308 2565 νωλεμέως
323 2483 442 2568 έχέμευ,
458 2485 602 2566 κρατερὴν
618 2485 643 2548 δ’
659 2483 829 2548 ἀποθέσθαι
845 2482 981 2563 ένιπήν.”

187 2587 250 2654 *Ως
266 2587 346 2669 φάτο
362 2588 537 2670 Σαρπηδύν,
554 2586 626 2653 δάκε
641 2590 674 2652 δὲ
690 2586 802 2670 φρένας
813 2586 936 2669 Ἕκτορι
950 2592 1052 2666 μῦθος·

151 2693 256 2756 αὐτίκα
271 2690 298 2754 δ’
317 2690 354 2769 έξ
366 2689 465 2774 ὀχέων
481 2691 537 2754 σὺν
551 2691 693 2775 τεύχεσιν
708 2692 784 2754 ἆλτο
798 2691 923 2773 χαμᾶζε,

151 2794 279 2858 πάλλων
294 2791 320 2858 δ’
336 2792 409 2874 ὀξέα
424 2799 514 2875 δοΰρα
530 2797 604 2857 κατὰ
620 2793 749 2874 στρατὸν
764 2790 861 2877 φχετο
875 2791 983 2878 πάντῃ,
1046 2821 1095 2871 495

150 2897 281 2978 ὀτρύνων
294 2896 502 2979 μαχέσασθαι,
518 2896 615 2978 ἔγειρε
630 2898 663 2959 δὲ
678 2895 813 2977 φύλοπιν
827 2892 923 2971 αἰνήν.

150 3003 178 3063 οῖ
194 3000 219 3064 δ’
236 3001 444 3082 ἐλελίχθησαν
459 3000 508 3063 καὶ
524 3000 654 3063 ἐναντίοι
670 3000 763 3063 έσταν
774 2996 920 3078 Ἀχαιῶν·

148 3105 283 3186 Ἀργεῖοι
299 3103 324 3167 δ’
339 3101 502 3183 ὑπέμειναν
517 3102 645 3170 ἀολλέες
661 3102 721 3167 οόδ’
739 3101 905 3183 ἐφόβηθεν.

149 3211 189 3275 ὧς
202 3209 227 3272 δ’
243 3209 353 3289 ἄνεμος
368 3207 464 3290 ἀχνας
479 3205 583 3289 φορέει
604 3209 685 3288 ίερδς
700 3204 765 3270 κατ’
781 3204 883 3272 ἀλωὰς

149 3315 264 3393 ἀνδρῶν
279 3310 465 3390 λικμιύντων,
482 3311 533 3374 ὅτε
548 3335 581 3374 τε
596 3308 691 3388 ξανθὴ
707 3306 851 3391 Δημήτηρ
1049 3339 1098 3388 500

149 3417 233 3502 κρίνῃ
249 3412 454 3497 ἐπειγομένων
469 3411 587 3494 ἀνέμων
602 3414 717 3495 καρπόν
731 3438 764 3478 τε
780 3413 829 3476 καὶ
845 3412 949 3497 ἀχνας,

148 3522 180 3583 αῖ
194 3517 220 3583 δ’
236 3517 505 3581 ὑπολευκαίνονται
521 3517 672 3598 ἀχυρμιαί·
696 3517 735 3582 ὣς
750 3515 812 3580 τότ’
828 3514 948 3598 Ἀχαιοὶ

146 3621 250 3684 λευκοὶ
265 3621 376 3701 θπερθε
391 3618 516 3701 γένοντο
532 3617 694 3703 κονισάλῳ,
712 3620 748 3683 όν
761 3621 799 3701 ῥα
814 3617 851 3682 δι’
868 3620 965 3682 αὐτῶν

146 3722 274 3802 οὐρανὸν
290 3724 322 3790 ές
337 3723 537 3805 πολύχαλκον
553 3720 729 3805 ἐπέπληγον
744 3723 833 3788 πόδες
848 3724 956 3799 ίππων,

610 3836 632 3886 Ε
