2834 4234
265 361 328 422 724
547 362 596 426 13·
620 345 854 405 ολαςπυικς
879 343 919 404 Ν.

263 511 341 593 κήδε’
354 514 550 595 ἀνασχέσθαι·
575 513 612 576 σὺ
627 515 660 577 δέ
678 514 856 592 τετλάμεναι
873 509 920 576 καὶ
935 511 1059 597 ἀνάγκῃ,

262 618 337 695 μηδέ
352 642 392 702 τῳ
410 617 561 698 ἐκφάσθαι
576 615 643 697 μήτ’
658 619 774 698 ἀνδρῶν
788 614 863 697 μήτε
878 622 1036 698 γυναικῶν,

263 721 392 799 πάντων,
407 720 502 786 οὕνεκ’
517 719 562 802 ἀρ’
578 720 670 800 ήλθες
686 721 850 800 ἀλώμενος,
866 721 949 782 ἀλλὰ
964 720 1064 804 σιωπῇ

263 824 395 907 πάσχειν
411 824 508 907 άλγεα
523 823 636 901 πολλά,
651 825 723 903 βίας
738 823 940 905 ὑποδέγμενος
957 819 1098 902 ἀνδρῶν.”
1162 847 1211 897 310

306 929 370 1006 Τήν
386 927 412 991 δ’
428 927 671 1008 ἀπαμειβόμενος
686 929 827 1008 προσέφη
843 927 1009 1006 πολύμητις
1024 925 1200 990 Ὀδυσσεύς·

264 1039 281 1066 “
292 1033 439 1114 ἀργαλέον
455 1057 502 1109 σε,
519 1030 582 1109 θεά,
597 1037 709 1112 γνῶναι
724 1031 825 1116 βροτῷ
842 1029 1027 1104 ἀντιάσαντι,

264 1136 312 1198 καὶ
327 1132 398 1215 μάλ’
413 1133 612 1218 ἐπισταμένῳ·
636 1136 673 1196 σέ
688 1132 744 1215 γὰρ
761 1133 852 1213 αὐτὴν
868 1131 957 1198 παντὶ
973 1131 1094 1198 ἐίσκεις.

263 1245 349 1302 τοῦτο
365 1236 391 1302 δ’
407 1238 483 1321 ἐγδν
499 1238 532 1303 εδ
548 1236 611 1311 οἶδ’,
624 1239 671 1300 ὅτι
685 1263 737 1316 μοι
752 1237 846 1318 πάρος
861 1237 934 1314 ἠπίη
950 1236 1039 1316 ἦσθα,

264 1344 317 1421 ήος
333 1341 377 1406 ἐνὶ
393 1344 486 1427 Τροίῃ
501 1342 702 1420 πολεμίζομεν
717 1343 780 1408 νίες
793 1339 935 1424 Ἀχαιῶν.
1163 1364 1210 1413 3¹5

265 1447 358 1527 αύτδρ
379 1442 443 1509 ἐπεὶ
458 1445 607 1526 Πριάμοιο
622 1447 715 1508 πόλιν
730 1443 929 1526 διεπέρσαμεν
945 1442 1046 1521 αἰπήν,

263 1553 363 1628 βῆμεν
378 1548 404 1612 δ’
421 1551 453 1613 έν
472 1547 590 1628 νήεσσι,
610 1552 677 1614 θεὸς
693 1546 717 1612 δ’
734 1548 899 1614 ἐκέδασσεν
913 1547 1064 1631 Ἀχαιούς,

265 1653 299 1714 οὐ
316 1651 352 1714 σε’
365 1650 393 1734 γ’
409 1652 512 1716 ἔπειτα
527 1654 602 1729 ἰ’δον,
620 1651 708 1733 κούρη
728 1654 810 1731 Διός,
827 1653 887 1716 οὐδ’
903 1654 1016 1731 ἐνόησα

264 1762 333 1832 νηὸς
349 1757 421 1834 ἐμῆς
437 1757 601 1835 ἐπιβᾶσαν,
618 1756 697 1822 ὅπως
713 1757 744 1818 τί
757 1781 808 1836 μοι
824 1757 920 1838 ἄλγος
936 1755 1092 1820 ἀλάλκοις.

265 1859 334 1923 ἀλλ’
351 1860 409 1923 αἰεὶ
426 1856 536 1939 φρεσὶν
550 1857 621 1944 ᾗσιν
637 1860 717 1942 ἔχων
733 1859 924 1942 δεδαϊγμένον
939 1859 1011 1939 ἦτορ
1163 1885 1212 1933 320

264 1964 399 2042 ἠλώμην,
414 1963 468 2042 ἧός
484 1989 521 2043 με
538 1965 601 2027 θεοὶ
616 1964 779 2041 κακότητος
796 1965 919 2027 έλυσαν·

265 2069 335 2149 πρίν
349 2068 377 2150 γ’
393 2069 444 2132 ὅτε
461 2067 602 2146 Φαιήκων
621 2070 736 2150 ἀνδρῶν
752 2069 784 2132 ἐν
801 2070 881 2132 πίονι
899 2071 981 2152 δήμω

265 2171 415 2254 θάρσυνάς
431 2171 456 2234 τ’
472 2173 597 2237 ἐπέεσσι
618 2173 666 2234 καὶ
682 2174 712 2237 ἐς
727 2173 818 2236 πόλιν
834 2171 946 2254 ἤγαγες
962 2170 1043 2249 αὐτή.

265 2281 317 2340 νῦν
333 2275 366 2338 δέ
382 2301 418 2338 σε
433 2283 507 2356 πρὸς
524 2276 633 2355 πατρὸς
648 2274 906 2358 γουνάζομαι-ού
921 2274 978 2358 γὰρ
994 2273 1047 2337 ὀίω

264 2381 348 2458 ήκειν
364 2382 406 2446 εἰς
421 2379 541 2457 Ἰθάκην
557 2379 718 2457 εὐδείελον,
735 2379 817 2442 ἀλλά
832 2379 887 2443 τιν’
902 2379 1001 2456 ἀλλην
1031 2470 1035 2479 Ι
1165 2403 1212 2452 325

266 2490 353 2561 γαῖαν
369 2483 604 2563 ἀναστρέφομαι·
628 2486 665 2546 σέ
680 2484 713 2546 δὲ
728 2483 949 2564 κερτομέουσαν
965 2483 1018 2546 ἀΐω

265 2587 344 2649 ταῦτ’
362 2584 584 2669 ἀγορευέμεναι,
600 2588 638 2649 ἵν’
655 2586 726 2666 ἐμὰς
741 2587 854 2667 φρένας
869 2587 1121 2672 ἠπεροπεύσῃς-

200 2747 203 2755 ,
266 2693 331 2756 εἰπέ
345 2716 396 2770 μοι
412 2693 439 2754 εἰ
454 2691 538 2752 ἐτεόν
554 2717 590 2772 γε
605 2693 701 2770 φίλην
718 2694 749 2756 ἐς
764 2690 881 2770 πατρίδ’
900 2689 1021 2753 ἱκάνω.”

307 2801 370 2858 Τὸν
385 2793 410 2857 δ’
424 2793 559 2874 ἠμείβετ’
576 2795 679 2858 ἔπειτα
695 2793 749 2858 θεὰ
764 2800 937 2876 γλαυκῶπις
952 2792 1074 2872 Ἀθήνη·

267 2905 287 2932 “
297 2899 357 2963 αἰεί
370 2923 415 2961 τοι
431 2903 566 2961 τοιοῦτον
581 2898 626 2962 ἐνὶ
642 2896 792 2977 στήθεσσι
808 2900 911 2978 νόημα·
1163 2923 1213 2970 330

265 3005 304 3083 τῷ
322 3027 357 3064 σε
373 2999 421 3064 καὶ
437 3001 470 3065 οὗ
487 3000 612 3081 δύναμαι
628 3007 787 3082 προλιπεῖν
802 3001 951 3080 δύστηνον
964 3000 1062 3078 ἐόντα,

267 3104 361 3170 οὕνεκ’
376 3104 487 3183 ἐπητής
504 3105 576 3169 ε’σσι
592 3103 641 3169 καὶ
657 3105 798 3187 ἀγχίνοος
815 3102 863 3168 καὶ
880 3103 1028 3188 ἐχέφρων.

267 3210 425 3274 ἀσπασίως
441 3210 498 3291 γάρ
515 3209 540 3272 κ’
556 3209 651 3275 ἀλλος
667 3209 741 3287 ἀνὴρ
758 3206 951 3286 ἀλαλήμενος
967 3207 1066 3270 ἐλθὼν

266 3312 319 3375 ἵετ’
335 3311 379 3376 ἐνὶ
392 3311 533 3396 μεγάροις
549 3311 639 3377 ἰδέειν
655 3312 762 3377 παῖδάς
780 3311 805 3373 τ’
820 3311 936 3394 ἄλοχόν
954 3330 996 3373 τε·

266 3414 317 3478 σοὶ
333 3416 358 3480 δ’
374 3417 408 3478 ού
425 3443 470 3480 πω
486 3418 580 3498 φίλον
594 3413 659 3479 ἐστὶ
676 3415 817 3494 δαήμεναι
833 3415 900 3479 οὐδὲ
915 3413 1073 3490 πυθέσθαι,
1164 3440 1213 3490 335

267 3521 337 3600 πρίν
351 3519 379 3601 γ’
397 3523 440 3584 ἔτι
457 3522 514 3597 σῆς
530 3521 646 3603 ἀλόχου
661 3521 828 3600 πειρήσεαι,
843 3518 863 3596 ἥ
879 3516 912 3580 τέ
927 3542 974 3580 τοι
990 3517 1084 3584 οὕτως

266 3625 357 3702 ἧσται
371 3621 416 3688 ἐνὶ
430 3623 616 3704 μεγάροισιν,
633 3621 744 3704 ὀϊζυραὶ
760 3622 794 3686 δέ
810 3624 839 3685 οἱ
854 3619 913 3684 αἰεὶ

268 3730 428 3805 φθίνουσιν
443 3726 544 3792 νύκτες
562 3751 595 3791 τε
610 3729 659 3791 καὶ
673 3726 771 3806 ἤματα
786 3725 876 3806 δάκρυ
891 3729 1013 3812 χεούσῃ.
