2760 4232
479 359 546 417 ΕΙΣ
568 358 825 418 ΑΦΡΟΔΙΤΗΝ.
1065 371 1126 436 977

181 533 324 609 σχετλιον
341 527 391 591 οάκ
409 527 585 606 ὀνομαστόν,
602 525 824 610 ἀπεπλάγχθην
839 530 871 592 δὲ
886 529 976 605 νόοιο,

179 633 273 693 παῖδα
289 630 314 694 δ’
329 632 387 694 ὑπὸ
403 631 479 717 ζάνῃ
496 629 606 710 ἐθέμην
620 631 721 715 βροτφ
738 630 908 708 εὐνηθεῖσα.
958 665 959 670 1
1081 659 1127 707 ²55

179 737 232 796 τὸν
246 733 311 811 μέν,
327 735 402 814 έπήν
417 735 452 814 δή
468 740 586 814 πρῶτον
600 735 648 820 ἴδῃ
664 732 743 814 φάος
759 733 882 812 ἠελίοιο,

179 836 292 917 νύμφαι
308 864 360 916 μιν
376 837 544 920 θρέψουσιν
559 838 706 922 ὀρεσκῷοι
720 839 921 917 βαθύκολποι,

178 939 210 1002 σί
226 942 293 1005 τάδε
307 940 498 1006 ναιετάουσιν
514 943 581 1022 ὄρος
595 940 674 1024 μέγα
690 966 723 1004 τε
740 939 845 1018 ζάθεόν
860 961 901 1004 τε·

179 1045 212 1106 αί
224 1041 255 1125 ῥ’
270 1044 338 1109 οὔτε
354 1050 472 1124 θνητοῖς
488 1045 549 1108 οὔτ’
566 1043 762 1110 ἀθανάτοισιν
776 1043 908 1108 ἕπονται·

178 1147 267 1227 δηρὸν
281 1151 337 1226 μὲν
357 1149 466 1226 ζώουσι
482 1150 531 1212 καὶ
547 1148 699 1230 ἄμβροτον
716 1148 798 1228 εἶδαρ
813 1149 926 1227 ἔδουσι,
1077 1163 1125 1211 260

178 1251 231 1313 καί
243 1275 276 1314 τε
291 1250 354 1330 μετ’
369 1251 548 1316 ἀθανάτοισι
564 1252 657 1316 καλὸν
674 1251 768 1336 χορὸν
784 1251 962 1331 ἐρρώσαντο.

176 1355 248 1439 τῇσι
264 1357 296 1418 δὲ
313 1357 457 1434 Σειληνοί
470 1381 502 1420 τε
519 1357 567 1418 καὶ
583 1355 731 1420 εύσκοπος
745 1356 964 1437 Ἀργειφόντης
1068 1367 1069 1371 ’

175 1456 313 1538 μίσγοντ’
329 1460 362 1524 έν
377 1460 519 1540 φιλότητι
534 1461 619 1542 μυχῷ
636 1459 753 1522 σπείων
770 1457 922 1539 ἐροέντων.

175 1561 245 1645 τῇσι
262 1559 287 1624 δ’
304 1559 353 1639 ἅμ’
367 1560 386 1641 ἢ
402 1561 508 1626 ἐλάται
526 1563 560 1641 ἠὲ
575 1561 659 1643 δρύες
673 1561 854 1643 ὑψικάρηνοι

176 1665 385 1751 γεινομένῃσιν
400 1665 518 1745 έφυσαυ
533 1667 583 1729 ἐπὶ
597 1667 687 1748 χθονὶ
701 1667 891 1752 βωτιανείρῃ,
1078 1681 1123 1742 ²⁶5
1170 1725 1173 1730 .

175 1766 265 1830 καλαὶ
281 1769 495 1847 τηλεθάουσαι,
511 1772 544 1834 έν
561 1769 681 1850 οὔρεσιν
695 1771 872 1851 ὑψηλοῖσιν.

174 1975 337 2039 ἀθανάτων·
360 1975 411 2042 τὰς
427 1976 452 2040 δ’
469 1977 504 2039 ού
519 2001 547 2040 τι
561 1973 668 2058 βροτοὶ
684 1977 817 2056 κείρουσι
836 1978 956 2060 σιδήρῳ.

173 2077 243 2140 ἀλλ’
261 2079 312 2144 ὅτε
328 2105 379 2144 κεν
394 2081 430 2158 δή
445 2085 532 2161 μοῖρα
550 2077 723 2166 παρεστήκῃ
740 2077 891 2159 θανάτοιο,

174 2181 312 2258 ἀζάνεται
327 2185 382 2261 μέν
397 2189 516 2264 πρῶτον
531 2181 580 2247 ἐπὶ
596 2184 684 2266 χθονὶ
696 2182 823 2263 δένδρεα
840 2184 927 2260 καλά,
1072 2210 1121 2261 270

173 2286 282 2364 φλοιὸς
297 2287 324 2350 δ’
339 2287 638 2368 ἀμφιπεριφθινύθει,
653 2289 798 2351 πίπτουσι
815 2287 840 2350 δ’
856 2285 906 2350 ἀπ’
924 2287 997 2364 ὄζοι,

172 2395 231 2454 τῶν
246 2389 279 2454 δέ
295 2392 322 2454 θ’
337 2379 410 2472 ὁμοῦ
426 2392 511 2476 ψυχή
528 2392 629 2456 λείπει
645 2389 724 2472 φάος
739 2391 865 2470 ἠελίοιο.

167 2496 203 2556 ἀῖ
217 2497 273 2573 μέν
288 2495 360 2574 ἐμὸν
376 2496 526 2577 θρέψουσι
542 2498 622 2576 παρὰ
638 2496 750 2574 σφίσιν
764 2497 830 2558 υἱὸν
847 2497 983 2577 ἔχουσαι.

171 2600 291 2675 τὸνμὲν
306 2599 382 2677 έπηυ
397 2599 433 2678 δὴ
452 2604 570 2679 πρῶτον
586 2599 642 2684 έλῃ
657 2595 847 2678 πολυήρατος
861 2598 935 2676 ἥβη,
963 2647 964 2654 1

171 2699 295 2778 ἄξουσίν
311 2728 362 2765 σοι
378 2707 464 2782 δεῦρο
481 2704 558 2779 θεαί,
572 2701 707 2779 δείξουσί
721 2726 754 2765 τε
770 2705 870 2765 παῖδα·
1071 2726 1117 2778 ²75

170 2803 221 2864 σοὶ
236 2803 261 2866 δ’
280 2805 350 2884 έγιύ,
365 2806 447 2884 ὄφρα
462 2830 495 2867 κε
511 2807 603 2866 ταῦτα
617 2801 693 2880 μετά
708 2803 801 2883 φρεσὶ
816 2801 915 2867 πάντα
930 2802 1049 2880 διέλθω,

171 2907 201 2970 ἐς
217 2905 351 2986 πέμπτου
366 2909 432 2973 ἔτος
448 2907 529 2973 αὖτις
545 2908 707 2986 ἐλεύσομαι
722 2907 788 2971 υἱὸν
803 2905 929 2989 ἄγουσα.

170 3012 291 3089 τὸνμὲν
306 3011 382 3090 έπήν
397 3011 432 3089 δή
450 3018 568 3091 πρῶτον
582 3012 647 3097 ίδῃς
663 3010 757 3076 θάλος
772 3011 970 3090 ὀφθαλμοῖσι,

169 3111 313 3194 γηθήσεις
329 3115 432 3193 ὁρόων·
453 3116 537 3191 μάλα
551 3116 609 3197 γάρ
625 3115 793 3178 θεοείκελος
809 3114 904 3176 ἔσται·

169 3215 250 3294 ἀξεις
266 3217 291 3280 δ’
306 3217 410 3281 αὐτίκα
425 3243 476 3297 μιν
491 3214 561 3281 ποτὶ
574 3215 671 3282 Ἴλιον
690 3217 890 3295 ἠνεμόεσσαν.
1069 3235 1116 3281 280

169 3317 205 3398 ἢν
220 3319 254 3382 δέ
272 3345 316 3386 τις
332 3321 446 3402 εἴρηταί
461 3346 497 3385 σε
513 3325 706 3400 καταθνητῶν
722 3320 898 3401 ἀνθρώπων,

167 3424 187 3501 ἥ
202 3449 246 3490 τις
264 3422 314 3486 σοὶ
329 3426 423 3504 φίλον
438 3424 504 3488 υἱὸν
518 3424 578 3487 ὑπὸ
594 3424 670 3509 ζάυῃ
686 3424 755 3487 θέτο
771 3422 877 3505 μήτηρ,

167 3529 208 3610 τῷ
224 3529 257 3590 δὲ
273 3527 311 3588 σὺ
326 3533 486 3607 μυθεῖσθαι
501 3527 695 3608 μεμνημένος,
711 3529 751 3593 ὥς
767 3553 804 3592 σε
820 3527 942 3592 κελεύω·

201 3709 248 3759 254
265 3695 382 3745 ὁνάτατον
401 3700 493 3758 codd.;
513 3698 609 3748 emend.
629 3699 729 3748 Martin.
821 3699 867 3748 280
883 3716 920 3748 νιν
939 3700 1030 3756 codd.;
1051 3714 1113 3748 ςοιτ.

166 3775 301 3826 Hermann.
