2792 4232
480 353 528 417 16.
554 358 722 416 ΙΛΙΑΔΟΣ
746 357 785 418 Π.
1041 365 1105 435 315

168 527 200 590 έν
217 524 324 604 νηυσὶν
341 522 441 588 κέαται
458 523 649 604 βεβλημένοι
665 523 822 603 αιἰτόμενοί
835 549 877 589 τε.

167 627 321 708 βέβληται
335 629 389 707 μὲν
404 629 421 690 ὀ
434 628 578 707 Τυδείδης
593 627 732 708 κρατερὸς
748 625 910 707 Διομήδης,

167 733 309 794 οὔτασται
325 729 350 794 δ’
366 727 511 795 Ὀδυσεὺς
526 729 716 811 δουρικλυτὸς
730 729 775 808 ἠδ’
793 726 997 811 Ἀγαμέμνων,

167 834 320 914 βέβληται
336 835 368 897 δὲ
385 833 433 896 καὶ
450 832 622 912 Εὐρύπυλος
638 835 714 895 κατὰ
727 831 822 913 μηρὸν
838 833 940 914 ὀϊστῷ.

168 937 233 1003 τοὺς
247 933 344 1016 μέντ’
361 935 455 1015 ἰητροὶ
472 933 702 1017 πολυφάρμακοι
717 933 949 1015 ἀμφιπένονται,

169 1041 245 1104 ἕλκε’
260 1039 439 1118 ἀκειόμενοι·
464 1036 502 1099 σδ
517 1037 545 1098 δ’
562 1037 716 1120 ἀμήχανος
731 1039 833 1110 ἔπλεν,
851 1034 1007 1119 Ἀχιλλεῦ.

169 1145 273 1220 μὴέμέ
286 1140 315 1223 γ’
332 1141 384 1206 οὖν
398 1141 483 1206 οὗτός
497 1167 533 1222 γε
550 1139 645 1220 λάβοι
660 1141 763 1222 χόλος,
777 1139 812 1205 δν
828 1139 866 1202 σὺ
881 1137 1063 1220 φυλάσσεις,
1077 1162 1109 1210 3ο

170 1239 315 1320 αἰναρέτη·
338 1241 369 1303 τί
384 1265 438 1304 σευ
454 1241 551 1308 ἄλλος
566 1239 709 1320 ὀνήσεται
724 1242 872 1324 ὀψίγονός
887 1265 952 1321 περ,

170 1345 202 1404 αί
216 1369 248 1405 κε
261 1342 301 1422 μὴ
317 1340 504 1422 Ἀργείοισιν
519 1339 620 1403 ἀεικέα
635 1341 743 1422 λοιγὸν
758 1342 869 1428 ἀμύνῃς
877 1367 890 1416 ,·

170 1444 280 1522 νηλεές,
298 1444 350 1506 οὐκ
366 1443 423 1524 ἀρα
438 1444 538 1525 σοίγε
554 1443 650 1525 πατὴρ
665 1443 702 1522 ήν
718 1445 831 1507 ἱππότα
846 1445 976 1525 Πηλεύς,

170 1548 235 1610 οὐδὲ
251 1547 343 1612 Θέτις
357 1545 464 1627 μήτηρ·
485 1546 600 1627 γλαυκὴ
617 1545 650 1610 δέ
666 1573 704 1610 σε
718 1547 798 1611 τίκτε
814 1546 958 1611 θάλασσα

170 1650 273 1731 πέτραι
287 1650 312 1711 τ’
329 1649 482 1728 ἠλίβατοι,
499 1649 545 1711 ὅτι
559 1674 606 1712 τοι
622 1650 690 1714 νόος
706 1650 790 1714 ἐστὶν
806 1650 930 1728 ἀπηνής.
988 1695 992 1706 ·
1078 1676 1109 1726 35

171 1755 196 1816 εἰ
211 1752 243 1815 δέ
258 1779 324 1816 τινα
340 1752 432 1833 φρεσὶ
448 1754 523 1837 σῇσι
539 1752 722 1832 θεοπροπίην
736 1751 883 1818 ἀλεείνεις

171 1857 219 1918 καί
233 1855 299 1920 τινά
313 1881 361 1919 τοι
376 1858 436 1936 πδρ
452 1854 547 1932 Ζηνὸς
563 1853 714 1935 ἐπέφραδε
729 1855 837 1918 πότνια
852 1854 956 1935 μήτηρ,

170 1959 237 2021 ἀλλ’
254 1957 307 2036 ἐμέ
322 1983 377 2038 περ
393 1958 483 2038 πρόες
498 1954 561 2038 ὦχ’,
580 1957 640 2036 ἅμα
656 1958 681 2020 δ’
697 1959 795 2021 ἄλλον
810 1958 886 2020 λαὸν
902 1961 1043 2022 ὄπασσον

171 2062 374 2143 Μυρμιδόνων,
391 2059 427 2138 ήν
442 2060 500 2123 ποό
515 2083 543 2122 τι
558 2061 641 2140 φόως
658 2065 808 2124 Δαναοῖσι
821 2059 965 2140 γένωμαι.

171 2165 219 2230 δὸς
233 2165 267 2228 δέ
280 2191 331 2243 μοι
348 2165 452 2243 ὤμοιιν
466 2165 503 2224 τδ
519 2165 561 2225 αδ
575 2162 684 2245 τεύχεα
700 2167 899 2246 θωρηχθῆναι,
940 2165 944 2174 ’
1076 2189 1111 2240 4ο

172 2272 203 2331 αἴ
217 2268 240 2330 κ’
256 2269 308 2347 ἐμὲ
325 2268 375 2328 σοὶ
390 2269 525 2331 ίσκαντες
540 2266 736 2347 ἀπόσχωνται
752 2265 899 2343 πολέμοιο

171 2375 275 2452 Τρῶες,
293 2369 503 2434 ἀναπνεύσωσι
521 2366 548 2431 δ’
562 2368 680 2450 Ἀρήϊοι
694 2371 756 2434 υίες
772 2368 904 2452 Ἀχαιῶν

172 2475 343 2556 τειρόμενοι·
374 2472 462 2555 ὀλίγη
477 2471 512 2535 δέ
525 2469 552 2534 τ’
568 2470 748 2538 ἀνάπνευσις
764 2471 919 2552 πολέμοιο.
935 2463 937 2466 ’

171 2579 233 2658 ῥεῖα
248 2575 282 2640 δέ
297 2573 323 2639 κ’
338 2577 465 2655 ἀκμῆτες
481 2574 646 2655 κεκμηότας
660 2575 770 2656 ἀνδρας
783 2576 857 2663 ἀϋτῇ

172 2681 301 2760 ὤσαιμεν
316 2679 403 2761 προτί
416 2679 495 2756 ἀστυ
511 2683 586 2740 νεῶν
600 2675 661 2740 όπο
677 2678 726 2741 καί
742 2673 920 2742 κλισιάων.”
1078 2707 1110 2757 45

205 2782 266 2848 Ὣς
282 2781 362 2864 φάτο
375 2782 560 2860 λισσόμενος
575 2780 653 2862 μέγα
668 2778 783 2858 νήπιος·
807 2779 899 2863 ήγὰρ
916 2781 1046 2860 ἔμελλεν

173 2886 200 2948 ot
214 2887 289 2971 αὐτῷ
307 2885 436 2950 θάνατόν
450 2909 483 2948 τε
499 2883 590 2948 κακὸν
605 2883 654 2946 καὶ
670 2887 745 2963 κῆρα
759 2883 908 2949 λιτέσθαι.

171 2989 221 3052 τὸν
235 2992 267 3052 δὲ
281 2986 347 3068 μέγ’
363 2985 500 3070 ὀχθήσας
514 2984 654 3068 προσέφη
671 2987 765 3052 πόδας
784 2985 859 3052 ὠκὺς
873 2986 1046 3067 Ἀχιλλεύς·

173 3093 220 3154 “ὥ
235 3118 296 3171 μοι,
314 3092 446 3172 διογενὲς
466 3090 663 3172 Πατρόκλεες,
680 3091 744 3154 οἶον
761 3090 867 3154 ἔειπες·

172 3196 235 3260 οὔτε
251 3195 434 3276 θεοπροπίης
449 3192 625 3272 ἐμπάζομαι,
641 3192 680 3269 ἥν
695 3216 763 3256 τινα
778 3192 854 3266 οἶδα,
1079 3221 1111 3269 50

171 3299 234 3361 οὔτε
253 3299 282 3360 τί
294 3322 346 3376 μοι
362 3299 421 3377 πὰρ
438 3295 534 3373 Ζηνὸς
550 3293 701 3374 έπέφραδε
716 3295 825 3357 πότνια
839 3293 944 3376 μήτηρ·

170 3401 247 3464 ἀλλά
263 3400 324 3463 τόδ’
341 3398 426 3463 αἰνὸν
441 3399 517 3481 ἀχος
534 3397 655 3478 κραδίην
670 3398 719 3460 καὶ
736 3396 829 3476 θυμὸν
844 3398 948 3472 ἱκάνει,

170 3506 281 3568 ὁππότε
297 3503 334 3582 δὴ
350 3502 402 3566 τὸν
417 3503 521 3581 ὀμοίον
537 3500 610 3580 ἀνήρ
627 3501 770 3586 ἐθέλῃσιν
786 3500 914 3581 ἀμέρσαι

170 3609 215 3670 καὶ
230 3607 321 3688 γέρας
336 3603 384 3686 ἀφ’
400 3603 580 3683 ἀφελέσθαι,
594 3604 660 3667 ὅτε
675 3602 776 3684 κράτεϊ
790 3602 981 3689 προβεβήκῃ·

170 3710 250 3774 αἰνὸν
266 3711 343 3793 όχος
358 3707 394 3770 τό
407 3707 460 3785 μοί
476 3708 568 3781 ἐστιν,
587 3707 652 3769 ἐπεὶ
669 3706 767 3769 πάθον
782 3706 879 3787 ἄλγεα
897 3710 990 3791 θυμῷ.
1080 3732 1111 3783 55
