2738 4226
266 361 326 426 228
588 380 636 426 11.
660 365 829 426 ΙΛΙΑΔΟΣ
853 365 889 426 λ.

263 534 310 614 ἂψ
327 533 385 598 ἀπὸ
403 533 605 615 Βουπρασίοιο
621 533 751 598 Πύλονδ’
769 535 842 617 έχον
856 532 949 599 ὦκέας
965 535 1084 607 ἵππους,
1157 549 1207 611 760

262 635 372 702 πάντες
388 636 413 700 δ’
431 637 615 720 εὐχετόωντο
631 643 708 700 θεῶν
724 638 777 701 Διὶ
792 636 926 719 Νέστορί
939 633 965 698 τ’
981 639 1105 718 ἀνδρῶν.

263 743 302 805 ὣς
317 741 377 813 έον,
394 743 423 805 εί
436 741 501 805 ποτ’
520 741 571 806 ἔον
584 769 629 825 γε,
646 741 709 821 μετ’
727 739 882 822 ἀνδράσιν.
921 742 1011 821 αύτδιρ
1028 740 1192 825 Ἀχιλλεὺς

263 845 325 909 οἶος
340 849 392 923 τῆς
408 846 514 925 ἀρετῆς
530 843 727 923 ἆπυνῆσεται·
752 843 819 924 ῆπέ
833 871 885 924 μιν
901 847 953 908 οἴω

262 949 365 1008 πολλὰ
379 933 651 1024 μετακλαύσεσθαι,
669 947 738 1010 ἐπεί
752 942 776 1009 κ’
793 947 852 1009 ἆπδ
868 947 942 1012 λαὸς
958 949 1074 1025 ὄληται.

263 1047 285 1110 ὦ
302 1049 408 1123 πέπον,
426 1050 445 1129 ἥ
459 1052 515 1129 μὲν
530 1051 632 1131 σοίγε
647 1053 809 1116 Μενοίτιος
824 1049 873 1113 ὧδ’
890 1049 1054 1116 ἐπέτελλεν
1159 1065 1206 1126 565

263 1151 351 1228 ῆματι
368 1154 408 1237 τῷ
427 1155 477 1217 ὅτε
493 1151 524 1215 σ’
541 1155 573 1216 ἐκ
589 1155 684 1232 Φθίης
699 1152 901 1234 Ἀγαμέμνονι
917 1151 1024 1232 πέμπε.

264 1261 317 1318 νῶῐ
332 1258 364 1318 δὲ
380 1256 466 1319 ἔνδον
482 1256 591 1328 ἐόντες,
609 1257 667 1338 ἐγὼ
684 1257 733 1319 καὶ
748 1260 811 1320 δῖος
826 1255 1002 1328 Ὀδυσσεύς,

263 1356 361 1420 πάντα
374 1357 446 1437 μόλ’
463 1361 496 1424 ἐν
510 1358 652 1441 μεγάροις
666 1358 813 1438 ἠκούομεν
828 1358 867 1423 ὧς
883 1357 1039 1425 ἐπέτελλε.

264 1465 389 1552 Πηλῆος
404 1461 429 1524 δ’
447 1462 593 1542 ἱκόμεσθα
608 1462 716 1541 δόμους
733 1462 766 1525 εὖ
780 1461 972 1527 ναιετάοντας

264 1565 340 1630 λαὸν
355 1567 525 1647 ἀγείροντες
540 1565 602 1628 κατ’
620 1564 760 1647 Ἀχαιίδα
775 1566 1025 1646 πουλυβότειραν.
1158 1591 1209 1647 770

266 1667 337 1730 ἔνθα
351 1666 379 1731 δ’
395 1666 492 1746 ἔπειθ’γ
506 1668 589 1750 ἥρωα
604 1669 768 1731 Μενοίτιον
784 1669 907 1750 εύρομεν
922 1669 1010 1732 ἔνδον

264 1771 316 1848 ἠδὲ
332 1769 378 1843 σέ,
395 1773 454 1852 πδιρ
471 1767 496 1833 δ’
512 1769 656 1853 Ἀχιλῆα·
679 1768 777 1853 γέρων
792 1767 817 1834 δ’
835 1769 990 1849 ἱππηλάτα
1006 1772 1127 1850 Πηλεὺς

265 1875 354 1936 πίονα
368 1872 457 1953 μηρί’Ι
470 1872 550 1936 έκαιε
565 1872 640 1952 βοὸς
657 1873 708 1937 Διὶ
724 1876 940 1961 τερπικεραύνῳ

266 1976 358 2052 αὐλῆς
374 1979 406 2040 έν
420 1979 530 2060 χόρτῳ·
554 1976 607 2058 ἔχε
622 1979 655 2040 δὲ
669 1976 813 2058 χρύσειον
828 1978 965 2056 ἄλεισον,

267 2079 404 2144 σπένδων
418 2082 530 2144 αἴθοπα
545 2079 627 2144 οἶνον
643 2079 688 2143 ἐπ’
705 2079 875 2161 αἰθομένοις
890 2084 1009 2163 ἱεροῖσι.
1160 2107 1207 2160 775

267 2189 349 2264 σφῶϊ
364 2184 419 2263 μὲν
435 2183 512 2263 ἀμφὶ
527 2182 603 2261 βοὸς
620 2183 727 2248 ἕπετον
743 2183 823 2264 κρέα,
840 2191 893 2250 νῶϊ
908 2186 933 2250 δ’
950 2187 1054 2249 ἔπειτα

267 2289 379 2363 στῆμεν
395 2285 438 2349 ἐνὶ
453 2284 638 2365 προθύροισι·
661 2285 766 2364 ταφὼν
781 2281 806 2348 δ’
823 2285 987 2364 ἀνόρουσεν
1002 2284 1177 2367 Ἀχιλλεύς,

267 2389 297 2452 ἐς
313 2385 337 2450 δ’
355 2387 410 2467 ἄγε
424 2386 526 2468 χειρὸς
541 2385 628 2462 ἑλόν,
647 2385 721 2449 κατὰ
736 2386 760 2450 δ’
777 2386 953 2467 ἑδριάασθαι
969 2388 1075 2469 ἄνωγε,

267 2487 363 2566 ξείνιά
377 2487 404 2551 τ’
421 2489 454 2552 εὖ
469 2488 645 2570 παρέθηκεν,
661 2488 680 2552 ά
695 2514 728 2553 τε
744 2487 852 2569 ξείνοις
868 2490 952 2569 θέμις
968 2492 1061 2555 ἐστίν.

267 2594 358 2673 αὐτὰρ
374 2594 440 2657 ἐπεὶ
456 2591 608 2674 τάρπημεν
623 2593 745 2672 ἐδητύος
759 2593 811 2672 ῆδὲ
827 2598 963 2673 ποτῆτος,
1159 2611 1210 2675 ηὸο

267 2696 360 2780 ἦρχον
376 2697 433 2778 ἐγὼ
449 2697 564 2777 μύθοιο,
584 2696 714 2762 κελεύων
728 2695 797 2777 ὔμμ’
814 2697 862 2778 ἅμ’
879 2698 1015 2762 ἔπεσθαι·

268 2802 337 2882 σφὼ
354 2802 386 2863 δὲ
400 2799 471 2880 μάλ’
488 2798 641 2879 ἠθέλετον,
660 2801 700 2862 τὸ
718 2798 742 2862 δ’
759 2799 851 2880 ἄμφω
867 2801 958 2864 πόλλ’
976 2800 1151 2866 ἐπέτελλον.

268 2901 388 2979 Πηλεὺς
402 2904 458 2984 μὲν
474 2900 497 2987 ᾧ
514 2903 597 2967 παιδὶ
610 2901 708 2985 γέρων
722 2900 862 2965 ἐπέτελλ’
877 2903 1003 2987 Ἀχιλῆϊ

267 3008 332 3067 αίὲν
348 3007 516 3087 ἀριστεύειν
532 3007 581 3069 καὶ
596 3006 757 3087 ὑπείροχον
774 3004 898 3085 ἔμμεναι
913 3007 1026 3070 ἄλλων·

269 3109 318 3170 σοὶ
334 3105 360 3172 δ’
376 3107 441 3172 αὖθ’
459 3108 509 3173 ὧδ’
525 3107 671 3173 ἐπέτελλε
687 3110 856 3188 Μενοίτιος,
870 3109 1015 3191 Ἀκτορος
1030 3114 1103 3178 υἱός·
1159 3127 1209 3190 785

269 3209 391 3276 ’τέκνον
406 3212 487 3292 ἐμόν,
503 3214 592 3299 γενεῇ
606 3214 662 3292 μὲν
676 3209 837 3294 ὑπέρτερός
854 3217 939 3278 ἐστιν
955 3214 1126 3296 Ἀχιλλεύς,

269 3313 473 3394 πρεσβύτερος
488 3316 521 3378 δὲ
536 3315 575 3376 σύ
590 3315 672 3376 ἐσσι·
695 3314 751 3400 βίῃ
771 3315 798 3378 δ’
815 3316 832 3379 ό
846 3342 883 3398 γε
898 3315 1017 3379 πολλὸν
1032 3316 1171 3395 ἀμείνων.

269 3415 340 3480 ἀλλ’
356 3416 388 3480 εὗ
404 3419 433 3480 οἱ
449 3415 567 3498 φάσθαι
583 3417 709 3482 πυκινὸν
725 3418 797 3485 έπος
809 3419 853 3497 ἠδ’
869 3418 1035 3482 ὑποθέσθαι

270 3519 320 3581 καί
333 3520 362 3581 οἱ
378 3518 545 3596 σημαίνειν·
569 3520 634 3582 όδέ
648 3521 786 3584 πείσεται
803 3523 845 3585 είς
861 3521 975 3603 ἀγαθόν
990 3520 1065 3602 περ’

271 3624 308 3686 δς
324 3620 460 3685 ἐπέτελλ’
478 3623 495 3684 ὁ
510 3621 614 3704 γέρων,
628 3623 667 3686 σδ
682 3625 714 3686 δὲ
725 3622 843 3702 λήθεαι·
859 3623 931 3686 ἀλλ’
944 3624 988 3688 έτι
1002 3625 1050 3688 καὶ
1062 3629 1115 3690 νΰν
1161 3647 1210 3704 790

270 3722 347 3786 τοῦτ’
365 3726 460 3788 εἴποις
474 3723 600 3806 Ἀχιλῆϊ
615 3724 763 3807 δαΐφρονι,
779 3727 813 3789 αἴ
826 3751 859 3790 κε
874 3727 1005 3808 πίθηται.
