2788 4230
479 339 529 387 21.
552 323 786 385 ΟΔΎΣΣΕΙΑΣ
813 325 851 384 Φ.
1072 321 1133 405 857

188 499 205 528 “
215 492 354 570 Ἀντίνο’,
368 494 401 558 ού
416 496 471 573 μὲν
487 499 581 558 καλὸν
597 494 741 574 ἀτέμβειν
760 489 828 557 ούδέ
844 493 961 558 δίκαιον

189 595 305 676 ξείνους
320 596 511 682 Τηλεμάχου,
528 599 562 663 ὅς
578 623 630 662 κεν
645 596 716 662 τάδε
731 594 842 675 δώμαθ’
857 598 965 674 ἵκηται.

189 700 304 777 ἔλπεαι,
320 703 354 764 αί
365 699 395 785 χ’
410 703 428 763 ὃ
444 699 542 780 ξεῖνος
557 699 731 777 Ὀδυσσῆος
745 699 824 780 μέγα
839 697 928 778 τόξον

185 805 335 889 ἐντανύσῃ
349 806 458 888 χερσίν
473 830 506 870 τε
521 805 616 885 βίηφί
630 829 665 868 τε
679 803 736 885 ήφι
751 801 893 883 πιθήσας,
1083 831 1130 880 315

187 907 289 972 οἴκαδέ
302 908 333 989 μ’
348 907 474 987 ἄξεσθαι
490 905 538 972 καὶ
555 907 608 987 ἑὴν
622 905 773 985 θήσεσθαι
789 907 927 980 ἀκοιτιν,·

187 1008 248 1074 οὐδ’
263 1011 350 1078 αύτός
365 1037 424 1076 που
439 1013 529 1076 τοῦτό
543 1008 572 1093 γ’
591 1011 636 1076 ἐνὶ
650 1009 818 1089 στήθεσσιν
833 1011 937 1074 ἔολπε·

185 1115 261 1194 μηδέ
274 1140 319 1181 τις
334 1117 444 1195 ὑμείων
458 1121 512 1179 τοῶ
526 1114 555 1195 γ’
571 1116 669 1178 εἵνεκα
685 1118 779 1193 θνμδν
793 1115 912 1197 ἀχεύων

186 1218 292 1284 ἐνθάδε
308 1219 467 1296 δαινύσθω,
484 1215 550 1283 ἐπεὶ
565 1217 634 1282 ούδέ
648 1220 704 1298 μὲν
719 1217 786 1281 οὐδὲ
801 1216 911 1282 ἔοικε.”

228 1323 294 1402 Τήν
309 1323 334 1386 δ’
351 1320 413 1386 αὖτ’
428 1321 615 1405 Εὐρύμαχος,
632 1320 781 1400 Πολύβου
796 1320 877 1400 πάϊς,
893 1322 994 1386 ἀντίον
1009 1321 1095 1400 ηύδο·

187 1432 203 1460 “
217 1426 305 1507 κούρη
319 1424 466 1507 Ἰκαρίοιο,
481 1427 629 1506 περίφρον
644 1425 848 1503 Πηνελόπεια,
1084 1451 1130 1502 3²¹

186 1529 220 1592 ού
235 1530 266 1593 τί
278 1555 316 1595 σε
329 1529 410 1594 τόνδ’
427 1527 554 1608 ἄξεσθαι
570 1527 695 1610 ὀϊόμεθ’·
719 1530 789 1592 οὐδὲ
804 1528 911 1593 ἔοικεν·

185 1634 256 1697 ἀλλ’
270 1634 484 1716 αίσχυνόμενοι
501 1632 593 1714 φάτιν
607 1633 723 1715 ἀνδρῶν
736 1631 790 1710 ήδέ
804 1637 962 1714 γυναικῶν,

183 1736 225 1818 μή
240 1737 315 1802 ποτέ
329 1764 375 1804 τις
391 1741 495 1825 εἴπῃσι
507 1740 673 1820 κακώτερος
689 1739 785 1804 ἀλλος
799 1735 942 1820 Ἀχαιῶν·

184 1840 221 1921 ’ἦ
236 1842 316 1905 πολὺ
329 1843 466 1926 χείρονες
480 1836 585 1926 ἀνδρες
601 1840 749 1922 ἀμύμονος
765 1841 872 1921 ἀνδρὸς
886 1841 1003 1907 ἄκοιτιν
1081 1867 1129 1919 3²5

183 1951 324 2025 μνῶνται,
339 1945 408 2009 ούδέ
421 1968 449 2008 τι
464 1943 555 2022 τόξον
570 1942 677 2023 ἐύξοον
690 1944 892 2008 ἐντανύουσιν·

184 2045 255 2110 ἀλλ’
269 2047 365 2114 ἀλλος
381 2073 426 2114 τις
441 2053 561 2130 πτωχὸς
576 2048 650 2130 ἀνὴρ
666 2046 858 2128 ἀλαλήμενος
873 2049 971 2112 ἐλθῶν

181 2152 304 2235 ῥηϊδίως
318 2151 467 2215 ἐτάνυσσε
481 2152 562 2232 βιόν,
578 2151 627 2215 διὰ
643 2150 669 2214 δ’
683 2144 737 2230 ήκε
752 2149 895 2233 σιδήρου.’

184 2256 223 2321 ῶς
238 2254 364 2336 ἐρέουσ’,
379 2255 452 2333 ἡμῖν
467 2255 492 2318 δ’
509 2254 547 2318 ἀν
561 2256 692 2338 ἐλέγχεα
706 2259 799 2318 ταῦτα
812 2253 961 2337 γένοιτο.”

224 2359 287 2422 Τὸν
302 2356 328 2422 δ’
342 2357 413 2422 αύτε
429 2357 591 2439 προσέειπε
606 2360 762 2439 περίφρων
776 2360 980 2436 Πηνελόπεια·
1079 2387 1128 2436 330

182 2468 204 2498 “
214 2459 372 2545 Εὐρύμαχ’,
389 2462 425 2524 ού
439 2487 503 2529 πως
519 2463 604 2527 ἔστιν
620 2464 756 2528 ἐϋκλεῖας
771 2465 846 2526 κατὰ
861 2467 955 2543 δῆμον

183 2566 308 2647 ἔμμεναι
323 2565 351 2629 οἳ
366 2566 402 2645 δή
419 2565 501 2629 οἶκον
517 2564 709 2645 ἀτιμάζοντες
725 2566 847 2630 ἔδουσιν

182 2669 288 2750 ἀνδρὸς
302 2670 452 2751 ἀριστῆος·
476 2670 507 2732 τί
521 2667 546 2731 δ’
561 2667 693 2752 ἐλέγχεα
707 2675 799 2732 ταῦτα
813 2671 959 2746 τίθεσθε,·

183 2772 268 2839 οὗτος
283 2774 317 2836 δέ
335 2771 433 2852 ξεῖνος
448 2771 530 2852 μάλα
544 2774 600 2853 μὲν
614 2771 709 2854 μέγας
722 2772 768 2851 ἠδ’
786 2773 926 2857 εὐπηγής,

180 2876 291 2957 πατρὸς
306 2872 332 2940 δ’
346 2873 383 2955 ἐξ
394 2877 510 2958 ἀγαθοῦ
524 2874 612 2958 γένος
628 2877 748 2959 εὔχεται
764 2877 887 2958 ἔμμεναι
902 2880 975 2945 υἱός.
1076 2905 1125 2957 335

180 2979 251 3042 ἀλλ’
265 2979 321 3063 όγε
336 2981 366 3042 οἱ
382 2981 450 3044 δότε
465 2980 555 3058 τόξον
573 2975 687 3059 ἐύξοον,
703 2981 783 3061 ὄφρα
797 2983 918 3061 ἴδομεν.

180 3085 238 3148 ῶδε
252 3081 311 3165 γὰρ
327 3081 445 3164 ἐξερέω,
460 3082 495 3146 τὸ
511 3085 544 3146 δὲ
561 3084 609 3147 καὶ
625 3081 843 3164 τετελεσμένον
861 3086 959 3150 ἔσται·

180 3187 208 3250 εἴ
221 3185 255 3250 κέ
268 3211 320 3267 μιν
336 3186 492 3273 ἐντανύσῃ,
507 3187 568 3272 δύῃ
584 3187 618 3253 δέ
632 3189 661 3251 οἱ
677 3187 764 3270 εὖχος
779 3185 952 3266 Ἀπόλλων,

179 3290 264 3354 ἕσσω
279 3315 331 3369 μιν
345 3289 478 3373 χλαῖνάν
491 3315 525 3354 τε
538 3289 652 3372 χιτῶνά
667 3316 709 3369 τε,
725 3294 832 3370 εἵματα
847 3292 934 3369 καλό,

179 3393 267 3457 δῶσιν
284 3391 309 3458 δ’
323 3392 395 3472 ὀξὺν
409 3394 531 3471 ἀκοντα,
546 3399 642 3459 κυνῶν
657 3395 791 3475 ἀλκτῆρα
807 3396 856 3458 καὶ
874 3396 998 3477 ἀνδρῶν,
1072 3427 1123 3477 340

179 3493 228 3560 καὶ
244 3494 333 3578 ξίφος
347 3496 494 3578 ἄμφηκες·
517 3497 605 3560 δύσω
621 3495 647 3561 δ’
661 3499 719 3562 ὑπὸ
733 3500 829 3562 ποσσὶ
844 3499 962 3580 πέδιλα,

178 3598 291 3681 πέμψω
306 3597 332 3663 δ’
347 3599 429 3686 όππῃ
443 3628 496 3682 μιν
513 3601 616 3683 κραδίη
632 3602 725 3680 θυμός
740 3625 773 3666 τε
788 3601 932 3668 κελεύει.”

220 3703 286 3783 Τὴν
301 3701 328 3767 δ’
342 3703 379 3767 αὖ
394 3705 575 3790 Τηλέμαχος
591 3704 776 3786 πεπνυμένος
791 3707 893 3772 ἀντίον
906 3707 991 3787 ηύδα·
