2792 4232
481 328 530 394 17.
556 315 725 375 ΙΛΙΑΔΟΣ
750 317 780 378 Ρ.
1040 327 1100 393 351

153 492 214 550 τῶν
228 486 334 551 ἀλλων
350 491 479 552 Δαναῶν
493 489 556 567 μετ’
575 486 710 566 ἀμύμονα
726 482 899 565 Πηλείωνα.
1057 499 1104 546 ο8ο

153 593 259 653 ἴθυσεν
275 591 308 653 δέ
322 589 373 653 διὰ
389 588 553 672 προμάχων
570 589 621 656 συὶ
637 592 754 656 εἴκελος
769 589 867 668 ἀλκήν

156 694 278 777 καπρίῳ,
296 694 328 758 ός
345 693 370 755 τ’
388 694 421 757 ἐν
437 694 545 777 ὄρεσσι
562 693 650 760 κύνας
666 693 810 775 θαλερούς
825 692 849 754 τ’
867 691 987 772 αίζηοῦς

153 797 273 878 ῥηϊδίως
290 794 464 874 ἐκέδασσεν,
481 793 659 876 ἑλιξάμενος
674 797 724 862 διὰ
741 794 875 876 βήσσας·

157 901 195 966 ὣς
212 899 276 966 υἱὸς
290 905 473 978 Τελαμῶνος
489 901 612 983 ἀγαυοῦ,
629 903 773 982 φαίδιμος
787 903 872 973 Aras,

155 1005 221 1084 ῥεῖα
235 1001 450 1083 μετεισάμενος
464 1005 579 1085 Τρώων
593 1004 741 1070 ἐκέδασσε
757 1003 929 1086 φάλαγγας,
1058 1018 1104 1077 285

158 1107 185 1170 οἳ
201 1104 268 1188 περὶ
283 1109 451 1193 Πατρόκλῳ
466 1107 622 1190 βέβασαν,
639 1110 769 1190 φρόνεον
785 1111 817 1173 δέ
831 1107 967 1188 μάλιστα

158 1211 233 1274 ἄστυ
249 1212 318 1276 πότι
334 1211 485 1293 σφέτερον
501 1212 597 1293 ἐρύειν
614 1214 662 1278 καὶ
679 1218 764 1278 κῦδος
781 1211 917 1294 ἀρέσθαι.

196 1312 241 1377 Ἦ
259 1340 306 1378 τοι
321 1315 374 1378 τὸν
388 1315 502 1395 Λήθοιο
520 1321 686 1399 Πελασγοῦ
702 1317 843 1397 φαίδιμος
858 1316 932 1388 υἱός,

158 1416 327 1494 Ἱππόθοος,
344 1419 436 1486 ποδὸς
452 1419 522 1484 έλκε
542 1419 616 1486 κατὰ
633 1420 777 1502 κρατερὴν
791 1420 928 1499 ὑσμίνην,

160 1521 326 1601 δησάμενος
344 1528 495 1603 τελαμῶνι
511 1523 592 1606 παρά
609 1529 727 1605 σφυρὸν
743 1524 822 1604 ἀμφὶ
840 1521 990 1598 τένοντας,
1059 1547 1106 1594 290

155 1622 277 1707 Ἕκτορι
293 1626 342 1689 καὶ
356 1627 498 1705 Τρώεσσι
513 1628 720 1709 χαριζόμενος·
750 1625 830 1710 τάχα
848 1625 872 1690 δ’
889 1626 967 1710 αύτῷ

160 1726 234 1806 ἦλθε
249 1730 351 1805 κακόν,
367 1729 403 1793 τό
417 1733 446 1794 οἱ
462 1730 497 1794 οῦ
512 1757 558 1797 τις
573 1731 716 1811 ἐρύκακεν
732 1730 857 1811 ἶεμένων
872 1755 938 1812 περ.

160 1832 210 1896 τὸν
225 1831 250 1896 δ’
266 1835 331 1900 υίὸς
345 1838 528 1913 Τελαμῶνος
544 1833 669 1912 ἐπαΐξας
685 1833 722 1898 δι’
740 1836 848 1915 ὁμίλου

161 1934 249 2014 πλῆξ’
265 1936 466 2018 αὐτοσχεδίην
481 1936 586 2016 κυνέης
601 1937 650 2002 διά
665 1935 890 2022 χαλκοπαρῄου·

161 2036 241 2118 ἤρικε
257 2037 284 2102 δ’
301 2039 485 2106 ἱπποδάσεια
500 2041 587 2122 κόρυς
602 2041 671 2121 περὶ
683 2040 787 2121 δουρὸς
804 2041 913 2126 ἀκωκῇ,
1061 2065 1107 2114 295

162 2143 301 2224 πληγεῖσ’
321 2142 408 2226 έγχεί
422 2169 455 2209 τε
469 2143 594 2229 μεγάλῳ
611 2145 659 2209 καὶ
675 2145 754 2226 χειρὶ
770 2144 893 2229 παχείῃ,

162 2246 331 2328 ἐγκέφαλος
347 2249 379 2311 δὲ
395 2245 464 2328 παρ’
481 2247 575 2314 αῦλδν
591 2247 756 2329 ἀνέδραμεν
772 2245 808 2325 ἐξ
821 2246 946 2322 ὠτειλῆς

162 2352 323 2429 αἱματόεις·
355 2350 448 2415 τοῦδ’
466 2352 533 2416 αῦθι
548 2351 625 2430 λύθη
641 2350 739 2432 μένος,
759 2353 792 2416 ἐκ
808 2350 833 2414 δ’
850 2350 908 2432 ἀρα
921 2355 1033 2432 χειρῶν

163 2456 353 2535 Πατρόκλοιο
368 2456 445 2518 πόδα
461 2453 668 2537 μεγαλήτορος
683 2454 737 2534 ῆκε
751 2454 867 2537 χομάζε

163 2560 289 2620 κεῖσθαι·
322 2557 338 2620 ά
353 2555 380 2621 δ’
395 2558 464 2641 ἄγχ’
482 2558 583 2622 αὐτοῖο
599 2558 675 2622 πέσε
691 2558 805 2640 πρηνὴς
820 2559 870 2622 ἐπὶ
886 2559 990 2639 νεκρῷ,
1061 2583 1109 2628 300

163 2660 227 2737 τῆλ’
245 2660 305 2724 ἀπὸ
321 2662 456 2742 Λαρίσης
468 2662 667 2743 ἐριβώλακος,
683 2661 750 2725 οῦδέ
766 2667 887 2726 τοκεῦσι

164 2763 292 2844 θρέπτρα
311 2765 415 2844 φίλοις
430 2763 575 2837 ἀπέδωκε,
590 2764 780 2843 μινυνθάδιος
795 2763 828 2830 δέ
844 2766 873 2828 οἱ
889 2764 963 2828 αίάιν

165 2868 266 2932 ἔπλεθ’
283 2865 333 2932 ὑπ’
350 2871 478 2935 Αἴαντος
492 2873 664 2952 μεγαθύμου
679 2870 761 2949 δουρὶ
777 2866 907 2947 δαμέντι.

161 2969 276 3053 Ἕκτωρ
293 2970 319 3036 δ’
337 2971 401 3036 αῦτ’
416 2976 545 3039 Αίαντος
562 2973 703 3038 ἀκόντισε
719 2973 801 3052 δουρὶ
817 2973 941 3054 φαεινῷ·

166 3076 232 3138 ἀλλ’
249 3079 265 3139 ὁ
279 3077 336 3156 μέν
351 3077 426 3140 ἀντα
441 3077 512 3141 ίδέον
527 3076 656 3155 ἠλεύατο
670 3075 805 3157 χάλκεον
820 3074 910 3156 ἔγχος
1063 3099 1109 3149 305

165 3182 279 3246 τυτθόν·
310 3183 326 3244 ὁ
342 3183 375 3244 δέ
390 3183 529 3264 Σχεδίον,
543 3181 715 3263 μεγαθύμου
730 3179 848 3260 Ἰφίτου
862 3181 937 3254 υἱόν,

166 3283 298 3364 Φωκήων
314 3285 360 3367 ὄχ’
377 3285 511 3366 άριστον,
528 3284 562 3351 ῦς
577 3287 609 3348 ἐν
625 3285 732 3368 κλειτή
750 3285 890 3360 Πανοπῆϊ

166 3390 244 3452 οίκία
258 3389 440 3454 ναιετάασκε
456 3389 586 3454 πολέσσ’
603 3389 767 3469 ἄνδρεσσιν
783 3385 936 3459 ἀνάσσων,

166 3492 215 3556 τὸν
230 3492 303 3572 βάλ’
321 3495 379 3556 ῦπῦ
396 3487 505 3571 κληῗδα
519 3491 625 3574 μέσην·
655 3494 706 3556 διά
721 3490 745 3556 δ’
762 3491 890 3572 ἀμπερὲς
906 3491 979 3572 άκρη

167 3597 257 3679 αἰχμὴ
273 3598 402 3680 χαλκείη
418 3599 498 3678 παρά
513 3598 631 3662 νείατον
646 3593 727 3674 ἀμαν
742 3593 865 3677 ἀνέσχε·
1063 3621 1111 3667 310

166 3702 316 3780 δούπησεν
332 3703 364 3764 δέ
381 3701 492 3774 πεσών,
513 3700 651 3782 ἀράβησε
667 3701 698 3764 δέ
714 3698 810 3781 τεύχε’
827 3699 872 3763 ἐπ’
890 3699 977 3783 αύτῷ.
