2874 4234
291 336 354 401 608
588 339 616 400 ό.
640 339 873 401 ΟΔΎΣΣΕΙΑΣ
902 338 936 396 Ζ.

289 508 308 587 ή
323 511 369 574 τίς
385 511 414 571 οῖ
431 505 576 595 εὐξαμένη
590 506 777 586 πολυάρητος
793 511 860 572 θεὸς
876 505 969 585 ήλθεν

290 611 450 691 οὐρανόθεν
465 609 609 691 καταβάς,
624 610 685 690 ἐξει
701 611 734 675 δέ
749 635 800 690 μιν
818 609 915 688 ήιιατα
931 608 1036 672 πάντα.

289 716 448 797 βέλτερον,
467 717 493 779 εί
509 713 601 793 καύτή
616 740 672 795 περ
688 714 870 797 ἐποιχομένη
885 713 978 776 πόσιν
994 713 1079 793 εὗρεν

289 817 431 884 ἄλλοθεν·
462 819 481 898 ἡ
496 822 552 899 γδρ
568 819 676 882 τοόσδε
692 815 720 900 γ’
736 818 870 895 ἀτιμάζει
887 816 961 880 κατὰ
976 821 1071 895 δῆμον

290 924 435 1002 Φαίηκας,
450 924 499 986 τοί
510 948 562 1004 μιν
576 929 708 1002 μνῶνται
724 921 832 988 πολέες
847 948 880 986 τε
900 921 948 986 καὶ
964 917 1099 987 ἐσθλοί.”

290 1028 329 1092 ὣς
346 1027 492 1107 ἐρέουσιν,
509 1023 574 1105 ἐμοὶ
590 1025 623 1088 δέ
639 1024 664 1091 κ’
680 1026 797 1090 ὀνείδεα
812 1031 904 1089 ταῦτα
919 1027 1045 1108 γένοιτο.

290 1131 338 1193 καὶ
354 1131 378 1193 δ’
395 1131 476 1217 ἄλλῃ
493 1136 619 1207 νεμεσῶ,
633 1129 654 1208 ή
669 1155 713 1194 τις
729 1127 851 1191 τοιαῦτά
866 1155 901 1210 γε
916 1130 1005 1210 ῥέζοι,

289 1234 309 1312 ή
324 1231 350 1296 τ’
365 1235 466 1311 ἀέκητι
482 1235 583 1313 φίλων
593 1239 704 1314 πατρὸς
722 1233 769 1295 καὶ
783 1238 893 1312 μητρὸς
911 1234 1022 1296 ἐόντων

290 1336 417 1416 ἀνδράσι
431 1338 577 1417 μίσγηται
594 1337 663 1416 πρίν
678 1335 706 1417 γ’
722 1335 873 1416 ἀμφάδιον
889 1335 987 1418 γάμον
1002 1337 1111 1399 ἐλθεῖν.

290 1438 379 1518 ξεῖνε,
398 1440 437 1502 σὺ
452 1438 477 1503 δ’
492 1437 543 1502 ὦκ’
558 1441 663 1519 ἐμέθεν
679 1438 771 1517 ξυνίει
787 1439 866 1514 έπος,
880 1440 961 1520 ὄφρα
975 1438 1106 1523 τάχιστα

290 1545 411 1619 πομπῆς
427 1541 476 1606 καὶ
492 1544 613 1606 νόστοιο
628 1545 720 1626 τήχῃς
735 1545 815 1624 παρὰ
828 1543 940 1623 πατρὸς
956 1545 1046 1622 ἐμοῖο.

290 1646 369 1723 δήεις
385 1647 501 1727 ἀγλαὸν
515 1647 612 1711 ἄλσος
626 1643 754 1724 Ἀθήνης
770 1645 842 1730 άγχι
860 1637 1015 1710 κελεόθου

290 1750 439 1832 αἰγείρων·
470 1751 502 1814 ἐν
518 1754 550 1814 δέ
567 1748 657 1828 κρήνη
674 1749 748 1824 νόει,
765 1751 843 1829 ἀμφὶ
858 1753 889 1815 δέ
904 1751 1026 1830 λειμόν.

290 1855 362 1917 ἔνθα
378 1856 411 1916 δὲ
425 1853 537 1935 πατρὸς
553 1855 624 1933 ἐμοῦ
639 1854 761 1932 τέμενος
776 1853 920 1919 τεθαλυῖά
934 1851 959 1916 τ’
978 1852 1070 1932 ἀλωή,

290 1959 405 2020 τόσσον
421 1958 481 2020 ἀπὸ
496 1959 618 2023 πτόλιος
634 1959 732 2021 ὅσσον
746 1982 779 2020 τε
793 1959 908 2040 γέγωνε
923 1957 1053 2037 βοήσας·

291 2062 363 2124 ἔνθα
383 2061 578 2139 καθεζόμενος
592 2067 691 2140 μεῖναι
706 2063 826 2144 χρόνον,
846 2064 888 2127 είς
906 2063 923 2124 ά
939 2087 989 2126 κεν
1003 2061 1089 2140 ἡμεῖς
1139 2055 1142 2065 ’

290 2167 402 2228 ἀστυδε
418 2165 553 2242 ἔλθωμεν
569 2163 617 2227 καὶ
634 2166 764 2242 ίκόμεθα
780 2167 901 2245 δόματα
916 2166 1036 2245 πατρός.

291 2269 382 2349 αὐτὰρ
399 2270 474 2346 ἐπὴν
488 2267 580 2348 ἡμέας
598 2269 675 2354 έλπη
692 2270 760 2331 ποτὶ
776 2267 885 2346 δώματ’
900 2269 1039 2351 ἀφῖχθαι,

292 2375 340 2436 καὶ
359 2373 426 2435 τότε
442 2369 583 2449 Φαιήκων
597 2371 663 2448 ἴμεν
680 2373 710 2437 ἐς
726 2374 817 2435 πόλιν
832 2370 877 2451 ἠδ’
893 2371 1032 2453 ἐρέεσθαι

291 2478 410 2556 δόματα
426 2481 535 2555 πατρὸς
552 2477 624 2554 ἐμοῦ
638 2473 842 2558 μεγαλήτορος
859 2473 1040 2540 Ἀλκινόοιο.

290 2583 356 2663 ῥεῖα
371 2577 396 2642 δ’
412 2578 550 2661 ἀρίγνωτ’
567 2580 633 2642 ἐστὶ
650 2578 699 2642 καὶ
714 2578 751 2642 ἀν
768 2580 840 2644 πάϊς
854 2578 1001 2661 ἡγήσαιτο

292 2684 408 2762 νήπιος·
442 2682 475 2746 οὐ
490 2685 545 2762 μέν
560 2681 617 2764 γάρ
633 2708 661 2747 τι
677 2683 794 2746 ἐοικότα
810 2688 891 2746 τοῖσι
906 2685 1042 2749 τέτυκται

292 2791 412 2866 δόματα
429 2785 577 2866 Φαιήκων,
593 2788 657 2852 οἶος
674 2788 764 2867 δόμος
779 2784 950 2852 Ἀλκινόοιο

291 2893 396 2972 ήρωος.
427 2888 497 2954 ἀλλ’
513 2889 596 2954 ὁπότ’
612 2897 649 2953 όν
664 2915 701 2954 σε
716 2893 800 2971 δόμοι
818 2892 964 2954 κεκύθωσι
980 2893 1028 2955 καὶ
1043 2889 1128 2969 αὐλή,

291 2993 352 3058 ὦκα
367 2994 451 3074 μάλα
465 2993 608 3077 μεγάροιο
625 2994 789 3074 διελθέμεν,
806 2993 874 3077 ὄφρ’
889 2995 927 3060 ἀν
941 2999 1022 3073 ίκηαι

290 3096 390 3178 μητέρ’
406 3097 489 3177 ἐμήν·
519 3098 538 3176 ἡ
554 3097 579 3161 δ’
594 3098 684 3176 ἧσται
702 3096 749 3162 ἐπ’
761 3098 876 3184 ἐσχάρῃ
892 3101 925 3164 ἐν
939 3101 1031 3181 πυρδς
1047 3100 1130 3187 αὐγῇ,

290 3201 426 3278 ἠλάκατα
442 3200 604 3282 στρωφῶσ’
620 3203 820 3284 ἁλιπόρφυρα,
836 3208 931 3282 θαῦμα
949 3203 1074 3281 ἰδέσθαι,

292 3307 368 3369 κίονι
384 3305 552 3383 κεκλιμένη·
582 3308 677 3389 δμῳαὶ
689 3306 723 3370 δέ
738 3307 766 3369 οἱ
782 3305 847 3385 ἥατ’
863 3310 1000 3372 ὄπισθεν.
1100 3287 1111 3302 ’

292 3410 363 3474 ένθα
379 3413 412 3473 δὲ
428 3415 538 3491 πατρὸς
554 3411 637 3490 ἐμοῖο
654 3410 759 3489 θρόνος
775 3411 979 3475 ποτικέκλιται
995 3413 1079 3498 αὐτῇ,

271 3597 273 3600 Ι
292 3514 331 3596 τῷ
348 3513 366 3575 ό
380 3537 415 3595 γε
431 3514 617 3592 οἰνοποτάζει
633 3511 781 3593 ἐφήμενος
796 3514 942 3580 ἀθάνατος
958 3516 1006 3581 ὥς.

293 3619 344 3682 τὸν
359 3617 624 3698 παραμειψάμενος
638 3624 748 3698 μητρὸς
763 3615 831 3681 ποτὶ
846 3619 972 3700 γούνασι
986 3625 1090 3702 χεῖρας

292 3721 424 3803 βάλλειν
438 3720 589 3802 ἡμετέρης,
601 3724 651 3786 ἵνα
667 3723 810 3802 νόστιμον
822 3721 900 3804 ήμαρ
918 3725 1000 3803 ίδηαι

1189 3127 1237 3176 305
