2788 4230
256 308 319 388 760
542 320 591 388 15.
622 311 855 372 οΔνΣυυιΑΣ
888 311 925 370 0.

253 481 344 567 (σιγῇ
359 484 422 557 νῦν,
437 477 478 558 μή
494 480 539 545 τίς
553 504 591 557 με
605 477 802 561 προσαυδάτω
822 479 967 542 ἐπέεσσιν
1152 503 1206 552 44ο

253 582 400 664 ὑμετέρων
416 582 539 663 ἑτάρων,
556 581 769 663 ξυμβλήμενος
785 581 803 661 ή
820 583 854 646 ἐν
869 582 957 666 ἀγυιῇ

252 684 344 764 ήπου
360 683 409 748 ἐπὶ
426 684 525 772 κρήνῃ·
555 683 596 763 μή
613 676 658 752 τις
674 683 742 749 ποτὶ
758 691 843 766 δῶμα
857 685 977 765 γέροντι

254 790 351 851 ἐλθὼν
368 787 480 875 ἐξείπῃ,
497 791 513 852 ὁ
529 787 554 853 δ’
569 788 730 868 ὀϊσάμενος
747 787 898 874 καταδήσῃ

254 892 354 976 δεσμῷ
370 894 403 954 ἐν
422 891 569 976 ἀργαλέῳ,
584 895 653 972 ύμῖν
668 892 694 955 δ’
710 890 909 971 ἐπιφράσσετ’
926 892 1061 971 ὄλεθρον.

254 995 324 1058 ἀλλ’
340 996 418 1078 ἔχετ’
434 999 466 1060 ἐν
481 997 573 1076 φρεσὶ
589 1001 693 1076 μῦθον,
710 996 847 1078 ἐπείγετε
862 994 887 1059 δ’
904 992 981 1059 ὦνον
997 995 1113 1058 ὁδαίων.
1152 1017 1204 1070 445

254 1099 324 1162 ἀλλ’
339 1102 389 1163 ὅτε
405 1126 456 1164 κεν
471 1100 507 1178 δὴ
523 1105 593 1178 νηῦς
611 1101 700 1177 πλείη
715 1099 833 1179 βιότοιο
848 1097 980 1181 γένηται,

254 1204 381 1286 ἀγγελίη
397 1229 448 1282 μοι
464 1203 567 1266 ἔπειτα
584 1207 659 1268 θοῶς
675 1206 705 1268 ἐς
720 1202 831 1281 δώμαθ’
850 1200 972 1265 ἱκέσθω·

254 1308 329 1370 οἴσω
344 1308 402 1388 γάρ
419 1305 466 1370 καὶ
481 1308 606 1389 χρυσόν,
622 1308 684 1373 ὅτις
700 1303 730 1389 χ’
746 1307 917 1388 ὑποχείριος
934 1304 1019 1389 έλθῃ·

254 1407 302 1472 καὶ
319 1409 352 1473 δέ
369 1436 419 1474 κεν
434 1407 504 1472 ἀλλ’
519 1411 687 1491 ἐπίβαθρον
705 1411 782 1492 ἐγὼν
798 1406 947 1474 ἐθέλουσά
961 1433 998 1488 γε
1014 1408 1105 1486 δοίην.

254 1518 347 1577 παῖδα
362 1516 419 1595 γὰρ
436 1515 541 1594 ἀνδρὸς
559 1515 626 1589 ἑῆος
643 1511 687 1577 ἐνὶ
702 1511 844 1596 μεγάροις
859 1508 1022 1586 ἀτιτάλλω,
1154 1535 1206 1585 450

255 1615 417 1696 κερδαλέον
432 1617 467 1695 δὴ
483 1623 575 1693 τοῖον,
591 1615 653 1696 άμα
667 1618 839 1698 τροχόωντα
856 1615 970 1695 θύραζε·

254 1721 307 1785 τόν
324 1745 375 1790 κεν
390 1719 487 1803 ἄγοιμ’
504 1715 552 1782 ἐπὶ
569 1720 647 1797 νηός,
664 1721 679 1782 ό
696 1719 720 1782 δ’
738 1720 808 1798 ύμῖν
824 1719 928 1799 μυρίον
944 1715 1021 1780 ἀναν

255 1822 359 1914 ἄλφοι,
375 1825 434 1908 ὅπῃ
454 1822 607 1904 περάσητε
623 1822 686 1886 κατ’
704 1822 891 1902 ἀλλοθρόους
907 1817 1100 1901 ἀνθρώπους.’

297 1925 338 1988 Ἡ
354 1928 410 2005 μὲν
425 1926 470 2008 ἀρ’
486 1928 525 1993 ὣς
542 1925 659 1991 είποῦσ’
677 1926 776 2004 ἀπέβη
793 1925 866 2007 πρὸς
882 1925 1004 2005 δόματα
1020 1923 1106 2000 καλά,

256 2032 284 2093 οἱ
300 2030 325 2093 δ’
343 2033 476 2094 ἐνιαυτὸν
492 2029 610 2094 ἄπαντα
627 2029 693 2110 παρ’
710 2030 782 2109 ήμῖν
798 2029 864 2093 αῦθι
880 2027 1020 2108 μένοντες
1156 2052 1205 2103 455

257 2136 290 2198 ἐν
305 2134 354 2213 νηὶ
368 2135 509 2220 γλαφυρῇ
524 2134 630 2215 βίοτον
645 2135 742 2198 πολὺν
758 2133 960 2212 ἐμπολόωντο.

256 2238 326 2303 ἀλλ’
343 2239 393 2302 ότε
409 2238 444 2316 δή
461 2239 547 2316 κοίλη
564 2244 634 2316 νηῦς
649 2236 759 2319 ἤχθετο
775 2243 856 2300 τοῖσι
872 2235 1004 2313 νέεσθαι,

255 2444 341 2524 ἤλυθ’
359 2445 433 2526 ἀνὴρ
449 2445 604 2526 πολύϊδρις
619 2447 692 2526 ἐμοῦ
708 2445 782 2526 πρὸς
798 2443 918 2519 δόματα
933 2441 1045 2524 πατρὸς

255 2549 387 2634 χρύσεον
402 2549 494 2630 ὅρμον
509 2549 597 2630 έχων,
615 2549 691 2628 μετὰ
703 2548 727 2612 δ’
744 2548 934 2628 ἠλέκτροισιν
951 2546 1044 2626 έερτο.
1154 2557 1206 2623 46ο

256 2659 308 2716 τδν
322 2655 377 2732 μὲν
391 2651 436 2732 ἄρ’
453 2654 485 2715 ἐν
500 2652 620 2737 μεγάρῳ
636 2650 794 2737 δμῳαὶκαὶ
815 2651 924 2714 πότνια
938 2648 1034 2730 μήτηρ

255 2757 364 2838 χερσίν
379 2756 403 2817 τ’
422 2756 630 2836 ἀμφαφόωντο
651 2753 700 2818 καὶ
715 2755 924 2835 ὀφθαλμοῖσιν
939 2754 1059 2834 ὁρῶντο,

256 2857 334 2923 ἀνον
348 2860 559 2941 ὑπισχόμεναι·
592 2861 607 2921 ὁ
623 2861 656 2922 δέ
670 2860 706 2945 τῇ
724 2858 883 2922 κατένευσε
898 2857 1008 2942 σιωπῇ.

256 2961 275 3038 ή
291 2989 337 3026 τοι
354 2964 370 3023 ὁ
386 2962 549 3026 καννεύσας
566 2963 673 3039 κοίλην
690 2957 738 3025 ἐπὶ
753 2964 810 3040 νῆα
824 2959 966 3041 βεβήκει,

256 3063 274 3141 ῆ
291 3064 317 3127 δ’
332 3066 385 3145 ἐμὲ
399 3065 501 3148 χειρὸς
516 3070 630 3129 ἑλοῦσα
649 3066 747 3145 δόμων
759 3063 853 3144 Ιἐξῆγε
869 3063 983 3145 θύραζε.

258 3168 323 3247 εὗρε
338 3169 363 3232 δ’
380 3168 424 3233 ἐνὶ
440 3171 579 3254 προδόμῳ
596 3169 670 3249 ήμὲν
685 3168 761 3232 δέπα
777 3168 829 3248 ήδέ
845 3169 991 3249 τραπέζας

257 3272 372 3352 ἀνδρῶν
387 3273 578 3354 δαιτυμόνων,
594 3274 626 3336 οἵ
638 3297 694 3354 μευ
711 3270 809 3354 πατέρ’
824 3270 1043 3352 ἀμφεπένοντο.

257 3378 285 3440 οἱ
301 3376 355 3455 μὲν
370 3374 416 3455 ἄρ’
433 3379 463 3442 ἐς
479 3381 576 3441 θῶκον
592 3377 746 3458 πρόμολον
762 3374 869 3456 δήμοιό
883 3401 915 3440 τε
934 3377 1040 3455 φῆμιν,

257 3481 275 3561 ή
292 3481 316 3543 δ’
333 3480 412 3561 αἶψα
427 3481 486 3561 τρί’
505 3482 616 3545 ἄλεισα
632 3480 839 3562 κατακρύψοσ’
855 3479 912 3544 ἀπὸ
930 3480 1033 3563 κόλπῳ

258 3585 394 3666 ἔκφερεν·
425 3585 516 3665 αὐτὰρ
533 3585 610 3666 ἐγὼν
626 3585 740 3664 ἑπόμην
755 3582 1008 3668 ἀεσιφροσύνῃσι.

258 3689 367 3754 δύσετό
381 3687 406 3752 τ’
421 3686 522 3766 ήέλιος
538 3689 688 3752 σκιόωντό
702 3715 736 3754 τε
751 3691 846 3752 πάσαι
862 3687 974 3769 ἀγυιαί·
