2908 4232
563 379 591 426 2.
615 365 849 425 ΟΔΎΣΣΕΙΑΣ
872 365 906 424 Β.
1140 371 1204 442 535

254 533 374 615 ἐλπωρή
391 560 437 597 τοι
453 533 557 598 ἔπειτα
570 538 749 613 τελευτῆσαι
764 534 835 598 τάδε
854 534 936 615 ἔργα.
986 543 988 548 ’
1156 546 1205 594 280

210 647 214 654 '
254 641 295 724 τῷ
312 643 364 703 νῦν
378 637 557 718 μνηστήρων
571 641 627 717 μὲν
642 639 677 702 ἔα
688 637 811 718 ’βουλήν
825 663 857 701 τε
873 639 943 703 νόον
959 663 991 701 τε

255 741 422 823 ἀφραδέων,
439 743 503 805 ἐπεὶ
520 742 599 805 οὖσι
615 741 758 821 νοήμονες
773 743 842 806 οῦδέ
857 743 975 806 δίκαιοι·

255 845 324 910 οὐδέ
339 871 368 908 τι
385 847 493 910 ἴσασιν
509 844 638 910 θάνατον
655 843 702 908 καὶ
719 850 794 928 κῆρα
804 847 959 928 μέλαιναν,

256 949 289 1015 ὃς
305 948 340 1027 δή
357 957 416 1029 σφι
436 950 547 1031 σχεδόν
563 951 656 1027 ἐστιν,
672 949 717 1014 ἐπ’
730 949 819 1029 ήματι
835 950 949 1014 πάντας
968 949 1103 1012 ὀλέσθαι.

255 1051 306 1117 σοὶ
321 1052 345 1116 δ’
363 1053 430 1128 ὁδὸς
446 1053 545 1116 οὐκέτι
560 1059 649 1134 δηρὸν
665 1051 886 1131 ἀπέσσεταιήν
902 1053 940 1115 σὺ
954 1055 1103 1135 μενοινᾷς·
1158 1067 1204 1128 285

219 1169 223 1175 “
256 1162 337 1222 τοῖος
352 1155 409 1238 γάρ
425 1181 470 1220 τοι
484 1159 600 1235 ἑταίρας
617 1157 674 1240 ἐγὼ
690 1159 839 1237 πατρώϊός
856 1161 927 1237 εἰμι,

255 1261 288 1326 ὅς
304 1284 350 1322 τοι
366 1264 423 1338 νῆα
438 1259 512 1338 θοήν
524 1259 641 1323 στελέω
658 1262 707 1325 καὶ
723 1261 773 1341 ἄρ’
788 1261 901 1343 ἕψομαι
916 1261 1014 1326 αῦτός.

256 1363 462 1443 ἀλλᾶσὺμέν
476 1364 551 1437 πρὸς
566 1363 674 1443 δόρατ’
691 1366 744 1428 ἰὼν
758 1368 947 1445 μνηστῆρσιν
963 1366 1071 1446 ὁμίλει,
1110 1397 1112 1404 v

256 1467 411 1530 ὅπλισσόν
425 1463 450 1529 τ’
465 1465 517 1544 ήϊο
533 1468 581 1530 καὶ
597 1466 726 1549 ἄγγεσιν
741 1468 835 1548 ἄρσον
852 1469 979 1547 ἄπαντα,

232 1629 236 1634 .
256 1570 339 1634 οἶνον
354 1573 387 1634 έν
403 1571 620 1651 ἀμφιφορεῦσι,
638 1572 686 1634 καὶ
701 1572 825 1652 ἄλφιτα,
843 1572 956 1651 μυελὸν
972 1574 1095 1652 ἀνδρῶν,
1141 1597 1206 1650 ,ιηο

256 1673 402 1754 δέρμασιν
417 1676 450 1737 ἐν
465 1681 646 1739 πυκινοῖσιν·
678 1677 737 1757 ἐγὼ
754 1674 779 1739 δ’
795 1676 851 1740 ἀνὰ
867 1679 960 1756 δῆμον
976 1678 1111 1756 ἑταίρους

257 1777 324 1859 αἶψ’
342 1781 542 1858 ἐθελοντῆρας
558 1777 755 1856 συλλέξομαι.
788 1781 848 1842 εἰσὶ
864 1782 897 1842 δὲ
912 1782 982 1856 νήες

257 1882 372 1945 πολλοὶ
387 1883 421 1944 ἐν
437 1880 580 1964 ἀμφιάλῳ
596 1879 706 1966 Ἰθάκῃ,
722 1880 785 1945 νέαι
800 1882 852 1960 ἠδὲ
868 1883 1004 1945 παλαιαί·

257 1984 338 2048 τάων
352 1984 408 2064 μέν
423 2009 470 2046 τοι
486 1984 564 2063 ἐγὼν
580 1985 747 2064 ἐπιόψομαι
762 1985 782 2063 ή
796 2010 841 2050 τις
857 1986 975 2066 ἀρίστη,

258 2085 320 2152 ἀικα
336 2088 361 2151 δ’
378 2089 625 2168 ἐφοπλίσσαντες
641 2087 789 2166 ἐνήσομεν
801 2088 879 2170 εὐρέϊ
895 2087 1024 2174 πόντῳ.”
1134 2121 1136 2126 ·
1160 2117 1208 2169 ²95

298 2189 362 2257 Ὦς
378 2191 449 2268 φάτ’
463 2189 626 2270 Ἀθηναίη,
637 2192 727 2272 κούρηΙ
742 2193 825 2258 Διός·
857 2192 917 2256 οὐδ’
932 2191 977 2274 ἄρ’
993 2192 1036 2255 ἔτι
1050 2192 1108 2272 ’δήν

257 2294 437 2377 Τηλέμαχος
452 2295 644 2375 παρέμιμνεν,
661 2293 726 2359 ἐπεὶ
741 2299 811 2359 θεοῦ
826 2295 1050 2374 ἔκλυεναάδήν.

257 2403 300 2479 βῆ
319 2400 344 2463 δ’
362 2401 459 2478 ἴμενάι
474 2399 548 2480 πρὸς
562 2403 654 2479 δῶμα,
670 2400 763 2478 φίλον
775 2401 947 2478 τετιημένος
962 2400 1042 2479 ἦτορ,

259 2503 325 2584 εῦρε
340 2502 364 2566 δ’
381 2503 439 2584 ἀρα
452 2505 626 2584 μνηστῆρας
642 2502 789 2585 ἀγήνορας
806 2506 839 2567 ἐν
853 2505 1037 2586 μεγάροισιν,

260 2605 347 2688 αἶγας
366 2607 537 2686 ἀνιεμένους
554 2606 679 2673 σιάλους
696 2607 859 2674 θ”εὕοντας
876 2609 907 2671 ἐν
923 2609 1010 2694 αὐλῇ.
1136 2641 1138 2648 ·
1159 2634 1210 2682 300

259 2709 411 2777 Ἀντίνοος
428 2710 452 2773 δ’
471 2711 533 2775 ἰθὺς
549 2709 683 2792 γελάσας
700 2712 744 2774 κίε
759 2711 962 2792 Τηλεμάχοιο·

261 2813 294 2876 έν
309 2812 333 2874 τ’
350 2813 407 2892 ἄρα
423 2815 451 2876 οἱ
467 2819 510 2893 φῦ
525 2815 603 2896 χειρὶ
619 2814 691 2880 έπος
706 2814 730 2876 τ’
748 2814 836 2894 ἔφατ’
855 2815 888 2878 ἔκ
904 2816 927 2877 τ’
945 2815 1080 2892 ὀνόμαζε·

305 2923 323 2952 “
335 2915 653 3000 Τηλέμαχ”ῦφαγόρη
665 2917 759 2996 ’μένος
773 2918 896 3000 ἄσχετε,
911 2917 952 2998 μή
968 2920 1058 2982 τί-τοι
1075 2917 1154 2980 ἄλλο

265 3021 299 3084 ἐν
314 3019 463 3098 στήθεσσι
481 3027 571 3084 κακὸν
586 3021 703 3098 μελέτω
720 3023 808 3104 ἔργον
823 3047 856 3086 τε
873 3023 944 3088 ἔπος
960 3047 1002 3099 τε,

263 3123 344 3186 ἀλλά
359 3151 409 3203 μοι
426 3105 565 3204 ἐσθιέμεν
582 3122 629 3188 καὶ
645 3123 776 3206 πινέμεν,
793 3125 832 3190 ὡς
848 3132 882 3189 τὸ
899 3125 997 3206 πάρος
1008 3151 1072 3207 περ.
1163 3153 1211 3202 305

263 3232 353 3290 ταῦτα
368 3227 402 3291 δέ
416 3253 461 3291 τοι
478 3229 562 3307 μάλα
576 3225 674 3292 πάντα
688 3227 925 3308 τελευτήσουσιν
940 3229 1070 3312 Ἀχαιοί,

263 3334 319 3408 νῆα
334 3332 382 3394 καὶ
399 3329 533 3409 ἐξαίτους
549 3331 660 3412 ἐρέτας,
676 3333 725 3396 ίνα
741 3337 858 3397 θᾶσσον
874 3339 955 3410 ἵκηαι

264 3435 293 3500 ἐς
308 3434 414 3500 Πύλον
428 3435 560 3516 ἠγαθέην
574 3435 637 3514 μετ’
654 3436 764 3516 ἀγαυοῦ
779 3443 890 3517 πατρὸς
901 3434 1042 3515 ἀκουήν.”
1110 3493 1112 3498 ,

306 3543 368 3602 Τὸν
383 3537 407 3601 δ’
425 3539 460 3601 αῦ
475 3539 656 3622 Τηλέμαχος
670 3541 857 3619 πεπνυμένος
871 3541 973 3603 ἀντίον
987 3542 1072 3619 ηὔδα·

265 3648 283 3678 “
293 3641 432 3720 Ἀντίνο’,
451 3642 485 3704 οὔ
502 3669 566 3709 πως
583 3644 668 3708 ἐστιν
683 3641 902 3723 ὑπερφιάλοισι
916 3644 981 3724 μεθ’
997 3647 1068 3724 ὑμῖν
1165 3669 1214 3720 ηιο

265 3746 423 3810 δαίνυσθαί
437 3743 463 3808 τ’
478 3745 602 3812 ἀκέοντα
617 3746 665 3810 καὶ
681 3747 895 3828 εὐφραίνεσθαι
911 3749 1031 3826 έκ-ηλον.
