2738 4226
448 365 497 411 12.
523 353 692 411 ΙΛΙΑΔΟΣ
717 353 759 412 Μ.

135 518 168 604 τῇ
183 519 209 600 ῥ’
227 519 336 584 ἵππους
352 543 384 582 τε
400 519 449 582 καὶ
464 517 543 598 ἀρμα
558 517 713 597 διήλασεν,
731 517 797 580 οὑὸἒ
814 518 948 603 πύλῃσιν

137 621 191 701 εὗρ’
208 620 437 700 ἐπικεκλιμένας
453 622 578 687 σανίδας
594 622 644 685 καὶ
657 621 771 703 μακρὸν
786 622 874 704 ὀχῆα,

137 723 203 786 ἀλλ’
221 722 470 804 ἀναπεπταμένας
486 725 560 808 έχον
575 723 688 805 ἀνέρες,
705 726 733 788 εί
746 721 802 788 τιν’
818 726 944 805 ἑταίρων

137 829 167 890 ἐκ
183 825 318 906 πολέμου
333 828 484 910 φεύγοντα
501 827 654 893 σαιύσειαν
668 827 744 907 μετὰ
760 831 841 906 νῆας.

137 930 170 1013 τῇ
185 929 211 1011 ῥ’
229 928 292 995 ίθὺς
308 928 445 1010 φρονέων
459 931 568 996 ἵππους
584 930 646 1013 ἔχε,
665 931 712 994 τοὶ
728 929 752 994 δ’
769 929 818 1007 ἀμ’
835 930 943 994 έποντο

137 1029 206 1108 ὀξέα
222 1031 431 1114 κεκλήγοντες·
454 1033 568 1113 ἔφαντο
582 1032 640 1115 γὰρ
657 1031 752 1095 οὐκέτ’
768 1029 909 1114 Ἀχαιοὺς

139 1132 298 1218 σχήσεσθ’,
316 1135 386 1198 ἀλλ’
403 1138 437 1201 έν
452 1138 540 1215 νηυσὶ
555 1137 737 1222 μελαίνῃσιν
751 1135 927 1200 πεσέεσθαι·

138 1237 245 1314 νήπιοι,
263 1239 296 1303 ἓν
311 1240 343 1300 δὲ
357 1238 473 1324 πύλῃσι
488 1239 530 1302 δύ’
547 1237 654 1320 ἀνέρας
669 1241 756 1322 εὑρον
771 1240 921 1321 ἀρίστους,

137 1343 201 1406 υἷας
215 1341 399 1422 ὑπερθύμους
414 1339 578 1404 Λαπιθάων
593 1341 777 1425 αἰχμητάων,

138 1443 259 1522 τὸνμὲν
274 1443 436 1525 Πειριθόου
450 1446 511 1516 υἷα,
527 1445 670 1527 κρατερὸν
687 1446 892 1524 Πολυποίτην,

138 1548 188 1610 τὸν
203 1550 236 1611 δὲ
251 1551 396 1626 Λεοντῆα,
412 1550 603 1632 βροτολοιγῷ
618 1548 690 1612 ἴσον
701 1547 801 1630 Ἀρηῖ.

137 1651 175 1712 τῶ
190 1652 247 1729 μὲν
261 1650 319 1730 άρα
333 1648 517 1731 προπάροιθε
532 1648 656 1713 πυλάων
669 1649 819 1732 ὑψηλάων

138 1755 272 1820 ἔστασαν
287 1755 326 1820 ῶς
341 1756 392 1818 ὅτε
406 1779 439 1820 τε
454 1755 539 1836 δρύες
554 1755 675 1836 οὔρεσιν
689 1755 879 1838 ὑψικάρηνοι,

137 1863 169 1922 αί
182 1859 206 1922 τ’
224 1860 336 1938 ἄνεμον
349 1859 493 1938 μίμνουσι
510 1860 558 1922 καὶ
574 1859 661 1925 ὑετὸν
675 1858 775 1940 ἤματα
790 1860 896 1930 πάντα,

135 1964 253 2049 ῥίζῃσιν
267 1960 421 2047 μεγάλῃσι
436 1960 621 2040 διηνεκέεσσ’
639 1964 785 2043 ἀραρυῖαι·

139 2067 176 2131 ῶς
192 2066 250 2147 άρα
266 2065 306 2126 τὸ
322 2066 462 2146 χείρεσσι
477 2065 656 2130 πεποιθότες
670 2065 723 2142 ἠδὲ
738 2065 833 2145 βίηφι

136 2171 245 2248 μίμνον
261 2167 464 2250 ἐπερχόμενον
476 2167 574 2249 μέγαν
584 2166 696 2232 Ἀσιον
712 2167 779 2230 οὑδὲ
794 2166 941 2247 φέβοντο.

138 2275 165 2334 οἱ
180 2271 205 2334 δ’
223 2269 287 2335 ίθὺς
303 2268 377 2351 πρὸς
393 2273 492 2351 τεῖχος
507 2267 654 2350 ἐύδμητον
668 2272 746 2350 βόας
762 2270 835 2336 αὑας

136 2373 230 2455 ὑφόσ’
248 2373 454 2455 ἀνασχόμενοι
471 2372 553 2438 ἔκιον
566 2373 689 2459 μεγάλῳ
708 2376 851 2459 ἀλαλητῷ

135 2478 245 2543 Ἀσιον
260 2477 338 2556 ἀμφὶ
354 2475 466 2540 άνακτα
482 2478 531 2540 καὶ
545 2476 683 2555 Ἰαμενὸν
698 2480 746 2542 καὶ
762 2477 915 2560 Ὀρέστην

135 2580 285 2658 Ἀσιάδην
300 2581 325 2642 τ’
339 2577 516 2658 Ἀδάμαντα
532 2579 643 2644 Θόωνά
658 2605 691 2643 τε
707 2581 860 2661 Οἰνόμαόν
876 2604 916 2644 τε.

137 2687 165 2747 οἱ
181 2681 209 2748 δ’
224 2683 243 2762 ἦ
258 2707 306 2745 τοι
325 2682 377 2760 ἧος
398 2683 454 2761 μέν
469 2680 645 2762 ἐϋκνήμιδας
659 2683 803 2766 Ἀχαιοὺς

138 2789 244 2868 ὄρνυον
259 2786 346 2848 ένδον
361 2784 462 2850 ἐόντες
480 2785 646 2864 ἀμύνεσθαι
661 2788 729 2867 περὶ
745 2793 833 2864 νηῶν·

138 2892 229 2972 αὐτὰρ
244 2890 312 2953 ἐπεὶ
327 2889 363 2967 δὴ
379 2893 480 2970 τεῖχος
497 2887 720 2967 ἐπεσσυμένους
736 2891 869 2966 ένόησαν

138 2998 252 3074 Τρῶας,
268 2993 343 3072 άτάρ
361 2997 491 3056 Δαναῶν
504 2989 610 3072 γένετο
626 2991 699 3074 ἰαχή
715 3017 748 3056 τε
764 2993 865 3072 φόβος
881 3017 923 3066 τε,

139 3099 171 3160 ἐκ
186 3099 219 3160 δὲ
233 3097 275 3159 τῶ
292 3093 414 3172 ἀίξαντε
429 3092 553 3158 πυλάων
568 3096 683 3177 πρόσθε
698 3094 867 3178 μαχέσθην,

138 3199 329 3282 ἀγροτέροισι
345 3197 475 3262 σύεσσιν
490 3199 615 3270 ἐοικότε,
631 3198 673 3261 τό
689 3198 714 3260 τ’
737 3201 770 3261 έν
786 3200 912 3280 ὄρεσσιν

139 3305 253 3384 ἀνδρῶν
268 3302 322 3381 ἠδὲ
337 3307 434 3366 κυνῶν
447 3300 572 3384 δέχαται
589 3301 773 3383 κολοσυρτὸν
789 3303 881 3376 ἰόντα,

139 3406 240 3488 δοχμιύ
257 3403 282 3466 τ’
300 3402 445 3468 ἀΐσσοντε
460 3404 528 3484 περὶ
545 3405 656 3485 σφίσιν
671 3405 799 3487 ἄγνυτον
813 3406 890 3481 ὑλην

138 3507 273 3586 πρυμνὴν
288 3505 493 3585 ἐκτάμνοντες,
509 3508 582 3571 ὑπαὶ
597 3505 630 3570 δέ
645 3531 678 3570 τε
694 3507 808 3586 κόμπος
824 3506 956 3570 ὀδόντων

137 3611 282 3691 γίγνεται,
301 3611 344 3675 είς
359 3611 377 3672 ὅ
393 3609 425 3672 κέ
440 3611 485 3676 τίς
501 3635 534 3674 τε
549 3611 657 3690 βαλὼν
672 3611 704 3672 ἐκ
722 3608 814 3688 θυμδν
830 3610 944 3686 ἕληται·

140 3712 178 3776 ῶς
193 3719 252 3778 τῶν
268 3714 377 3792 κόμπει
392 3712 506 3794 χαλκὸς
522 3713 571 3775 ἐπὶ
588 3711 737 3790 στήθεσσι
753 3711 877 3792 φαεινὸς

580 3825 627 3890 15

1014 363 1076 429 235

1031 543 1076 578 120
