2908 4232
595 921 813 996 ΙΛΙΑΔΟΣ
851 923 893 996 Ω.

574 1294 738 1393 Ἕκτορος
754 1297 873 1396 λύτρα.

260 1465 340 1525 Λΰτο
356 1462 380 1526 δ’
398 1463 488 1546 ἀγόν,
503 1467 575 1528 λαοὶ
591 1465 624 1528 δέ
640 1465 713 1530 θοάς
728 1464 778 1550 ἐπὶ
794 1466 868 1542 νῆας
883 1464 1006 1532 έκασποι

261 1559 429 1627 ἐσκίδναντ’
445 1561 531 1628 ἰέναι.
554 1563 600 1626 τοὶ
613 1565 668 1643 μέν
683 1564 807 1646 δόρποιο
820 1563 948 1645 μέδοντο

259 1665 353 1728 ύπνου
369 1690 401 1729 τε
415 1671 563 1748 γλυκεροῦ
578 1664 774 1748 ταρπήμεναι·
798 1668 890 1750 αύτδιρ
906 1667 1070 1753 Ἀχιλλεὺς

260 1772 348 1831 κλαῖε
362 1767 456 1844 φίλου
472 1767 578 1851 ἑτάρου
591 1769 788 1849 μεμνημένος,
805 1769 874 1834 οὐδέ
887 1797 940 1851 μιν
954 1773 1048 1840 ὕπνος

259 1869 325 1957 ᾕρει
341 1870 550 1955 πανδαμάτωρ,
568 1873 638 1936 ἀλλ’
656 1872 812 1956 ἐστρέφετ’
829 1873 903 1938 ἔνθα
918 1874 967 1939 καὶ
982 1877 1064 1952 ἔνθα,
1192 1903 1206 1952 5

259 1975 439 2057 Πατρόκλου
454 1975 572 2040 ποθέων
588 1974 753 2059 ἀνδροτῆτά
768 2002 801 2040 τε
817 1977 866 2040 καὶ
879 1976 969 2056 μένος
984 1976 1029 2057 ἠύ,

258 2077 303 2157 ἠδ’
320 2080 421 2143 ὁπόσα
436 2079 606 2144 τολύπευσε
622 2078 679 2145 σὺν
693 2079 772 2164 αὐτῷ
788 2078 837 2144 καὶ
853 2079 949 2146 πάθεν
964 2081 1069 2163 ἄλγεα,

259 2182 373 2264 ἀνδρῶν
389 2209 422 2247 τε
437 2183 606 2265 πτολέμους
624 2181 768 2266 ἀλεγεινά
783 2207 816 2247 τε
831 2184 945 2262 κύματα
961 2183 1080 2265 πείρων·

259 2291 318 2350 τῶν
331 2287 573 2367 μιμνησκόμενος
588 2285 718 2367 θολερὸν
733 2287 808 2349 κατὰ
823 2283 951 2368 δάκρυον
966 2285 1060 2366 εἶβεν,

259 2388 364 2451 ἄλλοτ’
381 2390 431 2452 ἐπὶ
450 2391 582 2471 πλευρὰς
599 2389 818 2469 κατακείμενος,
835 2389 949 2453 ἀλλοτε
964 2388 989 2452 δ’
1006 2389 1076 2454 αύτε
1176 2417 1206 2453 ιο

257 2492 370 2569 ὕπτιος,
387 2493 500 2557 ἀλλοτε
516 2495 549 2556 δέ
565 2491 687 2575 πρηνής·
710 2494 779 2556 τοτέ
794 2490 821 2557 δ’
837 2492 926 2574 όρθδς
941 2493 1074 2560 ἀναστάς

258 2594 403 2660 δινεύεσκ’
420 2597 521 2661 ἀλύων
537 2595 617 2677 παρὰ
633 2595 689 2661 θῖν’
706 2597 790 2662 άλός·
814 2595 883 2660 οὐδέ
895 2622 949 2676 μιν
963 2595 1023 2675 ἠὼς

258 2698 424 2780 φαινομένη
440 2698 592 2778 λήθεσκεν
606 2701 693 2782 ὑπεὶρ
708 2699 769 2762 ἀλα
785 2695 811 2762 τ’
826 2698 930 2778 ἠϊόνος
945 2723 986 2763 τε.

258 2803 327 2866 ἀλλ’
344 2804 362 2866 ά
379 2803 407 2886 γ’
424 2801 490 2869 ἐπεὶ
507 2801 636 2882 ζεύξειεν
651 2801 704 2884 ὑφ’
720 2801 851 2884 ἀρμασιν
866 2800 961 2868 ὠκέας
976 2803 1094 2879 ἵππους,

253 2905 385 2989 Ἕκτορα
400 2907 425 2971 δ’
442 2907 586 2972 έλκεσθαι
602 2905 773 2987 δησάσκετο
788 2906 896 2988 δίφρου
911 2907 1047 2986 ὄπισθεν,
1174 2932 1204 2983 ¹5

257 3012 320 3094 τρὶς
335 3011 359 3075 δ’
377 3012 485 3094 ἐρύσας
500 3013 568 3094 περὶ
585 3014 667 3091 σῆμα
682 3008 885 3076 Μενοιτιάδαο
901 3011 1045 3076 θανόντος

256 3111 339 3178 αὖτις
355 3112 399 3175 ἐνὶ
416 3111 518 3197 κλισίῃ
534 3110 710 3186 παυέσκετο,
726 3109 780 3174 τὸν
795 3108 829 3173 δέ
843 3105 869 3172 τ’
885 3108 996 3174 ἔασκεν

256 3217 290 3280 ἐν
305 3216 370 3279 κόνι
386 3215 552 3281 ἐκτανύσας
567 3212 749 3297 προπρηνέα·
773 3217 838 3276 τοῖο
853 3210 881 3276 δ’
898 3209 1062 3279 Ἀπόλλων

256 3323 358 3383 πᾶσαν
373 3319 505 3398 ἀεικείην
519 3319 616 3400 άπεχε
630 3317 701 3401 χροῒ
715 3316 789 3399 φῶτ’
806 3316 952 3398 ἐλεαίρων

255 3423 305 3485 καὶ
320 3423 466 3500 τεθνηότα
480 3439 545 3504 περ·
568 3419 637 3503 περὶ
651 3416 677 3484 δ’
694 3421 787 3503 αἰγίδι
802 3419 901 3485 πάντα
916 3417 1050 3485 κάλυπτε
1171 3445 1203 3483 ιο

254 3523 391 3610 χρυσείη,
407 3525 455 3589 ἵνα
469 3523 510 3606 μή
524 3550 577 3605 μιν
592 3524 761 3607 ἀποδρύφοι
781 3521 983 3602 ἑλκυστάζων.

291 3626 355 3694 *Ως
371 3629 387 3691 δ
401 3629 457 3707 μὲν
467 3626 599 3709 Ἕκτορα
613 3633 679 3693 δῖον
693 3627 822 3705 ἀείκιζεν
835 3628 1011 3708 μενεαίνων·

255 3731 308 3799 τὸν
321 3730 347 3796 δ’
364 3730 559 3812 ἐλεαίρεσκον
572 3729 703 3814 μάκαρες
719 3733 783 3796 θεοὶ
799 3731 1003 3814 εἰσορόωντες,
