2848 4296
227 391 293 470 376
556 385 603 454 ιν.
617 390 797 456 ,τλικοον
820 392 854 454 κ.

224 556 348 638 Ἕκτορι
361 558 417 638 μέν
432 561 490 641 γὰρ
505 555 666 647 ἐπήνησαν
677 561 753 624 κακὰ
766 560 936 639 μητιόωντι,

228 659 460 740 Πουλυδάμαντι
475 659 499 724 δ’
516 661 562 742 ἄρ’
579 661 614 747 ού
629 687 682 738 τις,
699 661 734 728 δς
747 663 863 748 ἐσθλήν
878 661 1009 744 φράζετο
1023 662 1153 744 βουλήν.

228 765 340 846 δόρπον
356 763 449 828 ἔπειθ’
467 766 586 829 εἴλοντο
603 764 678 830 κατὰ
693 767 833 846 στρατόν·
860 766 952 847 αὐτὰρ
966 765 1089 850 Ἀχαιοί

227 867 386 951 παννύχιοι
402 867 583 950 Πάτροκλον
597 868 837 952 ἀνεστενάχοντο
856 875 995 951 γοῶντες.
1126 895 1175 946 3¹5

227 974 309 1036 τοῖσι
322 973 356 1036 δὲ
371 970 525 1051 Πηλείδης
540 975 643 1040 ἁδινοῦ
659 971 768 1056 ἐξῆρχε
783 973 878 1055 γόοιο,

226 1079 330 1160 χεῖρας
345 1074 391 1139 ἐπ’
408 1076 611 1165 ἀνδροφόνους
626 1075 750 1156 θέμενος
765 1074 934 1155 στήθεσσιν
950 1076 1077 1158 έταίρου,

225 1182 323 1243 πυκνὰ
336 1177 420 1259 μάλα
435 1178 593 1260 στενάχων
608 1179 648 1246 ιῦς
662 1204 695 1244 τε
710 1180 758 1245 λὶς
773 1179 936 1262 ἠϋγένειος,

227 1279 250 1366 ᾧ
264 1281 303 1364 ῥά
317 1278 345 1345 θ’
359 1282 418 1346 ὕπὸ
434 1282 581 1364 σκύμνους
597 1283 797 1364 ἐλαφηβόλος
811 1282 936 1369 ἁρπάσῃ
951 1283 1028 1364 ἀνὴρ
1052 1335 1056 1340 .
1164 1349 1166 1354 ,

226 1384 301 1463 ὕλης
316 1386 348 1447 ἐκ
364 1389 498 1465 πυκινῆς·
523 1389 539 1449 ὁ
553 1385 589 1457 δέ
602 1385 776 1470 τ’·άχυυται
787 1387 914 1468 ὕστερος
929 1387 1036 1463 ἐλθόν,
1126 1413 1175 1463 ητα

226 1489 329 1550 πολλὰ
344 1486 378 1552 δέ
392 1485 418 1549 τ’
434 1485 518 1572 ἄγκε’
534 1491 648 1572 ἐπῆλθε
663 1487 725 1569 μετ’
744 1488 849 1572 ἀνέρος
863 1486 938 1572 ἴχνι’
951 1493 1087 1571 ἐρευνῶν,

227 1593 256 1657 εί
269 1595 362 1655 ποθεν
377 1590 501 1674 ἐξεύροι·
523 1592 608 1673 μάλα
621 1596 679 1675 γὰρ
694 1592 796 1674 δριμὺς
811 1594 908 1676 χόλος
924 1595 1013 1675 αἱρεῖ·
1029 1657 1033 1668 „

227 1695 267 1761 δς
282 1697 299 1758 ὁ
312 1695 392 1776 βαρὺ
409 1695 567 1780 στενάχων
581 1697 754 1778 μετεφώνεε
770 1698 1029 1778 Μυρμιδόνεσσιν

227 1797 277 1862 “δ
293 1800 398 1876 τόποι,
414 1799 433 1880 ῆ
447 1797 474 1884 ῥ’
490 1800 580 1867 άλιον
595 1801 670 1867 ἐπος
684 1800 819 1881 ἔκβολον
833 1799 925 1881 ἤματι
941 1801 1028 1888 κείνης

227 1903 383 1984 θαρσύνων
397 1904 480 1986 ήρωα
496 1905 659 1972 Μενοίτιον
674 1906 707 1972 ἐν
721 1903 905 1995 μεγάροισιξλ
1126 1929 1175 1980 3²5

226 2009 289 2087 φῆν
303 2006 336 2073 δέ
351 2009 380 2076 αἱ
390 2011 439 2075 ,είς
454 2008 607 2076 Ὀπόεντα
620 2007 799 2088 περικλυτὸν
813 2007 879 2072 υἱὸν
898 2005 1026 2086 ἀπάξειν

223 2110 321 2174 Ἴλιον
336 2109 534 2192 ἐκπέρσαντα,
550 2112 687 2194 λαχόντα
702 2136 736 2177 τε
749 2110 857 2192 ληίδος
871 2111 971 2175 αἶσαν.
987 2136 990 2142 ·

226 2214 296 2278 ἀλλ’
313 2215 348 2278 οὕ
363 2214 439 2285 Ζεδς
455 2216 600 2298 ἄνδρεσσι
616 2213 750 2295 νοήματα
765 2214 865 2279 πάντα
879 2214 1015 2298 τελευτᾷ·

226 2319 317 2400 ἄμφω
332 2322 389 2401 γὰρ
405 2318 559 2400 πέπρωται
571 2319 677 2399 ὁμοίην
691 2323 784 2401 γαῖαν
797 2321 919 2400 ἐρεῦσαι
979 2340 983 2351 ’

226 2423 315 2486 αὕτοΰ
332 2424 376 2487 ἐνὶ
390 2424 498 2510 Τροίη,
510 2424 576 2488 ἐπεὶ
592 2423 652 2488 οὐδ’
670 2425 722 2503 ἐμὲ
737 2421 931 2502 νοστήσαντα
1125 2447 1176 2497 330

226 2525 343 2605 δέξεται
359 2529 393 2590 έν
406 2524 567 2609 μεγάροισι
582 2526 679 2610 γέρων
695 2525 851 2606 ἱππηλάτα
866 2526 987 2603 Πηλεὺς

227 2625 295 2693 οὕδέ
310 2625 402 2692 Θέτις
416 2624 523 2708 μήτηρ,
541 2623 613 2692 ἀλλ’
629 2626 719 2690 αὕτοῦ
733 2630 807 2708 γαῖα
821 2624 950 2704 καθέξει.

226 2734 278 2794 νῦν
293 2728 318 2793 δ’
336 2731 402 2794 ἐπεὶ
418 2729 479 2806 οὕν,
497 2729 666 2813 Πάτροκλε,
683 2734 738 2794 σεῦ
752 2729 877 2809 ὕστερος
893 2727 950 2807 εἶμ’
964 2727 1023 2792 ὕτδ
1037 2731 1137 2809 γαῖαν,

226 2833 261 2896 οὕ
276 2859 312 2898 σε
328 2832 398 2916 πρὶν
413 2840 527 2917 κτεριῶ,
544 2834 615 2915 πρίν
629 2832 657 2915 γ’
669 2830 815 2913 Ἕκτορος
831 2829 931 2896 ἐνθάδ’
947 2833 1058 2896 ἐνεῖκαι

226 2937 333 3022 τεύχεα
349 2940 397 3004 καὶ
414 2935 561 3019 κεφαλήν,
577 2935 749 3019 μεγαθύμου
765 2938 834 3001 σοῖο
849 2938 973 3016 φονῆος·
1101 2987 1104 2992 Δ
1124 2959 1174 3014 335

119 3063 122 3072 ’
226 3043 339 3105 δώδεκα
354 3046 387 3106 δὲ
402 3040 588 3124 προπάροιθε
604 3041 697 3120 πυρῆς
713 3035 977 3136 άποδειροτομήσω

224 3146 336 3227 Τρώων
350 3145 452 3228 ἀγλαά
467 3145 565 3221 τέκνα,
584 3143 674 3210 σέθεν
693 3141 854 3223 κταμένοιο
866 3139 1024 3224 χολωθείς.

225 3249 324 3329 τόφρα
338 3247 372 3312 δέ
386 3270 438 3330 μαι
452 3249 533 3329 παρὰ
549 3250 637 3328 νηυσὶ
654 3247 794 3330 κορωνίσι
811 3247 926 3310 κείσεαι
941 3242 1045 3322 οὕτως,
1141 3295 1144 3304 ,

225 3352 303 3432 ἀμφὶ
319 3357 352 3418 δὲ
368 3355 405 3416 σὲ
419 3354 522 3439 Τρῳαὶ
536 3354 585 3416 καὶ
602 3352 787 3434 Δαρδανίδες
802 3349 995 3430 βαθύκολποι

226 3447 410 3522 κλαύσονται
425 3457 531 3524 νύκτας
546 3481 578 3520 τε
594 3456 643 3521 καὶ
658 3455 756 3537 ήματα
772 3452 863 3534 δάκρυ
878 3451 1015 3535 χέουσαι,
1125 3476 1176 3525 3⁴0

227 3562 280 3628 τὰς
296 3559 380 3632 αὐτοὶ
396 3560 571 3640 καμόμεσθα
586 3560 682 3640 βίηφί
696 3585 729 3624 τε
744 3558 827 3640 δουρί
842 3580 875 3620 τε
889 3557 1002 3639 μακρῆ,

226 3666 343 3746 πιείρας
358 3662 502 3744 πέρθοντε
520 3664 627 3730 πόλεις
641 3663 779 3744 μερόπων
795 3655 990 3740 δνθράπων.”

262 3768 325 3836 ΔΩς
340 3769 432 3834 είπδν
447 3765 599 3848 ἑτάροισιν
614 3764 755 3835 ἐκέκλετο
771 3768 835 3831 δῖος
847 3763 1013 3852 Ἀχιλλεὺς
