2848 4296
271 381 335 460 418
580 405 630 452 21.
656 392 826 454 ικιιιιοι
848 394 885 456 ψ.

267 560 348 627 αὖτις
364 558 588 638 ἀναστήσονται
604 560 662 626 ὑπὸ
679 561 772 643 ζόφου
787 562 952 644 ἠερόεντος,

266 665 331 727 οἶον
347 664 382 743 δὴ
399 664 446 728 καὶ
462 665 505 728 ὅδ’
522 664 597 744 ἠλθε
614 666 719 746 φυγὼν
733 667 791 731 ύπο
807 669 912 745 νηλεὲς
927 666 1016 747 ἠμαρ,

265 771 387 846 Λῆμνον
403 770 433 834 ἐς
449 766 581 850 ἠγαθέην
596 769 810 850 πεπερημένος·
841 770 910 835 οὐδέ
923 795 976 848 μιν
991 770 1067 853 ἔσχε

265 872 374 936 πόντος
390 869 463 937 ἀλὸς
479 874 597 950 πολιῆς,
615 870 631 934 δ
647 873 761 938 πολέας
777 871 920 940 ἀέκοντας
936 874 1042 956 ἐρύκει.

266 975 336 1037 ἀλλ’
353 975 408 1056 ἀγε
423 975 459 1054 δή
476 976 525 1038 καὶ
540 975 644 1056 δουρὸς
659 976 775 1055 ἀκωκῆς
789 975 946 1057 ἡμετέροιο
1179 988 1212 1039 6ο

264 1078 412 1160 γεύσεται,
429 1081 510 1160 όφρα
524 1081 632 1158 ἴδωμαι
648 1077 692 1144 ένί
707 1081 818 1161 φρεσὶν
833 1081 885 1159 ἠδὲ
896 1083 986 1146 δαείω

263 1179 283 1259 ἠ
299 1179 346 1263 ἀρ’
362 1183 440 1262 ὁμῶς
456 1183 504 1245 καὶ
521 1186 620 1248 κεῖθεν
634 1184 801 1259 ἐλεύσεται,
818 1182 837 1262 ἠ
851 1210 904 1263 μιν
919 1182 1015 1266 ἐρύξει

263 1289 303 1367 γή
320 1286 472 1365 φυσίζοος,
489 1285 509 1363 ἠ
523 1310 556 1348 τε
571 1288 647 1349 κατὰ
662 1288 806 1368 κρατερόν
821 1313 877 1370 περ
891 1286 1017 1370 ἐρύκει.”

301 1387 364 1453 Ὣς
380 1390 509 1470 ὥρμαινε
523 1386 632 1467 μένων·
666 1391 682 1452 ό
698 1389 732 1454 δέ
747 1393 775 1453 αἱ
791 1396 905 1472 σχεδὸν
920 1390 996 1470 ἠλθε
1012 1393 1158 1470 τεθηπώς,

263 1491 380 1573 γούνων
394 1491 534 1574 ἅψασθαι
548 1493 676 1572 μεμαός,
693 1495 761 1574 περὶ
777 1493 802 1557 δ’
818 1493 910 1572 ἤθελε
925 1496 1006 1578 θυμῷ
1177 1507 1209 1570 ⁶5

265 1593 425 1678 ἐκφυγέειν
440 1595 571 1662 θάνατόν
586 1621 619 1661 τε
635 1603 727 1662 κακὸν
743 1598 791 1661 καὶ
807 1600 881 1679 κῆρα
894 1597 1052 1678 μέλαιναν.

264 1697 342 1777 ἠτοι
358 1702 444 1780 ὁμὲν
462 1703 532 1782 δόρυ
546 1706 660 1782 μακρὸν
676 1699 824 1783 ἀνέσχετο
840 1705 903 1767 δῖος
919 1698 1081 1784 Ἀχιλλεὺς

265 1802 423 1884 οὐτάμεναι
437 1806 565 1884 μεμαώς,
585 1805 601 1867 ό
617 1803 642 1868 δ’
661 1802 812 1886 ὑπέδραμε
827 1805 876 1868 καὶ
891 1803 973 1885 λάβε
987 1804 1103 1887 γούνων

265 1907 372 1988 κύψας·
405 1909 509 1990 ἐγχείη
526 1907 551 1972 δ’
570 1908 616 1990 ἄρ’
634 1909 708 1989 ὑπὲρ
724 1907 818 1970 νότου
833 1907 878 1972 ἐνὶ
893 1908 964 1994 γαίη

265 2010 347 2090 ἔστη,
366 2011 465 2091 ἱεμένη
482 2018 574 2095 χροὸς
590 2011 698 2091 ἄμεναι
716 2009 905 2092 ἀνδρομέοιο.
1179 2033 1211 2086 το

265 2115 356 2196 αὐτὰρ
372 2117 389 2178 ὁ
403 2117 439 2202 τῇ
455 2114 541 2202 ἑτέρῃ
556 2117 612 2195 μὲν
628 2116 707 2179 ἑλὼν
723 2115 889 2180 ἐλλίσσετο
904 2113 1029 2197 γούνων,

264 2221 299 2304 τῇ
315 2218 340 2281 δ’
357 2218 442 2305 ἑτέρῃ
460 2219 531 2302 έχεν
546 2220 638 2302 ἔγχος
653 2216 826 2300 ἀκαχμένον
841 2217 909 2282 οάδέ
924 2219 1031 2296 μεθίει·

265 2323 315 2386 καί
328 2348 380 2401 μιν
395 2322 540 2404 φωνήσας
555 2324 630 2388 ἔπεα
646 2325 811 2404 πτερόεντα
827 2322 992 2402 προσηύδα·
1031 2353 1036 2367 1

264 2431 282 2461 ‘⁴
294 2427 457 2509 γουνοῦμαί
472 2426 510 2506 σ’,
526 2426 662 2509 Ἀχιλεῦ·
693 2425 731 2488 σὺ
744 2424 779 2488 δέ
792 2424 822 2503 μ’
840 2427 922 2488 αίδεο
938 2426 989 2488 καί
1001 2425 1031 2505 μ’
1048 2424 1188 2504 ἐλέησον·

265 2531 333 2593 ἀντί
346 2531 395 2593 τοί
408 2529 464 2610 εἶμ’
483 2528 594 2607 ἱκέταο,
611 2529 777 2612 διοτρεφές,
793 2530 929 2594 αίδοίαιο·
974 2536 976 2542 ’
1180 2553 1210 2606 75

264 2636 325 2715 πάρ
338 2637 395 2716 γάρ
412 2635 461 2698 σοὶ
476 2635 582 2719 πρότιρ
598 2633 743 2713 πασάμην
758 2632 933 2713 Δημήτερος
948 2631 1050 2714 ἀκτήν,

263 2736 410 2823 ἤματιτῷ
426 2739 476 2802 ὅτε
487 2737 517 2818 μ’
535 2741 615 2804 εἷλες
632 2736 789 2823 ἐϋκτιμένῃ
807 2738 841 2800 ἐν
856 2737 950 2824 ἀλωῇ,

264 2843 315 2907 καί
328 2840 358 2924 μ’
374 2841 547 2924 ἐπέρασσας
562 2843 688 2908 ἄνευθεν
703 2842 785 2924 άγων
800 2841 912 2922 πατρός
926 2866 960 2905 τε
975 2842 1077 2922 φίλων
1090 2866 1124 2905 τε

263 2951 385 3028 Λῆμνον
400 2950 431 3013 ἐς
446 2945 587 3030 ἠγαθέην,
604 2947 806 3024 ἑκατόμβοιον
822 2944 856 3008 δέ
870 2970 918 3009 τοι
935 2945 1046 3026 ἠλφου.

263 3056 317 3116 νῦν
331 3052 363 3114 δὲ
378 3050 476 3130 λύμην
490 3052 553 3132 τρὶς
567 3051 668 3113 τόσσα
683 3048 792 3130 παρόν·
826 3049 886 3129 ἠδς
901 3047 935 3113 δέ
948 3051 1002 3128 μοί
1015 3051 1100 3114 ἐστιν
1178 3064 1212 3112 8ο
1306 3049 1313 3056 ’

262 3154 317 3231 ἥδε
332 3153 509 3233 δυωδεκάτη,
525 3153 567 3217 ὅτ’
586 3157 617 3219 ἐς
628 3151 727 3216 Ἴλιον
744 3151 909 3232 εἰλήλουθα

263 3259 366 3322 πολλὰ
382 3258 496 3323 παθόν·
529 3262 581 3322 υΰυ
597 3256 633 3320 αά
647 3282 686 3336 με
699 3258 769 3343 τεῇς
784 3258 818 3321 ἐν
832 3255 941 3338 χερσὶν
955 3256 1045 3334 ἔθηκε

261 3359 339 3441 μοῖρ’
355 3359 440 3439 όλοή·
470 3359 574 3440 μέλλω
590 3385 647 3424 που
663 3358 854 3442 ἀπεχθέσθαι
869 3360 922 3423 Διὶ
938 3360 1038 3442 πατρί,

263 3465 296 3530 ός
310 3489 348 3543 με
363 3465 415 3527 σοὶ
431 3463 513 3530 αάτις
528 3463 629 3528 ἔδωκε·
659 3462 854 3542 μινυνθάδιον
868 3461 902 3526 δέ
916 3488 955 3542 με
968 3461 1065 3545 μήτηρ

261 3566 383 3649 γείνατο
399 3567 532 3644 Λαοθόη,
548 3564 679 3648 θυγάτηρ
692 3565 809 3630 Ἀλταο
823 3564 974 3648 γέροντος,
1177 3580 1211 3643 85

258 3665 388 3744 Ἀλτεω,
405 3669 438 3736 ἀς
453 3669 626 3753 Λελέγεσσι
644 3668 922 3751 φιλοπτολέμοισιν
936 3669 1074 3750 ἀνάσσει,

262 3773 410 3854 Πήδασον
424 3772 598 3852 αἰπήεσσαν
613 3774 695 3857 έχων
709 3774 760 3838 ἐπὶ
775 3776 956 3838 Σατνιόεντι.
