2758 4228
253 319 315 406 916
652 319 801 381 YMNOI.

253 495 382 574 εἴπωμεν
396 491 467 558 τάδε
482 490 578 557 πάντα
594 490 764 574 διαμπερές,
779 493 814 556 αί
827 489 860 555 κέ
873 489 903 553 σ’
919 489 1020 576 ἆνιίγη

252 596 423 678 ἡμέτερόνδ’
439 596 516 661 ἰέναι
529 595 599 675 μηδ’
615 596 721 660 ἄλλων
736 593 845 674 δόρατ’
862 596 993 675 έρευνῖιν.

253 700 416 782 τηλύγετος
431 699 465 764 δέ
479 701 508 763 οί
524 699 589 765 υἱὸς
603 695 647 763 ένὶ
661 696 782 782 μεγάρῳ
799 695 934 781 εύπήκτῳ

254 805 401 886 ὀψίγονος
415 803 568 886 τρέφεται,
583 800 786 886 πολυεύχετος
802 800 955 867 ἀσπάσιός
970 825 1013 865 τε.
1156 811 1207 876 ¹⁶⁵

254 909 281 972 εί
296 909 349 971 τόν
363 907 391 989 γ’
407 903 572 989 ἐκθρέψαιο
589 902 637 968 καὶ
655 905 734 984 ήβης
749 902 859 986 μέτρον
874 906 978 980 ἵκοιτο,
1092 943 1093 950 1

253 1009 320 1094 ῥεῖά
336 1011 369 1076 κέ
382 1011 428 1076 τίς
443 1036 481 1074 σε
497 1011 602 1074 ίδοῦσα
617 1014 766 1092 γυναικῶν
781 1007 973 1088 θηλυτεράων

257 1115 400 1194 ζηλώσαι·
429 1113 505 1176 τόσα
520 1114 572 1178 κέν
587 1138 634 1176 τοι
649 1113 709 1175 άπδ
725 1109 889 1192 θρεπτήρια
904 1111 979 1189 δοίη.

292 1217 356 1285 Ὣς
371 1213 475 1298 ἔφαθ’·
503 1215 522 1296 ἡ
539 1215 565 1281 δ’
581 1215 726 1280 ἐπένευσε
742 1213 875 1296 καρήατι,
890 1217 941 1278 ταὶ
956 1217 990 1278 δὲ
1006 1215 1118 1295 φαεινδ

150 1351 152 1361 ·
255 1320 448 1401 πλησάμεναι
463 1321 569 1385 ύδατος
584 1318 679 1401 φέρον
693 1318 791 1401 άγγεα
809 1317 994 1382 κυδιάουσαι.
1157 1339 1208 1392 ιηο

254 1427 352 1508 ῥίμφα
367 1427 400 1488 δὲ
415 1422 528 1504 πατρὸς
542 1425 643 1486 ἵκοντο
656 1422 754 1504 μέγαν
769 1422 874 1502 δόμον,
890 1419 953 1485 ὦκα
968 1424 1001 1485 δὲ
1015 1416 1105 1502 μητρὶ

256 1528 382 1593 ἔννεπον
397 1526 436 1592 ὣς
452 1527 533 1591 εἶδόν
547 1550 581 1590 τε
596 1523 645 1588 καὶ
660 1525 777 1589 ἔκλυον.
821 1525 840 1604 ἡ
857 1529 890 1590 δέ
903 1523 975 1604 μάλ’
992 1521 1055 1589 ὦκα

257 1630 406 1695 ἐλθούσας
422 1628 542 1692 έκέλευε
559 1634 664 1692 καλεῖν
679 1625 726 1690 ἐπ’
741 1628 878 1706 ἀπείρονι
893 1630 1002 1711 μισθφ.

257 1735 288 1796 αἱ
304 1732 329 1796 δ’
345 1733 384 1799 ὥς
400 1731 426 1794 τ’
441 1731 459 1810 ἣ
474 1732 588 1813 έλαφοι
602 1729 620 1811 ἢ
633 1732 753 1812 πόρτιες
769 1733 870 1812 είαρος
885 1731 947 1817 ὥρῃ

258 1835 383 1900 ἅλλοντ’
398 1833 436 1899 δν
449 1841 584 1917 λειμῶνα
600 1834 820 1915 κορεσσάμεναι
841 1833 938 1916 φρένα
954 1834 1070 1920 φορβῇ,
1161 1858 1210 1912 175

259 1941 299 2006 ὣς
317 1943 348 2004 αἱ
364 1941 565 2024 ἐπισχόμεναι
582 1944 678 2004 ἑανῶν
692 1939 808 2024 πτύχας
825 1937 1005 2020 ἱμεροέντων

258 2041 347 2123 ἤϊξαν
363 2045 468 2122 κοίλην
484 2044 546 2107 κατ’
562 2041 716 2122 ἀμαξιτόν,
733 2044 811 2124 άμφὶ
827 2047 858 2108 δὲ
873 2047 976 2125 χαῖται

261 2147 350 2227 ὤμοις
366 2145 513 2211 άίσσοντο
529 2145 656 2232 κροκηίῳ
671 2146 755 2210 άνθει
771 2148 883 2225 ὁμοῖαι.

260 2251 369 2330 τέτμον
384 2250 408 2315 δ’
424 2250 513 2332 ἐγγὺς
529 2251 598 2314 ὁδοῦ
614 2250 723 2332 κυδρὴν
737 2250 819 2328 θεόν,
836 2250 908 2314 ἔνθα
923 2248 1018 2329 πάρος
1034 2274 1091 2332 περ

263 2354 424 2419 κάλλιπον·
447 2351 543 2434 αὐτὰρ
553 2354 656 2417 ἔπειτα
672 2353 750 2434 φίλα
765 2353 839 2434 πρὸς
854 2353 975 2434 δόματα
990 2353 1102 2434 πατρὸς
1163 2366 1214 2415 180

260 2457 391 2540 ἡγεῦνθ’,
406 2457 424 2536 ἡ
444 2456 470 2520 δ’
485 2456 530 2538 ἄρ’
547 2457 657 2521 ὄπισθε
673 2457 766 2537 φίλον
781 2455 938 2537 τετιημένη
955 2455 1026 2538 ήτορ

262 2567 367 2643 στεῖχε
386 2561 460 2624 κατὰ
476 2563 584 2642 κρῆθεν
599 2558 818 2638 κεκαλυμμένη,
834 2557 912 2641 ἀμφὶ
928 2563 962 2624 δὲ
976 2559 1094 2627 πέπλος

264 2664 387 2731 κυάνεος
400 2665 550 2748 ῥαδινοῖσι
565 2667 635 2730 θεῖος
653 2645 808 2738 ἐλελίζετο
825 2664 950 2728 ποσσίν.

263 2769 344 2852 αἶψα
359 2771 391 2833 δὲ
409 2767 520 2847 δώμαθ’
534 2769 636 2832 ίκοντο
651 2767 825 2847 διοτρεφέος
842 2773 979 2847 Κελεοῖο,

263 2875 325 2952 βὰν
341 2875 373 2936 δὲ
390 2871 427 2937 δι’
442 2872 596 2949 αἰθούσης,
613 2871 686 2934 ἔνθα
702 2871 794 2949 σφίσι
809 2871 916 2935 πότνια
930 2869 1028 2952 μήτηρ
1166 2883 1215 2947 ¹85

264 2975 341 3054 ἧστο
357 2975 437 3058 παρὰ
452 2979 588 3054 σταθμὸν
603 2973 707 3055 τέγεος
721 2975 799 3039 πύκα
813 2979 959 3053 ποιητοῖο,

265 3079 345 3143 παῖδ’
361 3081 419 3143 ὑπὸ
438 3080 541 3164 κόλπῳ
557 3078 682 3162 ἔχουσα,
699 3076 766 3141 νέον
781 3077 883 3144 θάλος·
907 3080 939 3142 αί
954 3081 987 3142 δὲ
1001 3077 1070 3158 παρ’
1085 3075 1178 3154 αι’ττὴν

265 3182 435 3262 έδραμον,ή
453 3182 479 3247 δ’
494 3182 540 3263 ἄρ’
555 3182 602 3245 ἐπ’
618 3179 705 3246 οὐδὸν
720 3181 779 3261 ἔβη
795 3183 879 3258 ποσί,
895 3183 945 3245 καί
958 3183 997 3262 ῥα
1011 3179 1164 3262 μελάθρου

267 3290 335 3365 κῦρε
352 3284 435 3368 κάρη,
450 3289 570 3363 πλῆσεν
585 3286 617 3350 δὲ
633 3284 723 3366 θύρας
742 3285 855 3352 σέλαος
871 3286 975 3349 θείοιο.

267 3388 362 3469 τὴνδ’
378 3390 467 3456 αἰδός
481 3415 514 3455 τε
529 3391 626 3471 σέβας
641 3413 674 3453 τε
689 3391 733 3453 ἰδὲ
748 3394 869 3472 χλωρὸν
884 3388 951 3456 δέος
965 3389 1057 3454 εῖλεν·
1167 3413 1217 3465 1⁹0

268 3491 330 3572 εἶξε
348 3491 381 3557 δέ
400 3495 429 3556 οἱ
444 3498 586 3574 κλισμοῖο
602 3490 649 3556 καὶ
666 3491 843 3572 ἑδριάασθαι
860 3493 986 3575 άνωγεν.

269 3598 340 3664 ἀλλ’
354 3597 387 3662 οὐ
403 3595 548 3678 Δημήτηρ
563 3596 720 3680 ὡρηφόρος
738 3599 928 3688 ἀγλαόδωρος

500 3738 546 3792 174
562 3728 609 3778 αἵδ’
620 3727 651 3779 ὥς
662 3745 699 3778 τοι
710 3731 739 3779 Μ
749 3747 756 3790 ;
772 3729 867 3778 emen&
880 3727 986 3778 anck.
