2848 4296
537 355 588 402 20.
605 340 775 399 ιΛιΑΔοΣ
797 342 834 400 π.
857 381 858 384 ι
1092 354 1156 422 405

211 506 288 590 ἀμφὶ
305 508 351 587 σέ,
368 509 415 588 ἤϊε
429 514 538 590 Φοῖβε,
554 508 603 573 καὶ
614 509 713 590 Ἀρηα
728 510 942 590 πτολίπορθον.

248 613 311 680 Ὣς
326 616 355 677 οἱ
370 613 425 694 μέν
439 614 465 697 β’
484 611 624 695 ἑκάτερθε
640 610 771 691 καθήατο
785 613 965 692 μητιόωντες

210 716 336 796 βουλάς·
360 717 523 801 ἀρχέμεναι
538 719 572 781 δὲ
587 716 771 799 δυσηλεγέος
788 715 935 794 πολέμοιο

212 821 323 885 ὥκνεον
334 822 511 903 ἀμφότεροι,
528 820 603 886 Ζεὺς
619 819 645 886 δ’
660 821 770 900 ἥμενος
784 821 842 901 ὕψι
863 817 976 882 κέλευε.
1112 845 1157 894 ¹55

254 929 323 988 Τῶν
338 924 365 988 δ’
379 925 461 990 άπαν
476 923 616 1004 ἐπλήσθη
633 924 736 988 πεδίον
752 924 801 986 καὶ
816 922 953 1001 λάμπετο
971 923 1087 1006 χαλκῷ,

213 1028 327 1109 ἀνδρῶν
342 1025 388 1106 ἧδ’
403 1030 513 1092 ἵππων·
538 1028 678 1109 κάρκαιρε
694 1029 727 1090 δέ
741 1032 814 1109 γαῖα
829 1029 978 1091 πόδεσσιν

213 1131 381 1212 ὀρνυμένων
395 1131 509 1211 ἀμυδις.
533 1132 585 1195 δύο
601 1131 626 1196 δ’
644 1130 746 1212 ἀνέρες
768 1129 850 1213 ἔξοχ’
867 1130 986 1211 ἄριστοι

214 1238 244 1300 ἐς
257 1233 353 1315 μέσον
368 1235 548 1317 ἀμφοτέρων
564 1235 688 1313 συνίτην
702 1239 841 1314 μεμαῶτε
854 1232 1017 1318 μάχεσθαι,

213 1340 333 1404 Αἰνείας
351 1338 375 1401 τ’
391 1337 594 1422 Ἀγχισιάδης
610 1340 659 1402 καὶ
674 1344 737 1404 δῖος
751 1337 924 1422 Ἀχιλλεύς.

213 1443 334 1508 Αἰνείας
349 1447 382 1507 δέ
398 1449 514 1524 πρῶτος
530 1441 701 1522 ἀπειλήσας
717 1441 873 1522 ἐβεβήκει,

213 1544 380 1623 νευστάζων
396 1547 498 1628 κόρυθι
512 1548 634 1633 βριαρῇ·
659 1549 733 1628 ἀτδρ
749 1548 864 1610 ἀσπίδα
878 1549 980 1627 θοῦριν

213 1652 346 1730 πρόσθεν
361 1652 414 1734 ἔχε
430 1649 577 1732 στέρνοιο,
597 1651 725 1714 τίνασσε
741 1654 775 1714 δὲ
789 1649 925 1733 χάλκεον
941 1651 1041 1734 ἔγχος.

214 1753 366 1834 Πηλείδης
381 1753 406 1818 δ’
424 1755 569 1835 ἑτέρωθεν
584 1756 722 1820 έναντίον
737 1752 814 1836 ὦρτο
830 1753 910 1818 λέων
927 1755 966 1820 δς

214 1858 326 1936 σίντης,
344 1859 378 1922 όν
394 1885 427 1922 τε
443 1860 492 1923 καὶ
508 1859 613 1941 ἄνδρες
630 1858 833 1940 ἀποκτάμεναι
848 1856 1000 1938 μεμάασιν
1112 1869 1157 1932 165

213 1962 373 2043 ἀγρόμενοι
389 1967 447 2028 πάς
463 1967 563 2042 δῆμος·
588 1965 604 2026 ό
620 1965 653 2026 δὲ
667 1969 786 2044 πρῶτον
800 1963 856 2042 μὲν
873 1962 981 2039 ἀτίζων

214 2066 342 2148 ἔρχεται,
359 2066 428 2129 ἀλλ’
446 2069 497 2130 ὅτε
513 2068 564 2132 κέν
583 2092 627 2132 τις
643 2068 791 2148 ἀρηϊθόων
808 2067 917 2146 αίζηῶν

214 2171 295 2250 δουρὶ
310 2170 404 2256 βάλῃ,
420 2169 495 2248 ἐάλη
512 2194 545 2234 τε
560 2171 672 2254 χανών,
686 2170 758 2252 περί
771 2169 795 2233 τ’
812 2171 910 2250 ἀφρδς
926 2169 1051 2234 ὀδόντας

213 2274 358 2355 γίγνεται,
375 2276 408 2339 ἐν
423 2279 455 2339 δέ
472 2274 505 2336 τέ
518 2277 547 2337 οἳ
564 2275 668 2360 κραδίῃ
686 2273 786 2339 στένει
803 2273 931 2353 ἄλκιμον
947 2272 1027 2354 ήτορ,

214 2377 284 2463 οὐρῇ
300 2379 333 2440 δὲ
348 2376 480 2459 πλευράς
495 2402 527 2441 τε
543 2376 591 2442 καὶ
608 2379 695 2461 ίσχία
715 2377 931 2460 ἀμφοτέρωθεν

214 2482 380 2560 μαστίεται,
397 2482 428 2545 έέ
444 2487 469 2544 δ’
486 2481 576 2547 αὐτὸν
591 2482 747 2563 ἐποτρύνει
763 2481 971 2565 μαχέσασθαι,

214 2586 384 2667 γλαυκιόων
399 2586 423 2649 δ’
442 2586 504 2652 ἰθὺς
521 2585 645 2668 φέρεται
660 2587 752 2666 μένει,
769 2586 807 2665 ἤν
823 2613 890 2652 τινα
906 2585 1008 2672 πέφνῃ

215 2690 336 2770 ἀνδρῶν,
351 2686 370 2768 ή
387 2689 474 2755 αὐτὸς
489 2692 613 2771 φθίεται
628 2692 734 2774 πρώτῳ
751 2695 784 2755 ἐν
799 2693 905 2776 ὁμίλῳ·

216 2794 254 2859 δς
268 2791 390 2876 Ἀχιλῆ’
407 2794 517 2874 ὤτρυνε
532 2792 621 2874 μένος
638 2796 686 2857 καὶ
702 2794 793 2875 θυμὸς
809 2794 928 2876 ἀγήνωρ

216 2898 316 2961 ἀντίον
332 2897 491 2977 ἐλθέμεναι
505 2897 712 2981 μεγαλήτορος
727 2900 859 2963 Αἰνείαο.

215 3004 245 3064 οἱ
260 3003 284 3066 δ’
301 3005 352 3067 ότε
367 3005 404 3083 δή
421 3003 534 3087 σχεδὸν
549 3003 628 3083 ἦσαν
644 3005 689 3067 ἐπ’
708 3003 893 3083 ἀλλήλοισιν
910 3003 1013 3077 ἰόντες,

216 3111 268 3168 τδν
283 3109 425 3189 πρότερος
442 3107 606 3189 προσέειπε
622 3108 773 3191 ποδάρκης
788 3113 851 3173 δῖος
861 3105 1034 3188 Ἀχιλλεύς·

214 3215 233 3244 “
243 3212 356 3284 Αἰνεία,
372 3211 403 3274 τί
418 3211 457 3274 σδ
472 3215 588 3276 τόσσον
604 3214 710 3292 όμίλου
727 3211 845 3276 πολλὸν
861 3210 998 3273 ἐπελθὼν

215 3315 306 3392 ἔστης
315 3341 327 3390 ,·
351 3315 370 3395 ἦ
387 3314 424 3379 σέ
438 3342 475 3392 γε
491 3320 582 3395 θυμὸς
597 3317 664 3395 ἐμοὶ
679 3315 873 3398 μαχέσασθαι
890 3314 998 3395 ἀνάγει

215 3419 384 3499 ἐλπόμενον
398 3421 559 3502 Τρώεσσιν
575 3417 695 3498 ἀνάξειν
712 3417 910 3498 ἱπποδάμοισι

215 3524 299 3603 τιμῆς
314 3527 367 3601 τῆς
383 3523 544 3605 Πριάμου,·
569 3522 643 3603 ἀτὰρ
660 3525 753 3588 εἶκεν
769 3521 813 3600 ἔμ’
831 3518 1009 3607 ἐξεναρίξῃς,

214 3626 250 3689 οὕ
264 3652 311 3691 τοι
327 3626 452 3691 τοῦνεκά
466 3653 502 3709 γε
518 3629 656 3709 Πρίαμος
670 3626 760 3710 γέρας
776 3627 809 3690 ἐν
823 3626 890 3708 χερὶ
907 3623 1004 3703 θήσει·

215 3731 294 3796 είσὶν
310 3731 367 3814 γάρ
383 3733 412 3794 οἱ
429 3736 542 3807 παῖδες,
557 3733 576 3794 ό
594 3732 619 3795 δ’
634 3731 764 3811 ἔμπεδος
780 3730 838 3793 οὐδ’
857 3729 1022 3813 ἀεσίφρων.
