2848 4296
555 367 606 414 22.
631 352 801 412 ΙΛΙΑΔΟΣ
825 351 863 412 X.

228 521 246 601 ή
261 523 344 606 χιόνι
359 523 473 608 ψυχρῇ,
488 517 506 601 ἢ
523 520 560 599 ἐξ
572 523 678 587 ὕδατος
695 520 883 604 κρυστάλλῳ.
936 523 938 530 ⁴

229 626 301 690 ἔνθα
317 624 342 688 δ’
360 622 407 688 ἐπ’
424 624 541 688 αὐτάων
557 625 667 688 πλυνοὶ
683 622 779 706 εύρέες
794 622 883 706 ἐγγὺς
899 622 967 686 ἔασι

230 729 317 791 καλοὶ
331 725 459 803 λαίνεοι,
476 729 525 792 ὅθι
542 730 648 808 εἵματα
663 729 849 809 σιγαλόεντα

230 832 401 895 πλύνεσκον
415 830 527 911 Τρώων
543 831 654 914 ἄλοχοι
670 831 762 894 καλαί
776 856 808 894 τε
827 831 970 913 θύγατρες
1133 853 1178 902 ¹55

230 935 264 998 τὸ
280 935 351 1016 πρὶν
370 933 415 997 ἐπ’
434 933 560 1015 είρήνης,
578 933 648 1012 πρὶν
663 935 765 998 ἐλθεῖν
780 935 846 999 νίας
862 931 996 1016 Ἀχαιῶν

230 1041 264 1124 τῇ
280 1041 319 1121 ῥα
333 1035 574 1124 παραδραμέτην,
591 1037 722 1118 φεύγων,
739 1039 755 1098 ὁ
772 1037 797 1100 δ’
813 1039 923 1101 ὄπισθε
938 1038 1062 1101 διώκων

231 1143 347 1224 πρόσθε
360 1143 417 1220 μὲν
432 1143 544 1204 ἐσθλὸς
554 1141 681 1222 ἔφευγε,
698 1141 786 1204 δίωκε
802 1138 835 1203 δέ
847 1166 900 1219 μιν
913 1139 979 1223 μέγ’
997 1141 1128 1218 ἀμείνων

232 1245 436 1326 καρπαλίμως,
451 1244 518 1314 ἐπεὶ,
534 1243 590 1325 ούχ
602 1241 720 1323 ἱερήϊον
735 1243 803 1307 ούδέ
817 1245 926 1324 βοείην

232 1347 392 1429 ἀρνύσθην,
408 1346 428 1411 ἀ
443 1372 476 1418 ,τε
492 1345 730 1418 ποσοὶνάέθλια,
744 1330 880 1429 γίγνετάι
898 1349 1021 1428 ἀνδρῶν,
1034 1411 1037 1416 ,
1134 1357 1181 1406 160

233 1449 313 1512 ἀλλά
329 1450 397 1531 περὶ
411 1452 516 1532 ψυχῆς
530 1448 602 1522 θέον
614 1446 759 1526 Ἕκτορος
776 1449 968 1528 ἱπποδάμοιο.

233 1553 271 1619 ὡς
287 1553 312 1616 δ’
329 1552 371 1614 ὅτ’
390 1553 574 1635 ἀεθλοφόροι
590 1551 658 1634 περὶ
673 1551 803 1635 τέρματα
817 1554 953 1635 μώνυχες
968 1556 1055 1617 ίπποι

233 1657 328 1737 ῥίμφα
342 1655 427 1734 μάλα
442 1662 592 1738 τρωχῶσι·
618 1655 652 1727 τὸ
668 1657 701 1726 δὲ
714 1654 794 1738 μέγα
809 1662 904 1720 κεῖται
920 1655 1039 1735 ἀεθλον,

232 1756 250 1837 ἢ
266 1761 369 1840 τρίπος
386 1759 420 1837 ἠὲ
435 1757 521 1841 γυνή,
538 1761 645 1841 ἀνδρὸς
661 1763 910 1837 κατατεθνηῶτος·

233 1863 272 1928 ὣς
287 1863 327 1925 τὼ
345 1863 409 1944 τρὶς
424 1861 575 1944 Πριάμοιο
590 1862 683 1934 πόλιν
698 1860 764 1943 πέρι
779 1861 940 1942 δινηθήτην
1135 1873 1180 1938 165

233 1969 453 2048 καρπαλίμοισι
468 1967 607 2038 πόδεσσι·
632 1965 695 2034 θεοὶι
711 1961 736 2027 δ’
753 1967 784 2030 ές
803 1963 913 2034 πάντες
929 1967 1050 2047 ὁρῶντο·

233 2075 314 2133 τοῖσι
330 2072 363 2133 δὲ
378 2069 479 2150 μύθων
495 2068 569 2152 ἦρχε
587 2068 685 2148 πατὴρ
703 2069 819 2150 ἀνδρῶν
834 2094 867 2134 τε
882 2072 959 2133 θεῶν
974 2089 1015 2132 τε·

235 2171 287 2236 “ab
303 2174 406 2244 πόποι,
424 2171 442 2250 ἦ
457 2173 553 2252 φίλον
567 2172 661 2253 ἀνδρα
676 2173 863 2250 διωκόμενον.
873 2169 940 2254 περὶ
956 2177 1056 2254 τεῖχος

234 2277 441 2357 ὀφθαλμοῖσιν
457 2276 580 2356 ὁρῶμαιἰ
604 2278 677 2355 ἐμὸν
692 2275 717 2338 δ’
734 2276 915 2356 ὀλοφύρεται
933 2275 1005 2358 ἦτορ

230 2377 385 2462 Ἕκτορος,
403 2378 436 2450 ὅς
449 2405 502 2458 μοι
517 2379 620 2447 πολλὰ
635 2385 721 2458 βοῶν
736 2377 785 2444 ἐπὶ
799 2376 882 2458 μηρί’
897 2380 985 2457 ἔκηεν
1136 2399 1182 2452 170

230 2481 313 2560 Ἴδης
329 2485 362 2548 έν
378 2485 530 2568 κορυφῇσι
546 2482 751 2565 πολυπτύχου,
767 2481 881 2550 ἄλλοτε
897 2481 922 2545 δ’
939 2481 1009 2546 αὖτε

233 2585 268 2650 ἐν
283 2587 372 2650 πόλει
389 2585 544 2673 ἀκροτάτη·
569 2592 621 2654 νῦν
636 2584 706 2653 αὖτέ
720 2590 735 2649 έ
750 2590 813 2656 δῖος
827 2585 992 2669 Ἀχιλλεὺς

235 2690 310 2754 ἀστν
327 2690 394 2772 πέρι
410 2691 561 2772 Πριάμοιο
576 2690 669 2758 ποσὶν
683 2687 830 2770 ταχέεσσι
845 2689 954 2754 διώκει.

236 2794 304 2857 ἀλλ’
322 2794 411 2877 ἄγετε
425 2793 588 2875 φράζεσθε,
604 2793 677 2869 θεοί,
695 2793 743 2864 καὶ
756 2790 926 2872 μητιάασθε

235 2896 270 2975 ἠέ
284 2922 335 2975 μιν
351 2901 384 2960 ἐκ
400 2895 543 2968 θανάτοιο
559 2896 732 2975 σαώσομεν,
749 2895 784 2974 ήέ
798 2921 851 2974 μιν
865 2894 921 2974 ἤδη
1135 2918 1182 2969 175

236 2999 372 3086 Πηλείδη
389 2997 513 3083 Ἀχιλῆϊ
528 2997 727 3078 δαμάσσομεν
743 2998 857 3072 ἐσθλὸν
871 2995 990 3064 έόντα.”

278 3108 340 3166 Τὸν
355 3101 382 3167 δ’
402 3102 472 3168 οὔτε
486 3101 722 3185 προσέειπεθεά
737 3108 909 3185 γλαυκῶπις
923 3100 1046 3180 Ἀθήνη·

236 3205 288 3270 (ίά
304 3205 397 3288 πάτερ
414 3205 617 3289 ἀργικέραυνε,
634 3204 820 3286 κελαινεφές,
838 3208 902 3270 οἷον
918 3206 1026 3271 ἔειπες·

236 3313 328 3391 ἄνδρα
343 3310 453 3388 θνητὸν
468 3311 566 3385 ἐόντα,
582 3307 679 3373 πόλοι
695 3307 888 3390 πεπρωμένον
902 3311 984 3394 αίση,
1011 3303 1012 3306 “

235 3413 282 3495 ἀψ
298 3413 415 3480 ἐθέλεις
431 3411 572 3478 θανάτοιο
590 3410 736 3495 δυσηχέος
753 3410 956 3491 έξαναλΰσαι;
1137 3426 1184 3476 180

237 3517 305 3599 ἔρδ’·
328 3519 404 3600 ἀτάρ
419 3518 454 3582 ού
469 3543 516 3584 τοι
532 3515 641 3584 πάντες
656 3513 832 3595 ε’παινέομεν
849 3517 912 3580 θεοὶ
927 3513 1048 3580 άλλοι.”

279 3622 343 3700 Τὴν
359 3620 386 3686 δ’
403 3623 647 3701 ἀπαμειβόμενος
662 3616 801 3699 προσέφη
818 3618 1042 3714 νεφεληγερέτα
1058 3618 1142 3684 Ζεύς·

237 3733 253 3761 “
265 3724 381 3808 θάρσει,
396 3723 601 3808 Τριτογένεια,
619 3725 713 3806 φίλον
728 3722 821 3791 τέκος·
846 3723 880 3788 ού
896 3723 931 3789 νύ
945 3749 974 3787 τι
991 3724 1071 3806 θυμῷ
