2760 4232
477 344 545 402 ΕΙΣ
569 343 826 406 ΑΦΡΟΔΙΤΗΝ.
1065 354 1128 422 975

179 513 214 575 οά
228 512 286 596 γάρ
304 513 352 576 τοί
366 538 395 576 τι
410 510 478 578 δέος
492 510 615 576 παθέειν
630 518 721 576 κακὸν
732 510 771 590 ἐξ
785 511 889 592 ἐμέθεν
905 539 952 594 γε,

180 614 240 680 οὐδ’
256 616 360 680 ἀλλων
375 615 525 697 μακάρων,
541 613 605 682 ἐπεὶ
621 614 640 695 ῆ
655 616 749 696 φίλος
763 611 835 678 ἐσσί
849 620 957 680 θεοῖσι.
1078 642 1126 691 19⁵

181 721 230 782 σοὶ
245 717 270 783 δ’
285 720 373 784 ἔσται
388 721 480 800 φίλος
496 720 569 798 υἱός,
585 719 618 786 ὃς
634 721 667 782 ἐν
681 719 841 799 Τρώεσσιν
857 717 968 796 ἀνάξει,

181 825 229 887 καὶ
244 829 349 889 παῖδες
364 825 510 887 παίδεσσι
526 825 685 904 διαμπερὲς
704 821 909 905 ἐκγεγάονται·

178 929 221 1012 τῷ
237 929 269 991 δέ
286 928 333 991 καὶ
349 927 470 993 Αἰνείας
487 925 570 1006 ὄνομ’
585 927 720 1004 ἔσσεται,
737 923 846 990 οὕνεκά
859 925 889 1004 μ’
905 927 989 989 αίνδν

179 1033 272 1115 ἔσχεν
287 1030 372 1114 άχος,
388 1029 473 1095 ἕνεκα
488 1035 602 1111 βροτοῦ
617 1028 724 1111 ἀνέρος
739 1031 874 1110 έμπεσον
890 1029 969 1114 εὐνῇ·

180 1135 316 1218 ἀγχίθεοι
332 1138 364 1199 δέ
379 1133 514 1214 μάλιστα
529 1139 720 1211 καταθνητῶν
735 1134 900 1213 ἀνθρώπων

179 1237 237 1303 αἰεὶ
253 1235 307 1320 ἀφ’
322 1239 464 1320 ὑμετέρης
479 1241 584 1320 γενεῆς
593 1237 679 1324 εἶδός
693 1263 726 1301 τε
746 1234 827 1318 φυήν
842 1261 883 1301 τε.

179 1341 197 1420 ῆ
212 1368 259 1406 τοι
273 1344 328 1419 μὲν
343 1341 454 1420 ξανθὸν
469 1339 783 1422 Γανυμήδεαμητιέτα
799 1340 873 1406 Ζεὺς
902 1397 905 1402 .

178 1446 316 1525 ἥρπασεν
331 1445 366 1510 δν
382 1448 431 1509 διὰ
447 1444 569 1523 κάλλος,
585 1443 623 1509 ἵν’
638 1443 817 1510 ἀθανάτοισι
831 1444 958 1524 μετείη,

179 1550 231 1612 καί
243 1574 275 1612 τε
292 1554 367 1614 Διδς
383 1551 458 1612 κατά
473 1554 556 1627 δῶμα
571 1553 655 1614 θεοῖς.
666 1548 894 1631 ἐπιοινοχοεύοι,

99 1720 103 1727 ,
179 1658 277 1732 θαῦμα
293 1654 377 1730 ἰδεῖν,
393 1651 542 1717 πάντεσσι
561 1651 714 1732 τετιμένος
729 1651 923 1728 ἀθανάτοισι,Ι

178 1755 309 1840 χρυσέου
325 1758 357 1820 ἐκ
374 1759 517 1837 κρητῆρος
532 1757 681 1838 ἀφύσσων
696 1755 801 1836 νέκταρ
817 1756 948 1836 ἐρυθρόν.

178 1865 268 1940 Τρῶα
283 1862 315 1923 δὲ
331 1859 442 1924 πένθος
456 1859 591 1924 ἄλαστον
607 1863 661 1940 ἔχε
676 1858 795 1940 φρένας,
812 1857 881 1924 οὐδέ
895 1882 924 1920 τι
937 1853 1003 1943 ᾔδει

178 1965 260 2048 ὅππῃ
276 1965 305 2026 οἱ
321 1964 415 2043 φίλον
430 1965 496 2027 υἱὸν
511 1961 666 2043 ἀνήρπασε
683 1961 789 2028 θέσπις
801 1962 911 2024 Ιἀελλα·

179 2066 231 2129 τὸν
246 2067 282 2145 δὴ
299 2067 404 2130 ἔπειτα
418 2067 533 2148 γόασκε
547 2067 707 2145 διαμπερὲς
722 2063 821 2144 ἤματα
835 2064 943 2128 πάντα.

180 2170 228 2233 καί
240 2197 292 2246 μιν
307 2169 382 2235 Ζεὺς
398 2169 516 2248 ἐλέησε,
533 2169 616 2233 δίδου
630 2168 663 2232 δέ
677 2171 706 2232 οἱ
722 2171 786 2234 οἶος
802 2169 911 2231 ἄποινα

179 2276 287 2340 ἵππους
306 2266 480 2353 ἀρσίποδας,
497 2273 546 2337 τοί
551 2271 584 2334 τ’
601 2271 765 2338 ἀθανάτους
781 2270 938 2353 φορέουσι.

178 2376 245 2442 τούς
261 2379 290 2439 οἱ
306 2382 401 2457 δῶρον
415 2377 526 2442 ἔδωκεν
542 2376 634 2461 ἔχειν·
658 2376 742 2440 εἶπεν
757 2378 790 2439 δέ
805 2375 918 2438 ἕκαστα

179 2485 275 2560 Ζηνὸς
291 2480 502 2567 ἐφημοσύνῃσι
519 2477 674 2560 διάκτορος
688 2478 917 2561 Ἀργειφόντης,

180 2585 218 2650 ὡς
235 2585 279 2648 έοι
295 2582 441 2649 ἀθάνατος
457 2580 505 2647 καί
520 2581 638 2666 ἀγήρως
652 2583 710 2646 ,ἶσα
725 2587 851 2646 θεοῖσιν.

179 2686 270 2769 αὐτὰρ
287 2688 352 2751 ἐπεὶ
369 2687 405 2766 δὴ
422 2685 517 2764 Ζηνός
532 2688 550 2749 ό
565 2684 594 2768 γ’
609 2686 716 2750 ἔκλυεν
732 2683 912 2774 ἀγγελιάων,
959 2737 961 2742 .

179 2789 273 2854 οὐκέτ’
289 2791 394 2855 ἔπειτα
407 2791 532 2872 γόασκε,
548 2789 671 2873 γεγήθει
687 2791 720 2854 δὲ
735 2788 847 2872 φρένας
863 2789 959 2864 ἔνδον,

178 2896 348 2976 γηθόσυνος
364 2892 389 2958 δ’
404 2896 544 2958 ίπποισιν
560 2895 804 2959 ἀελλοπόδεσσιν
818 2893 931 2974 όχεῖτο.

180 3001 219 3064 δς
234 2999 259 3063 δ’
276 2999 312 3062 αδ
327 3003 464 3062 Τιθωνὸν
480 2999 684 3080 χρυσόθρονος
698 2998 835 3078 ῆρπασεν
850 2995 941 3072 Ἠώς,

177 3101 320 3185 ὑμετέρης
335 3107 450 3185 γενεῆς,
466 3103 635 3166 ἐπιείκελον
650 3099 837 3165 ἀθανάτοισι.

178 3209 221 3287 βῆ
238 3206 263 3270 δ’
279 3209 346 3285 ἴμεν
362 3204 532 3284 αἰτήσουσα
547 3205 730 3286 κελαινεφέα
745 3204 900 3285 Κρονίωνα

179 3311 329 3375 ἀθάνατόν
343 3308 369 3373 τ’
385 3310 462 3375 εἶναι
479 3311 527 3372 καὶ
544 3309 629 3386 ζόειν
642 3308 741 3387 ἤματα
756 3306 863 3371 πάντα·

178 3416 214 3500 τῆ
230 3417 263 3478 δέ
279 3414 355 3481 Ζεδς
371 3413 516 3478 ἐπένευσε
532 3413 580 3476 καὶ
596 3411 739 3492 ἐκρήηνεν
754 3411 875 3490 ἐέλδωρ.

179 3521 280 3597 νηπίη,
297 3516 357 3580 οὐδ’
372 3520 481 3597 ἐνόησε
496 3515 571 3596 μετὰ
589 3518 682 3597 φρεσὶ
696 3516 804 3580 πότνια
817 3513 899 3580 ’Heus

213 3685 261 3734 204
280 3687 317 3736 sq.
338 3669 531 3733 έπιοινοχοεόειν,
554 3666 690 3729 τετιμένον,
712 3665 831 3729 ἀφόσαειν
854 3666 897 3723 Μ;
930 3661 1082 3724 τετιμένονος
1102 3681 1126 3713 x.

182 3764 230 3813 214
245 3748 288 3798 ίσα
300 3749 391 3798 θεοῖσιν
432 3764 462 3814 y;
479 3747 561 3810 ήματα
572 3745 650 3795 πάντα
661 3762 702 3811 xp.
802 3771 804 3778 ι
