2874 4234
535 356 564 424 5·
588 349 883 440 ολιννοιᾼνν.
1125 358 1188 424 597

239 515 341 594 ἠϊόνας
356 541 388 580 τε
405 507 606 599 παραπλῆγας
621 516 745 597 λιμένας
761 543 793 580 τε
810 516 979 594 θαλάσσης.
1136 544 1189 592 440

239 618 309 683 ἀλλ’
326 620 376 682 ὅτε
392 619 427 698 δή
445 625 593 699 ποταμοῖο
608 626 684 684 κατὰ
700 621 797 700 στόμα
814 621 988 701 καλλιρόοιο

239 722 286 802 ἶξε
302 723 387 799 νέων,
403 727 438 808 τῇ
456 721 492 802 δή
508 727 538 786 οἱ
555 725 675 787 ἐείσατο
691 730 789 806 χῶρος
807 723 941 806 άριστος,

238 831 321 893 λεῖος
340 825 486 908 πετράων,
504 823 551 890 καὶ
568 823 617 892 ἐπὶ
633 827 748 893 σκέπας
765 827 802 906 ἦν
818 825 948 907 ἀνέμοιο.

239 931 316 1012 ἔγνω
331 933 364 993 δὲ
379 931 544 1011 προρέοντα
560 928 608 994 καὶ
624 931 731 1009 εὔξατο
747 929 782 996 δν
800 934 874 994 κατὰ
890 930 992 1010 θυμόν·

282 1042 298 1069 “
311 1038 418 1113 Κλῦθι,
434 1033 518 1113 άναξ,
534 1036 597 1100 ὅτις
614 1037 694 1098 ἐσσί·
719 1035 929 1098 πολύλλιστον
946 1034 978 1098 δέ
993 1033 1022 1096 σ’
1040 1031 1131 1098 ἱκάνω

239 1137 361 1219 φεύγων
376 1140 408 1201 ἐκ
424 1140 548 1202 πόντοιο
563 1137 778 1203 Ποσειδάωνος
796 1136 910 1203 ε’νιπάς.
946 1199 952 1204 .,
1137 1151 1188 1216 446

238 1243 350 1308 αἰδοῖος
366 1241 422 1322 μέν
438 1242 463 1305 τ’
482 1239 548 1312 ἐστὶ
565 1240 613 1306 καὶ
629 1241 807 1306 άθανάτοισι
823 1246 940 1305 θεοῖσιν
999 1264 1001 1268 ·

239 1345 354 1425 άνδρῦν
369 1346 402 1411 ὅς
418 1371 463 1412 τις
479 1348 578 1423 ἵκηται
593 1345 758 1424 άλιόμενος,
774 1345 813 1410 ὡς
829 1346 878 1407 καὶ
897 1345 956 1426 ἐγὼ
969 1348 1022 1408 νῦν

239 1448 296 1511 σόν
310 1473 343 1512 τε
357 1450 428 1530 ῥόον
444 1447 484 1510 σά
499 1473 531 1512 τε
547 1449 666 1529 γούναθ’
685 1446 775 1510 ἱκάνω
791 1450 894 1510 πολλὰ
909 1446 1056 1529 μογήσας.

240 1551 310 1613 ἀλλ’
324 1553 452 1634 ἐλέαιρε,
464 1551 549 1630 άυαξ·
574 1551 671 1628 ἱκέτης
686 1551 720 1616 δέ
735 1576 780 1614 τοι
797 1550 922 1632 εὔχομαι
940 1548 1049 1616 εἶναι.”
1137 1577 1188 1629 45ο

276 1653 339 1722 Ὣς
355 1655 437 1736 φάθ’,
456 1658 471 1718 ὁ
488 1655 512 1720 δ’
530 1655 635 1719 αὐτίκα
651 1661 769 1720 παῦσεν
785 1655 836 1718 ἑὸν
850 1654 930 1737 ῥόον,
947 1655 1022 1737 ἔσχε
1039 1657 1071 1718 δὲ
1088 1659 1173 1734 κῦμα,

239 1760 354 1840 πρόσθε
370 1758 402 1824 δέ
417 1762 444 1822 οἱ
461 1761 570 1837 ποίησε
587 1757 731 1841 γαλήνην,
747 1757 804 1822 τὸν
815 1755 840 1822 δ’
855 1757 994 1821 ἐσάωσεν
1093 1801 1095 1806 -

238 1865 269 1928 ές
285 1867 418 1942 ποταμοῦ
435 1861 577 1946 προχοάς·
601 1863 617 1924 δ
634 1862 659 1926 δ’
676 1859 721 1943 ἄρ’
737 1862 830 1942 ἄμφω
845 1859 963 1942 γούνατ’
981 1863 1100 1942 ἔκαμψε

237 1968 342 2048 χεῖράς
358 1992 389 2030 τε
407 1965 564 2046 στιβαράς·
589 1968 642 2028 δλὶ
658 1969 716 2046 γὰρ
732 1963 857 2043 δέδμητο
872 1965 967 2044 φίλον
984 1968 1048 2043 κῆρ.

239 2069 312 2150 ᾤδεε
328 2068 360 2129 δὲ
375 2067 452 2149 χρόα
468 2063 575 2142 πάντα,
591 2063 736 2127 θάλασσα
751 2069 783 2127 δὲ
802 2061 885 2141 κήκιε
902 2063 1018 2141 πολλήΙ
1135 2091 1185 2142 455
1299 2066 1301 2071 ’

238 2169 275 2234 ἂν
292 2172 388 2246 στόμα
403 2195 435 2233 τε
450 2168 533 2251 ῥῖνάς
549 2167 590 2231 θ’·
615 2170 631 2231 ὁ
646 2165 671 2232 δ’
687 2165 732 2248 ἄρ’
748 2167 914 2232 ἄπνευστος
932 2169 980 2231 καὶ
996 2168 1122 2233 ἄναυδος

239 2262 545 2354 κεῖτ”όλιγηπελέωη
561 2270 691 2350 κάματος
706 2271 740 2335 δέ
755 2295 806 2349 μιν
825 2271 908 2335 αἰνὸς
924 2272 1034 2334 ἵκανεν.

239 2375 309 2438 ἀλλ’
324 2377 374 2440 ὅτε
391 2375 427 2454 δή
441 2373 470 2457 ῥ’
486 2376 617 2455 ἔμπνυτο
633 2376 682 2438 καὶ
699 2376 730 2439 ἐς
745 2373 844 2455 φρένα
861 2373 952 2453 θυμὸς
965 2373 1088 2456 Ιἀγέρθη,

240 2480 287 2542 καὶ
303 2479 370 2544 τότε
386 2481 422 2559 δὴ
440 2478 608 2559 κρήδεμνον,
619 2479 679 2542 άπὸ
695 2478 728 2542 ἕο
743 2480 819 2540 λῦσε
837 2483 928 2542 θεοῖο.

240 2584 288 2646 καὶ
303 2583 337 2647 τδ
351 2585 407 2662 μὲν
422 2587 453 2648 ἐς
470 2583 603 2662 ποταμδν
618 2579 819 2661 ἁλιμυρήεντα
834 2586 973 2660 μεθῆκεν,
1134 2595 1186 2661 460

238 2686 285 2767 δή
301 2687 326 2750 δ’
343 2688 450 2767 ἔφερεν
465 2686 544 2769 μέγα
559 2693 636 2765 κῦμα
652 2689 727 2748 κατὰ
740 2685 821 2767 ῥόον,
838 2686 918 2767 αἶψα
933 2684 958 2749 δ’
975 2685 1020 2766 ἄρ’
1039 2683 1106 2748 Ἰνὼ

240 2789 345 2868 δέξατο
359 2792 449 2872 χερσὶ
465 2792 606 2877 φίλῃσιν·
631 2791 647 2853 ὁ
663 2789 688 2853 δ’
705 2791 736 2852 έκ
754 2794 901 2868 ποταμοῖο
916 2790 1055 2855 λιασθεὶς

240 2895 353 2978 σχοίνῳ
369 2896 543 2970 ὑπεκλίνθη,
560 2895 633 2956 κύσε
648 2896 680 2956 δὲ
698 2893 836 2973 ζείδωρον
852 2891 989 2974 ἄρουραν·

227 2995 374 3079 ’ὀχθήσας
390 2998 415 3061 δ’
432 2998 490 3078 ἄρα
505 2998 571 3061 εἶπε
586 2997 660 3076 πρὸς
676 2995 710 3059 δν
724 2995 915 3078 μεγαλήτορα
931 2996 1033 3074 θυμόν·

283 3100 351 3164 “Ὢ
367 3128 418 3182 μοι
434 3103 502 3184 έγιύ,
519 3103 550 3164 τί
563 3100 672 3175 πάθω,·
696 3101 726 3162 τί
742 3105 776 3164 νύ
790 3126 841 3178 μοι
856 3098 987 3177 μήκιστα
1003 3100 1123 3181 γένηται
1137 3127 1148 3176 ,·
1171 3120 1174 3124 ’

240 3207 266 3267 εἰ
283 3204 338 3281 μέν
353 3205 378 3267 κ’
394 3207 426 3269 έν
442 3203 564 3288 ποταμῷ
577 3201 723 3281 δυσκηδέα
739 3205 830 3267 νύκτα
845 3203 1008 3283 φυλάσσω,
1133 3217 1184 3283 466

238 3305 279 3387 μή
294 3305 323 3387 μ’
342 3307 445 3386 άμυδις
461 3309 602 3394 στίβητε
619 3308 694 3387 κακὴ
711 3305 759 3370 καὶ
777 3311 869 3385 θῆλυς
886 3307 974 3386 ἐέρση

240 3410 276 3489 έξ
289 3411 486 3492 ὀλιγηπελίης
502 3409 621 3496 δαμάσῃ
639 3411 811 3491 κεκαφηότα
826 3411 929 3488 θυμόν·

240 3515 313 3596 αῦρη
329 3512 354 3577 δ’
369 3516 401 3576 ἐκ
417 3518 551 3595 ποταμοῦ
566 3514 670 3598 ψυχρή
687 3514 769 3577 πνέει
785 3513 859 3592 ήιῦθι
875 3513 942 3592 πρό.

240 3621 266 3683 εί
285 3617 319 3681 δέ
335 3643 386 3682 κεν
400 3619 431 3683 ές
448 3617 551 3681 κλιτὺν
567 3619 684 3699 ἀναβὰς
700 3615 748 3681 καὶ
764 3616 888 3680 δάσκιον
903 3618 979 3694 ύλην
1133 3637 1185 3694 470

240 3721 363 3800 θάμνοις
379 3723 411 3784 έν
427 3726 578 3785 πυκινοῖσι
595 3720 776 3804 καταδράθω,
793 3721 820 3784 εἴ
832 3747 870 3799 με
884 3718 980 3807 μεθήῃ
