2834 4234
493 365 541 432 13·
564 352 797 412 ολκνναιλν
823 354 863 414 N.
1097 363 1159 431 725

209 518 301 601 αὐτὰρ
315 520 375 602 ἐγὼ
391 520 425 582 τδ
439 522 495 601 μὲν
510 520 545 583 ού
560 521 627 584 ποτ’
642 523 796 600 ἇπίστεον,
813 522 882 585 ἀλλ’
894 521 937 586 ε’νὶ
954 523 1036 608 θυμῷ

209 623 278 708 ᾔδε’,
295 623 311 687 δ
327 623 488 704 νοστήσεις
503 625 615 691 ὀλέσας
634 625 693 690 άπα
709 624 824 692 πάντας
840 627 984 708 ἑταίρους·
1107 655 1157 704 340

209 726 290 791 άλλά
305 752 352 792 τοι
367 729 419 792 ούκ
431 725 562 807 ε’θέλησα
582 730 773 794 Ποσειδάωνι
787 729 941 813 μάχεσθαι
1144 717 1146 722 ’

209 830 485 918 πατροκασιγνήτῳ,
502 835 535 899 ός
551 859 597 897 τοι
614 834 702 897 κότον
718 834 819 898 ἔνθετο
836 835 926 919 θυμῷ,

209 937 361 1017 χωόμενος
376 938 423 1000 ότι
439 939 468 999 οἱ
483 937 549 1002 υίδν
564 940 659 1018 φίλον
674 936 860 1015 ἐξαλάωσας.

208 1040 279 1102 ἀλλ’
293 1039 349 1121 άγε
364 1065 410 1103 τοι
426 1038 513 1118 δείξω
527 1042 645 1120 Ἰθάκης
661 1041 735 1117 ἕδος,
752 1043 831 1122 ὄφρα
847 1042 1002 1127 πεποίθῃς.

208 1144 360 1224 Φόρκυνος
374 1148 430 1224 μὲν
445 1145 489 1208 ὅδ’
504 1142 570 1209 ε’στὶ
586 1145 686 1224 λιμήν,
704 1148 804 1209 ἁλίοιο
820 1147 969 1229 γέροντος,
1107 1175 1156 1224 345

209 1247 263 1324 ήδε
278 1247 302 1311 δ’
320 1249 369 1312 ἐπὶ
386 1248 492 1329 κρατὸς
509 1249 631 1327 λιμένος
646 1251 839 1330 τανύφυλλος
856 1253 951 1327 έλαίη·

209 1352 335 1434 [ἀγχόθι
352 1351 378 1415 δ’
393 1353 484 1430 αὐτῆς
500 1351 607 1434 ἄντρον
623 1354 771 1433 ἐπήρατον
785 1353 940 1434 ἠεροειδές,

210 1454 275 1533 ἱρὸν
289 1453 435 1534 νυμφάων
451 1455 482 1519 αδ
499 1455 618 1535 νηϊάδες
636 1455 820 1545 καλέονται·]

208 1562 294 1621 τοῦτο
310 1558 343 1621 δέ
358 1583 403 1622 τοι
421 1559 516 1627 σπέος
532 1557 597 1623 ἐστὶ
614 1561 790 1642 κατηρεφές,
807 1563 880 1628 ἔνθα
894 1562 934 1624 σὺ
949 1565 1070 1630 πολλδς

209 1660 348 1740 ἔρδεσκες
365 1662 500 1749 νύμφῃσι
516 1665 686 1742 τεληέσσας
707 1667 886 1745 ἑκατόμβας·
1107 1694 1157 1740 350

208 1768 296 1827 τοῦτο
312 1769 344 1829 δὲ
362 1765 494 1847 Νήριτόν
509 1771 594 1833 ἔστιν
611 1771 679 1849 όρος
694 1770 888 1849 καταειμένον
903 1769 990 1857 ύλῃ.”
1150 1769 1153 1776 ’

247 1866 310 1934 Ὣς
326 1871 454 1934 εἰποῦσα
470 1874 524 1935 θεδ
540 1872 664 1936 σκέδασ’
681 1872 762 1955 ἠέρα,
779 1877 883 1936 εἵσατο
900 1875 932 1936 δὲ
947 1875 1038 1958 χθόν’

207 1971 341 2054 γήθησέν
357 1969 383 2034 τ’
398 1974 442 2053 ἄρ’
460 1974 564 2038 ἔπειτα
579 1975 734 2041 πολύτλας
749 1980 812 2042 δῖος
826 1975 994 2043 Ὀδυσσεὺς

208 2077 322 2157 χαίρων
337 2074 355 2161 ᾗ
371 2077 450 2161 γαίῃ,
468 2079 541 2141 κύσε
556 2080 588 2140 δὲ
605 2078 742 2158 ζείδωρον
757 2079 895 2159 ἄρουραν.

208 2180 314 2242 αὐτίκα
329 2182 361 2242 δὲ
378 2180 496 2266 νύμφῃς
511 2180 644 2261 ἠρήσατο
659 2187 762 2264 χεῖρας
777 2183 931 2265 ἆνασχόν·
1108 2212 1155 2260 355

208 2289 228 2318 “
238 2283 352 2364 νύμφαι
368 2283 494 2361 νηϊάδες,
512 2290 614 2365 κοῦραι
629 2285 714 2362 Διός,
731 2285 847 2349 οὔποτ’
864 2287 922 2367 έγό
937 2311 973 2368 γε

209 2387 318 2468 ὄψεσθ’
334 2386 402 2468 ὔμμ’
419 2388 548 2469 ἐφάμην·
580 2392 633 2452 νῦν
648 2387 672 2452 δ’
690 2389 826 2475 εὐχωλῇς
842 2388 973 2476 ἀγανῇσι

209 2491 330 2571 χαίρετ’·
365 2490 438 2571 ἀτὰρ
455 2494 504 2556 καὶ
520 2497 598 2572 δῶρα
614 2493 788 2572 διδώσομεν,
806 2493 845 2559 ὡς
861 2495 896 2556 τδ
912 2495 1006 2572 πάρος
1023 2519 1087 2576 περ,

208 2599 241 2659 αἵ
255 2622 306 2660 κεν
322 2597 357 2679 έξι
371 2597 517 2675 πρόφρων
531 2621 569 2675 με
586 2601 660 2662 Διὸς
676 2594 809 2678 θυγάτηρ
828 2599 950 2680 ἀγελείη

209 2699 299 2762 αὐτόν
313 2723 347 2763 τε
363 2699 447 2777 ζόειν
463 2700 515 2762 καί
526 2725 577 2778 μοι
594 2700 688 2780 φίλον
702 2702 769 2766 υἱδν
784 2699 886 2787 α’έξῃ.”
1107 2715 1156 2776 360

251 2807 313 2867 Τδν
328 2803 353 2867 δ’
372 2803 442 2867 αὖτε
457 2803 620 2884 προσέειπε
637 2803 690 2867 θεά
706 2811 879 2881 γλαυκῶπις
893 2805 1015 2885 Ἀθήνη·

209 2913 224 2941 “
235 2906 350 2987 θάρσει,
364 2905 404 2986 μή
421 2932 467 2971 τοι
483 2912 572 2970 ταῦτα
587 2906 663 2986 μετὰ
678 2906 770 2988 φρεσὶ
786 2909 860 2994 σῇσι
875 2912 1038 2989 μελόντων.

209 3009 289 3074 όλλὰ
305 3010 443 3094 χρήματα
457 3012 513 3090 μέν
526 3012 612 3095 μυχῷ
623 3011 732 3091 άντρου
748 3014 924 3076 θεσπεσίοιο

208 3116 326 3193 θείομεν
342 3115 446 3177 αὐτίκα
460 3119 521 3189 νῦν,
537 3116 586 3178 ἵνα
601 3116 744 3196 περ’τάδε
758 3141 804 3180 τοι
821 3117 880 3179 σόα
895 3117 998 3202 μίμνῃ·

208 3215 291 3282 αὐτοὶ
306 3220 338 3281 δὲ
355 3217 524 3299 φραζόμεθ’
541 3219 622 3283 ὅπως
640 3218 687 3300 ὄχ’
704 3217 813 3299 άριστα
828 3217 977 3301 γένη’ται.”
1106 3235 1154 3297 365

245 3320 308 3387 *ns
323 3323 450 3385 εἰποῦσα
466 3321 520 3385 θεὰ
536 3326 605 3385 δῦνε
621 3323 715 3388 σπέος
731 3323 887 3403 ἠεροειδές,

208 3425 350 3504 μαιομένη
368 3430 537 3505 κευθμῶνας
553 3426 611 3489 ἆνδ
626 3425 730 3492 σπέος·
759 3425 851 3504 αὐτὰρ
865 3426 1033 3494 Ὀδυσσεὺς

208 3529 307 3592 ἆσσον
322 3526 407 3593 πάντ’
423 3530 537 3610 ἐφόρει,
554 3530 668 3612 χρυσὸν
685 3528 733 3594 καὶ
748 3532 865 3610 ἀτειρέα
880 3532 996 3613 χαλκὸν

208 3631 315 3709 εἵματά
329 3632 354 3694 τ’
371 3633 520 3712 εὐποίητα,
537 3634 574 3698 τά
589 3636 618 3697 οἱ
633 3634 765 3712 Φαίηκες
783 3634 905 3699 ἔδωκαν.

209 3734 309 3801 καὶτὰ
324 3737 379 3815 μὲν
395 3735 428 3800 εὖ
444 3738 595 3817 κατέθηκε,
612 3739 700 3803 λίθον
716 3738 740 3802 δ’
758 3737 884 3816 ἐπέθηκε
901 3740 1007 3826 θύρῃσι
1105 3763 1155 3814 370
