2746 4228
497 371 526 421 ι.
552 360 721 419 ιΛιΑΔοΣ
744 361 778 420 Β.
1078 372 1117 439 27

175 528 269 611 κῆρυξ
283 528 460 610 Εὐρυβάτης
474 526 654 608 Ἰθακήσιος,
672 529 706 594 ός
720 531 749 592 οἱ
765 527 881 608 ὀπήδει·

173 631 263 698 αύτδς
279 632 304 695 δ’
320 630 480 714 Ἀτρεΐδεω
495 630 722 714 Ἀγαμέμνονος
737 633 838 697 ἀντίος
853 631 951 695 ἐλθὼν
1071 645 1117 706 ι85

172 732 283 811 δέξατό
297 736 326 798 οἱ
342 738 497 815 σκῆπτρον
511 735 670 816 πατρώϊον,
687 733 818 815 ἄφθιτον
833 733 902 797 αἰεί·
974 731 975 736 ¹

174 835 232 901 σὺν
245 837 287 921 τῷ
304 836 363 916 ἔβη
381 839 455 900 κατά
471 841 544 916 νῆας
559 835 694 920 Ἀχαιῶν
708 837 954 919 χαλκοχιτώνων.

211 937 274 1004 ’ον
287 965 355 1006 τινα
369 943 425 1019 μέν
439 943 581 1021 βασιλῆα
596 939 645 1003 καὶ
661 937 771 1021 ἔξοχον
785 937 878 1020 ἀνδρα
894 938 1002 1021 κιχείη,

173 1041 226 1107 τὸν
241 1042 266 1105 δ’
284 1043 407 1124 ἀγανοῖς
424 1041 569 1108 ἐπέεσσιν
584 1040 770 1123 ἐρητύσασκε
784 1038 950 1123 παραστάς·

174 1155 194 1181 “
203 1145 343 1225 δαιμόνι’,
360 1146 394 1208 ού
410 1171 448 1210 σε
463 1147 543 1209 ἔοικε
559 1143 651 1209 κακῶν
666 1145 706 1210 ῶς
722 1144 942 1215 δειδίσσεσθαι,
1071 1169 1117 1217 ¹90

175 1248 245 1310 ἀλλ’
262 1248 350 1315 αὐτός
365 1274 399 1313 τε
415 1248 531 1326 κάθησο
547 1248 596 1311 καὶ
612 1247 726 1312 ἄλλους
741 1248 823 1328 ἵδρυε
836 1245 938 1312 λαούς·

175 1351 208 1414 ού
222 1350 281 1433 γάρ
296 1376 343 1414 πω
359 1350 447 1432 σάφα
462 1348 543 1413 οἶσθ’
559 1351 624 1415 οἶος
638 1349 708 1415 νόος
720 1348 908 1429 Ἀτρείωνος·

174 1457 226 1518 νῦν
238 1455 295 1532 μὲν
310 1457 457 1534 πειρῶται,
474 1451 554 1538 τάχα
570 1453 595 1516 δ’
611 1455 717 1533 ίψεται
731 1453 798 1517 νίας
812 1451 955 1535 Ἀχαιῶν.
1041 1503 1043 1508 .

174 1556 207 1620 ἐν
220 1558 321 1644 βουλῇ
338 1559 366 1620 δ’
382 1557 417 1620 ού
431 1555 542 1622 πάντες
558 1554 729 1634 ἀκούσαμεν
744 1556 809 1620 οἶον
824 1554 929 1637 ἔειπε,ι

172 1655 213 1736 μή
229 1683 257 1722 τι
272 1658 491 1743 χολωσάμενος
505 1656 577 1745 ῥέξῃ
594 1657 685 1723 κακὸν
699 1659 766 1724 νίας
779 1657 923 1740 Ἀχαιῶν·
1070 1683 1114 1733 195

175 1760 313 1840 θυμὸςδέ
327 1761 421 1844 μέγας
437 1763 504 1826 ἐστὶ
519 1759 703 1842 διοτρεφέων
716 1758 888 1840 βασιλήων,

174 1864 242 1942 τιμή
259 1862 283 1927 δ’
300 1865 333 1928 ἐκ
350 1865 425 1930 Διός
441 1865 518 1936 ἐστι,
535 1869 623 1945 φιλεῖ
637 1861 671 1928 δέ
686 1867 701 1928 ἑ
715 1863 841 1943 μητίετα
857 1861 960 1928 Ζεύς.”

209 1966 273 2030 *ον
288 1965 313 2030 δ’
327 1966 363 2029 ού
378 1965 473 2045 δήμου
487 1965 513 2029 τ’
529 1965 622 2049 ἀνδρα
636 1969 696 2030 ίδοι
711 1964 852 2046 βοόωντά
866 1964 892 2028 τ’
909 1965 1041 2046 ἐφεύροι,

176 2069 228 2134 τὸν
243 2067 384 2153 σκήπτρῳ
401 2068 576 2135 ἐλάσασκεν
592 2066 808 2148 ὁμοκλήσασκέ
822 2094 856 2134 τε
869 2068 962 2153 μύθῳ·

175 2181 194 2207 “
204 2171 341 2250 δαιμόνι’,
359 2169 488 2254 ἀτρέμας
503 2171 563 2250 ήσο
579 2173 628 2235 καὶ
644 2171 749 2235 ἄλλων
762 2174 858 2251 μῦθον
873 2171 972 2243 ἀκουε,
1067 2198 1114 2235 200

174 2273 201 2336 οί
216 2272 271 2336 σέο
287 2272 429 2356 φέρτεροί
443 2274 515 2346 είοι,
531 2273 570 2336 σὺ
587 2274 612 2338 δ’
629 2274 800 2353 ἀπτόλεμος
815 2274 864 2337 καὶ
880 2273 1015 2346 ἀναλκις,

173 2378 239 2443 οὔτε
254 2377 320 2442 ποτ’
337 2380 371 2444 ἐν
385 2377 509 2463 πολέμῳ
525 2380 696 2461 ἐναρίθμιος
710 2377 770 2441 οὔτ’
787 2378 833 2443 ἐνὶ
847 2378 957 2465 βουλῇ.

173 2481 207 2545 ού
220 2479 276 2560 μέν
289 2506 354 2548 πως
368 2479 480 2547 πάντες
494 2480 724 2561 βασιλεύσομεν
740 2478 837 2545 ἐνθάδ’
853 2480 985 2564 Ἀχαιοί·

173 2585 224 2648 ούκ
240 2584 355 2667 ἀγαθὸν
368 2584 594 2666 πολυκοιρανίη·
618 2585 663 2650 είς
678 2583 816 2664 κοίρανος
831 2583 920 2659 ἐστω,

173 2690 216 2754 εἶς
229 2688 388 2768 βασιλεύς,
405 2686 429 2772 φ
445 2688 538 2752 ἔδωκε
553 2688 668 2769 Κρόνου
683 2691 755 2752 παῖς
770 2685 983 2769 ἀγκυλομήτεω
1066 2716 1112 2764 205

174 2783 342 2878 [σκῆπτρόν
356 2789 382 2854 τ’
397 2790 451 2869 ἠδὲ
466 2789 620 2870 θέμιστας,
637 2791 687 2854 ίνα
703 2790 796 2871 σφίσι
810 2786 1012 2877 βασιλεύη].”

208 2889 272 2957 *Ως
286 2893 354 2975 ὅγε
370 2892 532 2974 κοιρανέων
546 2892 631 2956 δίεπε
648 2891 787 2973 στρατόν·
811 2892 840 2954 οἶ
856 2891 880 2955 δ’
898 2891 1043 2974 ἀγορήνδε

172 2994 254 3061 αδτις
269 2997 473 3061 ἐπεσσεύοντο
489 3001 565 3060 νεῶν
580 2995 640 3058 ἀπο
656 2995 705 3057 καὶ
721 2993 869 3060 κλισιάων

171 3096 241 3183 ήχῆ,
259 3097 298 3164 ῶς
314 3099 365 3163 ὅτε
380 3104 458 3179 κῶμα
472 3098 723 3179 πολυφλοίσβοιο
739 3096 900 3177 θαλάσσης

171 3199 300 3283 αἰγιαλῶ
314 3199 439 3285 μεγάλῳ
455 3199 610 3282 βρέμεται,
628 3203 779 3280 σμαραγεῖ
793 3199 826 3263 δέ
841 3224 875 3264 τε
889 3201 1007 3267 πόντος.
1066 3229 1112 3264 210

211 3300 323 3364 Ἀλλοι
338 3301 395 3380 μέν
407 3301 441 3384 ῥ’
459 3302 570 3379 ἕζοντο,
587 3300 728 3382 ἐρήτυθεν
743 3303 776 3364 δὲ
792 3301 856 3364 καθ’
873 3302 969 3383 ἕδρας·

172 3404 325 3483 Θερσίτης
340 3403 365 3467 δ’
383 3405 428 3468 έτι
443 3411 553 3484 μοῦνος
568 3404 754 3488 ἀμετροεπὴς
769 3402 897 3489 ἐκολφα,

171 3505 205 3569 ός
218 3504 249 3586 ῥ’
266 3505 341 3569 ἐπεα
358 3507 470 3588 φρεσὶν
483 3505 556 3594 ᾗσιν
571 3507 690 3586 ἄκοσμά
705 3533 738 3571 τε
753 3506 857 3570 πολλά
871 3532 905 3573 τε
919 3507 984 3594 ᾔδη,

170 3604 249 3686 μάψ,
267 3608 342 3689 ἀτὰρ
358 3608 393 3670 οὐ
410 3611 485 3671 κατὰ
500 3609 624 3687 κόσμον,
641 3607 805 3689 ἐριζέμεναι
820 3615 1015 3687 βασιλεῦσιν,

172 3706 241 3770 ἀλλ’
258 3709 276 3770 ό
291 3733 319 3772 τι
336 3710 364 3771 οἱ
381 3710 499 3772 είσαιτο
514 3711 650 3792 γελοίϊον
663 3709 850 3793 Ἀργείοισιν
1066 3736 1112 3786 ³¹5
