2908 4232
582 377 631 444 23·
657 362 827 422 ιυΑΔος
849 363 885 422 ο.
1141 374 1205 445 479
1320 371 1334 392 =
1408 353 1416 374 ¹·

255 529 348 610 αὐτὰρ
361 527 489 613 Τυδείδη
505 532 600 592 δῶκεν
613 527 692 612 μέγα
707 526 869 612 φάσγανον
883 528 962 610 ἥρως

256 632 313 697 σὺν
328 634 424 717 κολεῷ
440 657 473 696 τε
489 631 592 714 φέρων
608 633 657 696 καὶ
672 631 805 718 ἐϋτμήτῳ
821 638 981 712 τελαμῶνι.
1156 646 1203 708 8²⁵

299 735 399 817 Αὐτὰρ
414 734 569 815 Πηλείδης
584 740 676 815 θῆκεν
690 738 786 802 σόλον
801 737 1002 818 αὐτοχόωνον,

255 838 290 903 δν
300 837 375 922 πρίν
389 842 446 920 μὲν
459 839 608 921 ῥίπτασκε
622 838 702 922 μέγα
717 839 825 905 σθένος
842 837 1013 904 Ἠετίωνος·

256 941 326 1004 ἀλλ’
342 939 361 1021 ή
376 966 422 1005 τοι
438 941 490 1005 τὸν
505 942 621 1024 ἔπεφνε
636 941 788 1024 ποδάρκης
802 947 866 1008 δῖος
881 939 1053 1025 Ἀχιλλεύς,

256 1044 307 1107 τὸν
322 1043 346 1108 δ’
362 1043 445 1128 ἄγετ’
462 1047 495 1109 ἐν
513 1043 623 1124 νήεσσι
639 1045 696 1109 σὺν
710 1047 837 1110 ἄλλοισι
861 1044 1031 1109 κτεάτεσσι.

257 1151 313 1226 στῆ
329 1147 353 1211 δ’
371 1148 458 1229 ὀρθὸς
475 1150 523 1212 καὶ
538 1153 633 1228 μῦθον
649 1150 682 1212 έν
697 1145 884 1232 Ἀργείοισιν
898 1149 1009 1212 ἔειπεν·
1156 1160 1204 1222 830

257 1258 274 1284 “
286 1251 404 1332 ὄρνυσθ’
421 1251 449 1314 οἳ
466 1253 514 1316 καὶ
530 1253 635 1316 τούτου
650 1252 763 1316 ἀέθλου
778 1250 973 1334 πειρήσεσθε.

257 1357 285 1418 εί
298 1357 327 1417 οἱ
343 1355 391 1417 καὶ
404 1354 489 1433 μάλα
504 1355 624 1421 πολλὸν
639 1357 790 1437 ἀπόπροθι
806 1355 910 1421 πίονες
925 1355 1022 1438 ἀγροί,

256 1455 318 1537 έξει
332 1483 384 1538 μιν
399 1459 448 1522 καὶ
461 1457 552 1523 πέντε
568 1457 808 1540 περιπλομένους
822 1459 977 1525 ἔνιαυτούς

255 1564 433 1646 χρεώμενος·
457 1565 491 1628 οὐ
506 1565 561 1643 μὲν
576 1563 634 1648 γάρ
650 1567 679 1629 οἱ
695 1565 904 1644 ἀτεμβόμενός
919 1590 956 1647 γε
971 1561 1095 1644 σιδήρου

256 1666 367 1747 ποιμήν
383 1665 443 1731 οὐδ’
458 1669 567 1750 ἀροτὴρ
584 1669 641 1732 είσ’
659 1671 690 1734 ές
706 1671 806 1744 πόλιν,
822 1667 905 1732 ἀλλὰ
921 1664 1075 1750 παρέξει.”
1153 1680 1202 1741 ⁸35

291 1768 354 1837 Ὣς
373 1770 469 1853 ἔφατ’,
485 1769 562 1852 ὦρτο
578 1769 605 1835 δ’
621 1772 726 1836 ἔπειτα
740 1773 966 1852 μενεπτόλεμος
981 1771 1184 1849 Πολυποίτης,

254 1867 292 1941 δν
307 1877 340 1937 δὲ
354 1879 505 1955 Λεοντῆος
520 1876 664 1957 κρατερὸν
682 1874 773 1957 μένος
789 1874 951 1951 ἀντιθέοιο,

253 1976 292 2040 δν
306 1975 333 2041 δ’
348 1981 424 2045 Αίος
437 1978 672 2058 Τελαμωνιάδης
688 1979 737 2042 καὶ
752 1983 815 2044 δῖος
829 1978 963 2043 Ἐπειός.

255 2079 352 2160 ἑξείης
367 2077 391 2145 δ’
409 2086 542 2159 ἵσταντο,
559 2082 655 2145 σόλον
671 2081 696 2145 δ’
712 2082 766 2146 ἕλε
781 2086 843 2148 δῖος
857 2079 990 2160 Ἐπειός,

254 2183 308 2262 ἧκε
323 2187 355 2249 δὲ
371 2184 504 2264 δινήσας·
526 2185 666 2268 γέλασαν
680 2185 706 2248 δ’
723 2186 774 2250 ἐπὶ
788 2183 900 2250 πάντες
916 2182 1047 2268 Ἀχαιοί.
1154 2199 1203 2256 840

255 2287 390 2369 δεότερος
405 2289 467 2352 οὐτ’
484 2288 600 2371 ἀφέηκε
614 2290 772 2364 Λεοντεύς,
789 2290 855 2366 ὄζος
867 2287 989 2370 Ἀρηος·

254 2397 289 2453 τὸ
307 2393 407 2473 τρίτον
421 2393 483 2456 οὐτ’
501 2393 607 2475 ἔρριψε
621 2392 716 2475 μέγας
730 2392 925 2470 Τελαμώνιος
946 2394 1032 2467 Αἴας,

254 2501 354 2576 χειρὸς
369 2495 429 2560 ἀπο
445 2501 601 2577 στιβαρῆς,
618 2497 668 2560 καὶ
683 2495 840 2577 ὑπέρβαλε
856 2498 978 2574 σήματα
993 2493 1122 2560 πάντων.

255 2597 324 2661 ἀλλ’
342 2599 392 2661 ότε
407 2599 442 2678 δή
459 2599 556 2663 σόλον
571 2600 636 2663 είλε
650 2599 875 2677 μενεπτόλεμος
891 2598 1097 2677 Πολυποίτης,

255 2701 352 2763 ὅσσον
366 2701 411 2765 τίς
425 2697 452 2762 τ’
467 2701 575 2781 ἔρριψε
591 2699 767 2780 κολαόροπα
781 2701 935 2779 βουκόλος
949 2697 1034 2779 ἀνήρ,
1140 2709 1200 2774 ’845

253 2802 272 2880 ή
288 2802 322 2866 δέ
336 2802 362 2866 θ’
379 2801 563 2882 ἑλισσομένη
581 2801 702 2866 πέτεται
717 2805 767 2865 διὰ
781 2808 858 2882 βοῦς
874 2801 1028 2885 ἀγελαίας,

255 2906 369 2971 τόσσον
383 2913 494 2972 παντὸς
510 2907 625 2989 ἀγῶνος
639 2904 806 2987 ὑπέρβαλε·
831 2906 878 2970 τοὶ
892 2905 917 2968 δ’
935 2906 1083 2985 ἐβόησαν.

254 3009 417 3076 ἀνστάντες
432 3009 458 3074 δ’
473 3010 574 3091 έταροι
589 3012 785 3074 Πολυποίταο
801 3012 955 3091 κρατεροῖο

254 3116 326 3190 νῆας
340 3114 390 3177 ἔπι
404 3117 563 3196 γλαφυρὰς
579 3113 691 3195 ἔφερον
706 3116 861 3192 βασιλῆος
877 3112 1000 3175 άεθλαν.

297 3217 396 3299 Αὐτὰρ
411 3219 428 3281 ὁ
443 3217 601 3305 τοξευτῇσι
616 3219 693 3281 τίθει
709 3218 809 3280 ίόεντα
825 3217 960 3296 σίδηρον,
1150 3229 1200 3292 850

253 3321 307 3382 κὰδ
324 3317 351 3402 δῖ
366 3321 457 3386 ἐτίθει
473 3321 544 3386 δέκα
559 3322 616 3401 μὲν
630 3320 785 3396 πελέκεας,
801 3318 873 3384 δέκα
887 3317 914 3382 δ’
928 3316 1127 3397 ἡμιπέλεκκα,

254 3423 340 3488 ίστδν
356 3425 384 3492 δ’,
397 3424 527 3505 ἔστησεν
542 3424 613 3504 νηὸς
628 3421 849 3508 κυανοπρῴροιο
936 3431 939 3434 ’

252 3535 346 3607 τηλοῦ
362 3529 412 3596 ἐπί
426 3530 592 3613 ψαμάθοις,
609 3533 642 3594 ἐκ
658 3531 690 3592 δὲ
706 3529 842 3610 τρήρωνα
856 3525 984 3593 πέλειαν

251 3636 348 3721 λεπτῇ
363 3635 495 3719 μηρίνθῳ
512 3639 606 3713 δῆσεν
620 3633 721 3709 ποδός,
737 3631 773 3713 ἧς
788 3630 833 3712 ἄρ’
848 3631 958 3714 ἀνάγει

251 3735 393 3815 τοξεύειν·
413 3745 436 3828 “⁴
447 3737 479 3803 δς
492 3737 549 3817 μέν
564 3763 597 3802 κε
615 3736 700 3823 βάλῃ
716 3733 851 3817 τρήρωνα
866 3734 1007 3812 πέλειαν,
1149 3746 1197 3809 855
