2746 4228
266 281 308 392 3'0
589 325 619 372 2.
644 312 874 378 ιλιιιοςο.

267 474 403 557 εἰδομένη
422 473 523 559 κήρυκι
539 479 658 541 σιωπῶν
671 475 749 543 λαὸν
764 477 883 560 ἀνάγει,

267 580 306 646 ῶς
321 579 382 659 άμα
398 579 424 642 θ
440 581 470 643 οἱ
485 579 599 659 πρῶταί
612 604 646 644 τε
662 581 711 644 καὶ
726 581 851 646 ὕστατοι
865 581 928 649 υἷες
941 579 1079 664 Ἀχαιῶν

266 687 361 764 μῦθον
376 681 537 749 ἀκούσειαν
553 683 601 748 καὶ
616 684 862 764 ἐπιφρασσαίατο
877 681 1006 762 βουλήν·

268 787 285 848 ὅ
300 794 377 868 σφιν
392 784 564 868 ἐϋφρονέων
579 785 750 869 ἀγορήσατο
767 787 816 852 καὶ
830 784 996 867 μετέειπεν·

269 889 444 971 ··Ἀτρείδη,
461 895 513 956 νῦν
526 887 564 968 δή
581 916 629 966 σε,
645 889 730 968 ἄναξ,
747 889 908 958 ἐθέλουσιν
921 891 1046 973 Ἀχαιοὶ

268 997 363 1058 πᾶσιν
378 991 559 1076 ἐλέγχιστον
574 990 696 1073 θέμεναι
710 993 880 1074 μερόπεσσι
895 997 1065 1074 βροτοῖσιν,

268 1094 336 1160 οὐδέ
350 1122 397 1161 τοι
413 1093 605 1160 ἐκτελέουσιν
618 1096 790 1178 ὑπόσχεσιν
804 1095 843 1176 ἥν
857 1121 913 1178 περ
928 1094 1063 1161 ὑπέσταν
1184 1113 1185 1118 ’

268 1197 365 1262 ἐνθάδ’
383 1199 427 1262 ἐτι
443 1197 618 1280 στείχοντες
633 1197 682 1262 ἀπ’
697 1197 824 1281 Ἄργεος
840 1199 1032 1278 ἱπποβότοιο,

265 1301 361 1365 Ἴλιον
376 1298 551 1382 ἐκπέρσαντ’
569 1300 722 1384 εὐτείχεον
738 1299 933 1368 ἀπονέεσθαι.
950 1357 953 1365 ,

268 1408 308 1472 ῶς
322 1431 355 1470 τε
369 1400 460 1488 γὰρῆ
476 1407 580 1470 παῖδες
595 1405 697 1485 νεαροὶ
712 1405 805 1488 χῆραί
820 1431 853 1470 τε
867 1409 1007 1487 γυναῖκες
1071 1465 1073 1470 .

268 1506 452 1586 ἀλλήλοισιν
466 1504 622 1588 ὀδύρονται
637 1506 755 1572 οἶκόνδε
773 1506 907 1574 νέεσθαι.

269 1611 287 1690 ἦ
302 1611 361 1692 μὴν
377 1611 426 1675 καὶ
441 1610 533 1676 πόνος
548 1610 633 1675 ἐστὶν
648 1608 808 1689 ἀνιηθέντα
823 1610 956 1700 νέεσθαι·

270 1717 318 1780 καὶ
333 1714 391 1799 γάρ
405 1715 450 1782 τίς
466 1713 493 1777 θ’
510 1713 564 1778 ἕνα
577 1717 658 1792 μῆνο
671 1712 770 1792 μένων
785 1713 844 1778 ἀπὸ
859 1714 895 1792 ἧς
910 1713 1040 1797 ἀλόχοιο

270 1815 414 1902 ἀσχαλάᾳ
429 1816 486 1883 οὑν
501 1815 551 1894 νηί
565 1817 732 1902 πολυζύγῳ,
748 1817 784 1881 ὅν
799 1841 856 1896 περ
871 1818 982 1880 ἄελλαι

268 1919 418 2006 χειμέριαι
433 1918 574 1985 εἰλέωσιν
589 1919 746 2002 ὀρινομένη
759 1944 795 1983 τε
810 1917 963 1984 θάλασσα·
1019 1985 1022 1989 ,

268 2025 340 2105 ἡμῖν
354 2023 379 2089 δ’
397 2023 513 2090 είνατός
528 2027 595 2088 ἐστι
609 2021 813 2105 περιτροπέων
828 2022 962 2088 ἐνιαυτὸς

270 2126 376 2192 ἐνθάδε
389 2127 596 2207 μιμνόντεσσι·
619 2129 660 2211 τῷ
677 2127 713 2192 οὑ
727 2126 896 2207 νεμεσίζομ’
912 2125 1059 2210 Ἀχαιοὺς

270 2229 432 2313 ἀσχαλάαν
446 2232 527 2311 παρά
542 2231 631 2308 νηυσὶ
647 2231 815 2312 κορωνίσιν·
841 2229 987 2292 ἀλλὰκαὶ
1003 2229 1098 2306 ἔμπης

270 2335 399 2416 αἰσχρόν
413 2358 460 2396 τοι
475 2331 566 2413 δηρόν
581 2357 614 2396 τε
628 2331 730 2411 μένειν
746 2330 849 2395 κενεόν
864 2355 897 2394 τε
912 2327 1043 2396 νέεσθαι.

269 2441 369 2515 τλῆτε,
386 2436 483 2517 φίλοι,
500 2437 549 2500 καὶ
564 2435 678 2516 μείνατ’
695 2435 745 2498 ἐπὶ
760 2434 882 2517 χρόνον,
899 2435 981 2515 ὄφρα
994 2437 1113 2512 δαῶμεν

269 2537 388 2617 ἢέτεάν
404 2538 529 2622 Κάλχας
543 2538 732 2618 μαντεύεται,
748 2537 783 2617 ἦε
798 2538 848 2601 καὶ
864 2537 939 2600 αὑκί.
1075 2531 1078 2590 ἓ
1164 2563 1213 2612 300

271 2643 303 2707 εὑ
317 2645 374 2725 γδρ
390 2642 426 2722 δὴ
442 2643 511 2706 τόδε
525 2645 611 2722 ἴδμεν
627 2642 672 2706 ἐνὶ
688 2641 808 2722 φρεσίν,
824 2640 895 2704 ἐστὶ
910 2640 943 2703 δέ
958 2635 1069 2705 πάντες

269 2745 418 2827 μάρτυροι,
435 2743 485 2811 οὑς
499 2745 540 2825 μὴ
556 2749 643 2825 κῆρες
656 2745 734 2822 ἔβαν
750 2741 891 2808 θανάτοιο
906 2739 1067 2824 φέρουσαι·

269 2847 359 2932 χθιζά
373 2874 406 2913 τε
421 2849 470 2912 καὶ
487 2847 602 2931 πρωΐζ’,
619 2846 664 2910 ὅτ’
680 2851 710 2914 ἐς
725 2847 842 2911 Αὐλίδα
858 2847 924 2923 νῆες
940 2843 1074 2929 Ἀχαιῶν

269 2949 448 3034 ἠγερέθοντο
464 2950 540 3015 κακά
555 2948 681 3035 Πριάμιρ
698 2949 747 3013 καὶ
760 2948 863 3030 Τρωσὶ
877 2945 1036 3030 φέρουσαι,

269 3054 355 3134 ἡμεῖς
369 3053 393 3118 δ’
411 3054 489 3135 ἀμφὶ
504 3054 572 3134 περὶ
587 3051 697 3135 κρήνην
712 3050 810 3134 ἱεροὺς
825 3053 901 3115 κατδ
914 3050 1038 3132 βωμοὺς
1165 3079 1213 3129 305

271 3157 395 3238 ἕρδομεν
410 3155 588 3220 ἀθανάτοισι
602 3152 778 3231 τεληέσσας
792 3154 973 3234 ἑκατόμβας,

271 3262 349 3346 καλῇ
363 3259 421 3324 ὑπὸ
437 3259 641 3343 πλατανίστῳ,
659 3258 729 3322 ὅθεν
742 3255 811 3340 ῥέεν
827 3256 944 3339 ἀγλαὸν
958 3257 1045 3336 ὕδωρ·

272 3364 331 3431 ἐνθ’
348 3362 446 3445 ἐφάνη
461 3361 540 3445 μέγα
555 3364 646 3442 σῆμα·
671 3359 788 3442 δράκων
803 3360 854 3425 ἐπὶ
869 3367 949 3426 νῶτα
963 3360 1119 3440 δαφοινός,

272 3465 464 3549 σμερδαλέος,
479 3466 533 3531 τόν
547 3464 578 3548 ῥ’
595 3462 684 3530 αὑτάς
697 3463 866 3543 Ὀλύμπιος
880 3464 934 3542 ἧκε
950 3462 1085 3543 φόωσδε,

271 3575 377 3652 βωμοῦ
391 3567 519 3648 ὑπαΐξας
533 3568 608 3650 πρός
621 3571 660 3651 ῥα
676 3566 882 3631 πλατάνιστον
898 3567 1035 3648 ὄρουσεν.
1167 3591 1216 3642 310

273 3675 345 3739 ἔνθα
359 3673 383 3738 δ’
400 3673 475 3737 έσαν
491 3675 648 3753 στρουθοῖο
664 3670 799 3749 νεοσσοί,
816 3667 909 3748 νήπια
924 3667 1023 3749 τέκνα,
1018 3731 1048 3786 l
1132 3719 1133 3724 1
