2834 4234
250 336 315 412 664
535 351 584 396 10.
607 334 844 396 ΟΔΎΣΣΕΙΑΣ
866 334 902 394 Κ.

249 501 359 583 Κίρκης
375 502 408 565 ἐν
421 497 581 582 μεγάροισι
597 501 645 563 διδ
661 501 754 581 δρυμδ
769 501 865 562 πυκνὰ
881 495 930 562 καὶ
945 497 1030 574 θλην.
1146 523 1195 572 150

248 601 413 686 μερμήριξα
427 604 453 667 δ’
469 604 574 667 ἔπειτα
592 603 666 668 κοτδ
683 601 781 685 φρένα
797 603 844 666 καὶ
861 605 935 666 κατὰ
951 601 1043 680 θυμὸν

250 710 351 771 ἐλθεῖν
366 707 418 787 ῆδὲ
433 704 587 781 πυθέσθαι,
607 708 673 771 ἐπεὶ
688 709 754 772 ίδον
769 709 881 770 αἴθοπα
897 706 1021 772 καπνόν.

249 814 306 876 ὧδε
322 811 355 876 δέ
368 837 418 889 μοι
434 808 594 892 φρονέοντι
611 809 765 875 δοάσσατο
782 809 898 892 κέρδιον
914 809 1000 885 εῖναι,

249 915 340 997 πρῶτ’
359 915 475 979 ἐλθόντ’
491 916 540 978 ἐπὶ
556 917 612 993 νῆα
628 915 702 994 θοὴν
718 914 767 977 καὶ
782 918 852 978 θῖνα
867 912 1026 991 θαλάσσης

249 1023 369 1082 δεῖπνον
385 1018 551 1101 ἑταίροισιν
566 1018 687 1096 δόμεναι
705 1017 834 1100 προέμεν
849 1043 882 1082 τε
898 1016 1057 1081 πυθέσθαι.
1164 1075 1170 1090 ,

249 1122 319 1185 ἀλλ’
334 1123 385 1185 ὅτε
400 1121 436 1201 δὴ
453 1127 565 1205 σχεδὸν
580 1121 620 1201 ῆα
636 1123 707 1186 κιὼν
722 1127 787 1187 νεδς
804 1121 1022 1203 ἀμφιελίσσης,

249 1222 298 1288 καῖ
313 1227 380 1290 τότε
395 1229 440 1292 τίς
454 1253 493 1305 με
507 1231 582 1290 θεῶν
598 1226 769 1307 ὀλοφύρατο
783 1228 894 1305 μοῦνον
909 1225 1005 1297 ἐόντα,

249 1330 281 1395 ὅς
292 1327 330 1411 ῥά
345 1354 395 1406 μοι
409 1330 560 1412 ὑψίκερων
576 1331 693 1412 ἔλαφον
706 1329 802 1412 μέγαν
818 1331 861 1394 είς
877 1329 947 1393 ὁδὸν
958 1326 1050 1408 αὐτὴν

248 1431 327 1510 ἧκεν·
352 1434 439 1504 δμέν
453 1435 622 1511 ποταμόνδε
639 1431 758 1511 κατήϊεν
777 1435 809 1496 ἐκ
825 1437 917 1510 νομοῦ
932 1433 1007 1510 ὕλης

248 1537 398 1617 πιόμενος·
422 1537 457 1614 δῆ
473 1535 530 1618 γάρ
545 1562 597 1615 μιν
612 1536 685 1618 έχεν
700 1535 788 1614 μένος
803 1536 928 1614 ἠελίοιο.
1149 1547 1195 1599 160

247 1639 300 1702 τὸν
316 1640 341 1702 δ’
357 1641 414 1722 ἐγὼ
431 1639 613 1718 ἐκβαίνοντα
629 1638 691 1702 κατ’
707 1638 850 1717 ἄκνηστιν
865 1638 943 1719 μέσα
959 1643 1037 1702 νῶτα

247 1741 357 1822 πλῆξα·
381 1749 414 1805 τὸ
430 1743 455 1805 δ’
471 1743 591 1825 ἀντικρὺ
605 1744 675 1825 δόρυ
689 1741 822 1826 χάλκεον
837 1741 1010 1826 ἐξεπέρησε,

248 1850 301 1911 κδδ
317 1847 343 1910 δ’
356 1845 442 1911 ἐπεσ’
458 1849 491 1912 ἐν
505 1847 624 1933 κονίῃσι
639 1847 751 1925 μοκόν,
767 1846 825 1909 ἀπὸ
840 1846 866 1910 δ’
882 1847 993 1910 ἔπτατο
1008 1846 1111 1925 θυμός.

246 1952 285 2034 τῷ
302 1951 328 2015 δ’
344 1951 402 2033 ἐγὼ
418 1951 571 2029 ἐμβαίνων
587 1951 656 2032 δόρυ
671 1949 803 2034 χάλκεον
820 1949 856 2030 ἐξ
870 1951 995 2029 ὠτειλῆς

247 2054 418 2137 εἰρυσάμην·
442 2053 476 2117 τδ
490 2055 546 2134 μέν
562 2051 629 2118 αὖθι
646 2056 825 2121 κατακλίνας
839 2052 889 2118 ἐπὶ
904 2055 976 2140 γαίη
1145 2069 1201 2132 ι654

246 2158 337 2223 είοσ’·
361 2157 454 2240 αθτδρ
469 2158 527 2240 ἐγὼ
543 2157 707 2238 σπασάμην
721 2157 823 2236 ῥῶπάς
838 2183 871 2222 τε
885 2157 996 2239 λόγους
1013 2182 1054 2232 τε,

246 2266 360 2340 πεῖσμα
372 2261 406 2339 δ’,
422 2263 497 2324 ὅσον
513 2260 539 2324 τ’
555 2263 687 2343 ὄργυιαν,
703 2261 868 2343 ἐϋστρεφὲς
884 2261 1097 2343 ἀμφοτέρωθεν

246 2363 433 2444 πλεξάμενος
448 2364 601 2442 συνέδησα
613 2365 706 2431 πόδας
722 2370 832 2429 δεινοῖο
848 2365 995 2447 πελώρου,

244 2470 306 2549 βῆν
323 2470 355 2531 δέ
372 2468 594 2549 καταλοφάδεια
611 2468 712 2551 φέρων
725 2469 774 2532 ἐπὶ
793 2473 850 2547 νῆα
863 2468 1018 2549 μέλαιναν,

246 2573 330 2656 ἔγχει
346 2573 538 2654 ἐρειδόμενος,
549 2573 612 2636 ἐπεὶ
629 2571 663 2635 οά
678 2597 741 2639 πως
757 2571 809 2652 ῆεν
823 2571 870 2634 ἐπ’
885 2573 965 2646 ὤμου
1141 2597 1189 2649 ¹70

245 2675 322 2760 χειρὶ
338 2676 443 2756 φέρειν
461 2676 556 2760 ἑτέρη·
585 2674 668 2753 μάλα
683 2679 740 2758 γὰρ
754 2673 831 2758 μέγα
846 2671 948 2757 θηρίον
962 2659 1024 2755 ῆεν.

246 2782 299 2843 κάδ
315 2775 340 2843 δ’
354 2780 472 2857 ἔβαλον
487 2777 672 2860 προπάροιθε
687 2781 763 2858 νεός,
779 2778 918 2862 ἀνέγειρα
933 2780 959 2843 δ’
975 2779 1108 2860 ἑταίρους

245 2883 409 2966 μειλιχίοις
424 2881 550 2946 ἐπέεσσι
566 2888 758 2962 παρασταδὸν
772 2882 865 2965 ἀνδρα
881 2884 1018 2948 ἕκαστον·

289 2984 358 3049 “Ὦ
374 2986 471 3067 φίλοι,
487 2987 520 3050 οὐ
535 2985 592 3068 γάρ
606 3012 653 3050 πω
670 2986 894 3066 καταδυσόμεθ’,
911 2985 1071 3067 ἀχνύμενοί
1086 3011 1153 3067 περ,

247 3093 289 3156 είς
304 3089 406 3154 Ἀίδαο
423 3089 540 3168 δόμους,
556 3089 627 3171 πρὶν
640 3089 789 3172 μόρσιμον
804 3090 881 3173 ῆμαρ
897 3091 1019 3175 ἐπέλθῃ.
1143 3114 1190 3166 175

246 3194 317 3258 ἀλλ’
332 3192 423 3275 ἄγετ’,
438 3192 507 3274 ὄφρ’
523 3193 555 3255 ἐν
571 3193 620 3270 νηῖ
635 3193 689 3276 θοῆ
705 3195 822 3273 βρῶσίς
836 3219 869 3259 τε
881 3194 971 3258 πόσις
989 3217 1031 3269 τε,

245 3299 420 3377 μνησόμεθα
434 3296 557 3376 βρόμης
572 3298 646 3376 μηδὲ
661 3296 837 3381 τρυχώμεθα
850 3293 956 3380 λιμῷ.”

282 3400 346 3466 Ὣς
361 3401 489 3482 ἐφάμην,
505 3402 534 3464 οῖ
550 3399 575 3464 δ’
590 3397 653 3464 ὦκα
668 3402 749 3480 ἐμοῖς
765 3400 891 3465 ἐπέεσσι
906 3401 1038 3465 πίθοντο·

246 3507 278 3568 ἐκ
294 3507 327 3569 δὲ
343 3503 553 3585 καλυψάμενοι
567 3502 647 3584 παρὰ
662 3504 718 3568 θῖν’
733 3506 807 3570 ἀλδς
822 3501 993 3585 ἀτρυγέτοιο

246 3604 390 3686 θηήσαντ’
406 3609 532 3688 ἔλαφον·
560 3606 644 3689 μάλα
657 3611 714 3689 γδρ
728 3609 806 3691 μέγα
822 3607 924 3687 θηρίον
938 3605 1002 3685 ῆεν.
1144 3622 1191 3670 ι8ο

245 3709 336 3792 αὐτάρ
352 3708 418 3775 ἐπεὶ
433 3709 589 3791 τάρπησαν
604 3712 747 3793 ὁρώμενοι
762 3711 959 3794 ὀφθαλμοῖσι,
