2788 4230
473 305 522 369 18.
544 310 781 371 οοπνςυιλν
810 309 843 372 Σ,
1078 303 1139 384 807

190 484 205 510 “
215 477 379 559 Τηλέμαχ’,
395 475 493 540 οὐκέτι
507 503 553 540 τοι
569 475 678 558 φρένες
695 477 818 558 ἔμπεδοι
834 477 902 540 ούδέ
916 475 1033 554 νόημα(
1091 499 1137 550 ²15

190 586 259 648 παῖς
276 579 317 644 ἔτ’
334 582 390 643 ἔδυν
406 578 590 659 καὶμᾶλλον
605 577 649 644 ἐνὶ
665 577 757 661 φρεσὶ
774 577 868 658 κέρδε’
883 579 1007 660 ἔνώμας·

190 689 242 749 νῦν
257 681 282 747 δ’
298 685 348 748 ὅτε
364 684 399 762 δή
415 683 509 765 μέγας
525 681 594 746 έσσὶ
610 685 658 746 καὶ
677 683 757 763 ἥβης
771 681 880 762 μέτρον
896 682 1018 757 ἱκάνεις,

190 789 243 851 καί
256 787 305 852 κέν
319 813 364 854 τις
381 789 455 869 φαίη
472 787 565 869 γόνον
581 787 706 865 ἔμμεναι
721 787 829 867 ὀλβίου
846 787 962 865 ἀνδρός,

191 894 221 958 ἔς
236 891 362 974 μέγεθος
379 889 427 954 καὶ
444 889 557 956 κάλλος
572 890 731 970 ὁρώμενος,
747 891 907 970 ἀλλότριος
924 887 1000 969 φώς,

190 995 288 1058 οὐκέτι
303 1019 350 1058 τοι
366 995 475 1076 φρένες
491 995 570 1058 εἰσὶν
586 995 735 1072 ἐναίσιμοι
751 993 817 1056 οὐδὲ
834 992 938 1072 νόημα,
1088 993 1136 1054 ινα

190 1099 254 1162 οἶον
269 1098 304 1177 δὴ
320 1098 389 1162 τάδε
404 1099 493 1181 ἔργον
509 1099 553 1162 ένὶ
568 1096 747 1180 μεγάροισιν
763 1096 882 1178 ἐτύχθη,

189 1199 222 1267 ὃς
236 1207 289 1266 τὸν
305 1200 405 1278 ξεῖνον
420 1201 514 1265 ἔασας
529 1197 757 1278 ἀεικισθήμεναι
773 1199 874 1263 οὕτως.

189 1312 251 1370 πῶς
267 1311 327 1381 νῦν,
344 1307 372 1368 εἴ
385 1329 414 1367 τι
430 1302 527 1382 ξεῖνος
543 1305 575 1366 ἐν
589 1303 763 1383 ἡμετέροισι
779 1304 919 1381 δόμοισιν

187 1409 296 1489 ἥμενος
314 1411 371 1472 ὧδε
386 1405 475 1472 πάθοι
490 1406 672 1490 ῥυστακτύος
687 1405 723 1484 ἐξ
736 1407 896 1486 ἀλεγεινῆς
910 1430 921 1478 ,·

190 1513 243 1573 σοι’
257 1509 282 1574 κ’
297 1512 408 1594 αἶσχος
422 1511 512 1588 λώβη
528 1534 561 1574 τε
574 1509 639 1589 μετ’
655 1510 839 1590 ἀνθρώποισι
854 1504 1008 1571 πέλοιτο.”

231 1615 296 1693 Τὴν
312 1614 336 1678 δ’
353 1614 390 1678 αὖ
405 1615 586 1695 Τηλέμαχος
600 1612 786 1694 πεπνυμένος
803 1614 904 1676 ἀντίον
919 1612 1005 1690 ηύδα·

189 1724 207 1753 “
218 1721 310 1799 μῆτερ
323 1719 386 1796 έμή,
401 1717 436 1781 τὸ
451 1720 507 1797 μὲν
523 1717 557 1781 ού
572 1743 610 1780 σε
624 1723 819 1796 νεμεσσῶμαι
834 1720 1037 1798 κεχολῶσθαι

189 1821 280 1902 αὐτὰρ
296 1822 355 1903 ἐγὼ
372 1823 452 1904 θυμῷ
465 1821 540 1884 νοέω
557 1817 605 1882 καὶ
620 1820 686 1882 οἶδα
703 1821 824 1894 ἕκαστα,

188 1925 286 1989 ἐσθλά
302 1952 335 1990 τε
351 1925 398 1990 καὶ
415 1929 453 1988 τά
469 1924 582 2008 χέρεια·
606 1922 699 2006 πάρος
714 1923 739 1987 δ’
755 1925 798 1988 ἔτι
818 1923 924 2002 νήπιος
940 1923 988 2002 ήα.

189 2029 272 2093 ἀλλά
289 2055 337 2092 τοι
354 2029 387 2091 οὗ
403 2030 528 2107 δύναμαι
544 2027 714 2106 πεπνυμένα
728 2027 826 2091 πάντα
843 2031 960 2105 νοῆσαι·
1084 2028 1133 2102 236

188 2137 221 2197 ἐκ
237 2133 295 2217 γάρ
310 2158 347 2213 με
363 2131 541 2210 πλήσσουσι
558 2130 722 2214 παρήμενοι
737 2131 871 2196 ἄλλοθεν
886 2131 983 2197 ἀλλος

188 2241 252 2302 οἵδε
268 2239 343 2301 κακδι
359 2234 547 2317 φρονέοντες,
563 2232 629 2313 ἐμοὶ
645 2235 670 2298 δ’
685 2237 736 2300 οὐκ
753 2237 833 2299 εἰσὶν
848 2237 968 2317 ἀρωγοί.

189 2343 221 2406 οὐ
236 2342 353 2421 μέντοι
369 2339 469 2419 ξείνου
483 2365 519 2422 γε
535 2340 583 2402 καὶ
595 2338 674 2419 Ἴρου
691 2345 792 2419 μῶλος
809 2339 918 2421 ἐτύχθη

187 2444 367 2527 μνηστήρων
382 2445 487 2523 ἰότητι,
504 2444 560 2529 βίη
577 2443 603 2506 δ’
619 2444 686 2526 ὅγε
704 2442 845 2525 φέρτερος
860 2442 922 2522 ήεν.

188 2551 218 2614 αἲ
234 2549 298 2632 γάρ,
312 2553 370 2613 Ζεΰ
386 2572 418 2612 τε
434 2548 527 2628 πάτερ
543 2547 592 2612 καὶ
606 2547 749 2625 Ἀθηναίη
765 2547 816 2610 καὶ
827 2544 996 2624 Ἀπολλον,

188 2654 263 2716 οὕτω
279 2658 333 2716 νῦν
346 2653 514 2733 μνηστῆρες
529 2653 562 2716 ἔν
577 2650 749 2733 ἡμετέροισι
765 2653 885 2731 δόμοισι

189 2756 303 2821 νεύοιεν
318 2754 455 2836 κεφαλὰς
471 2753 656 2832 δεδμημένοι,
672 2756 701 2817 οἱ
719 2757 774 2833 μὲν
791 2756 823 2818 έν
839 2754 924 2839 αὐλῇ,

188 2862 216 2923 οἱ
232 2860 257 2924 δ’
274 2859 399 2923 ἔντοσθε
412 2861 525 2938 δόμοιο,
540 2863 651 2920 λελῦτο
671 2860 702 2921 δὲ
717 2863 787 2938 γυῖα
803 2857 940 2935 ἑκάστου,

189 2964 227 3029 ὡς
243 2968 295 3026 νῦν
306 2961 386 3044 Ἶρος
403 2967 500 3026 κεῖνος
516 2961 562 3024 ἔπ’
578 2961 718 3048 αὐλείῃσι
735 2962 860 3048 θύρῃσιν

186 3066 278 3144 ἧσται
294 3067 462 3142 νευστάζων
478 3066 606 3151 κεφαλῇ,
621 3066 761 3143 μεθύοντι
777 3068 889 3139 έοικώς,

188 3170 248 3233 οὐδ’
266 3169 354 3251 ἀρθδς
370 3171 477 3246 στῆναι
492 3168 615 3234 δύναται
630 3167 723 3232 ποσὶν
738 3169 805 3233 οὐδὲ
822 3168 944 3234 νέεσθαι

188 3274 288 3351 οἴκαδ’,
305 3275 364 3360 όπῃ
381 3276 409 3336 οἱ
425 3273 545 3350 νόστος,
562 3269 627 3336 ἐπεὶ
643 3275 721 3353 φίλα
735 3277 806 3355 γυῖα
822 3271 995 3338 λέλυνται.”

224 3375 288 3442 Ὣς
306 3379 334 3438 οἱ
349 3379 404 3454 μὲν
419 3381 541 3440 τοιαῦτα
556 3375 631 3456 πρὸς
647 3375 801 3454 ἀλλήλους
817 3378 969 3459 ἀγόρευον·

188 3481 364 3561 Εὐρύμαχος
380 3481 405 3542 δ’
421 3479 546 3544 ἐπέεσσι
562 3479 718 3560 προσηύδα
734 3481 956 3559 Πηνελόπειαν·

189 3591 205 3618 “
217 3583 304 3664 κούρη
320 3583 467 3664 Ἰκαρίοιο,
484 3585 632 3665 περίφρον
647 3584 850 3661 Πηνελόπεια,

189 3689 214 3752 εἰ
229 3686 340 3754 πάντες
357 3713 392 3751 σε
409 3690 502 3752 ἴδοιεν
517 3685 563 3752 ἀν’
573 3685 678 3752 Ἴασον
690 3685 802 3771 Ἀργος
817 3687 947 3772 Ἀχαιοί,
