2758 4228
428 359 479 418 24.
502 344 738 405 ΟΔΤΣΣΕΙΑΣ
762 345 802 406 Ω.
1050 357 1110 422 901

169 510 225 576 “αδ
239 511 306 593 γάρ,
326 516 385 576 Ζεΰ
400 538 432 576 τε
447 513 541 594 πάτερ
558 509 606 575 καὶ
622 512 765 590 Ἀθηναίη
783 511 831 575 καὶ
844 508 1013 588 Ἀπολλων,

165 617 229 682 οῐος
244 613 377 697 Νήρικον
393 619 485 692 εἶλον,
502 618 674 695 ἐϋκτίμενον
689 617 878 697 πτολίεθρον,

164 719 255 795 ἀκτὴν
271 719 415 800 ἠπείροιο,
432 718 694 800 Κεφαλλήνεσσιν
710 717 863 795 ἀνάσσων,

163 828 244 890 τοῖος
260 824 318 888 έόν
333 849 379 887 τοι
394 823 498 907 χθιζὸς
514 825 547 889 έν
561 823 734 903 ἡμετέροισι
751 822 883 901 δόμοισι,

162 926 260 1010 τεύχε’
275 927 355 1010 ἔχων
370 927 505 1004 ὤμοισιν,
523 927 727 1008 ἐφεπόμενοι
744 924 793 990 καὶ
810 927 932 1006 ἀμύνειν
1058 939 1107 1000 380

162 1029 270 1111 ἄνδρας
285 1035 467 1112 μνηστῆρας·
492 1032 532 1116 τῷ
550 1057 582 1094 κε
598 1030 704 1111 σφέων
720 1029 838 1109 γούνατ’
855 1031 960 1093 ἔλυσαῚ
1117 1031 1119 1038 ’

162 1140 287 1198 πολλῶν
303 1137 336 1198 ἐν
350 1134 519 1218 μεγάροισι,
536 1135 575 1198 σὺ
591 1138 623 1198 δὲ
639 1135 752 1214 φρένας
772 1133 858 1198 έυδου
875 1126 1028 1214 ἐγήθεις.”

197 1237 262 1304 Ὠς
277 1240 306 1301 οἱ
321 1241 376 1319 μὲν
391 1243 514 1302 τοιαῦτα
529 1243 602 1319 πρὸς
619 1234 773 1315 ἀλλήλους
789 1237 942 1317 ἀγόρευον.

161 1344 189 1406 οί
205 1343 230 1406 δ’
247 1344 313 1406 ἐπεὶ
329 1344 382 1407 οὖν
398 1342 552 1407 παύσαντο
567 1343 659 1406 πόνου
674 1340 832 1404 τετύκοντό
846 1366 880 1404 τε
896 1345 992 1420 δαῖτα,

162 1444 259 1525 ἑξείης
274 1445 375 1523 ἕζοντο
392 1444 465 1509 κατὰ
480 1445 627 1523 κλισμούς
642 1469 675 1507 τε
691 1443 813 1522 θρόνους
830 1469 870 1507 τε.
1060 1460 1108 1520 385

161 1549 222 1613 ἔνθ’
238 1550 268 1612 οἶ
283 1553 339 1628 μὲν
354 1550 463 1634 δείπνῳ
479 1550 664 1632 ἐπεχείρεον·
687 1548 856 1630 ἀγχίμολον
872 1551 905 1612 δὲ

159 1652 228 1731 ἦλθ’
245 1655 261 1716 ό
276 1653 373 1736 γέρων
389 1656 514 1731 Δολίος,
531 1652 588 1718 σὺν
604 1651 630 1716 δ’
645 1654 719 1718 υἱεῖς
735 1657 799 1715 τοῖο
814 1651 968 1733 γέροντος,

159 1756 196 1835 ἐξ
210 1757 305 1840 έργωυ
319 1757 491 1840 μογέοντες,
507 1757 574 1820 ἐπεὶ
590 1760 787 1836 προμολοῦσα
803 1754 938 1820 κάλεσσε

158 1858 266 1942 μήτηρ,
280 1866 369 1941 γρηῢς
385 1858 505 1937 Σικελή,
522 1859 541 1938 ἤ
557 1867 655 1939 σφεας
670 1858 764 1939 τρέφε
779 1858 831 1921 καί
842 1860 880 1938 ῥα
894 1858 1020 1941 γέροντα

159 1965 301 2030 ἐνδυκέως
318 1963 490 2044 κομέεσκεν,
507 1960 572 2027 ἐπεὶ
589 1961 662 2025 κατὰ
677 1964 769 2043 γῆρας
785 1961 929 2043 ἔμαρψεν.
1056 1991 1107 2044 390

159 2070 188 2132 οἱ
203 2067 229 2131 δ’
248 2067 287 2134 ὦς
303 2067 355 2132 οὖν
370 2067 505 2144 Ὀδυσῆα
523 2068 588 2130 ίδου
602 2064 783 2146 φράσσαντό
798 2089 831 2127 τε
847 2069 938 2150 θυμῷ,

159 2172 252 2236 ἔσταν
267 2173 311 2236 εὐὶ
325 2171 485 2253 μεγάροισι
500 2169 673 2247 τεθηπότες·
697 2167 789 2248 αύτδρ
804 2168 972 2236 Ὀδυσσεὺς

157 2277 320 2358 μειλιχίοις
337 2273 464 2338 ἐπέεσσι
481 2273 705 2352 καθαπτόμενος
721 2269 911 2352 προσέειπεν·

161 2375 213 2441 w>
230 2378 328 2461 γέρον,
344 2378 386 2455 ἵζ’
401 2379 453 2440 ε’πὶ
466 2380 598 2452 δεῖπνον,
615 2373 863 2440 ἀπεκλελάθεσθε
880 2377 912 2438 δὲ
928 2374 1071 2456 θάμβευς·

160 2481 249 2562 δηρὸν
262 2485 321 2564 γὰρ
337 2482 410 2566 σίτῳ
427 2478 632 2563 ε’πιχειρήσειυ
646 2485 800 2559 μεμαῶτες
1056 2506 1104 2559 ³95

158 2587 306 2666 μίμνομεν
321 2589 355 2649 έν
369 2583 519 2666 μεγάροις,
534 2583 625 2662 ὑμέας
641 2581 848 2664 ποτιδέγμενοι
862 2582 949 2646 αἰεί.”

195 2688 259 2756 Ὣς
274 2689 321 2770 ἀρ’
337 2689 408 2769 ἔφη,
426 2688 540 2752 Δολίος
555 2684 581 2751 δ’
597 2685 661 2753 ἰθὺς
676 2688 722 2749 κίε
740 2690 824 2769 χείρε
840 2685 998 2752 πετάσσας

159 2792 340 2875 ἀμφοτέρας,
356 2791 500 2856 Ὀδυσεῦς
515 2791 548 2854 δὲ
564 2793 671 2868 λαβὼν
688 2789 759 2853 κύσε
774 2789 851 2872 χεῖρ’
867 2790 917 2854 έπὶ
936 2792 1045 2876 καρπῷ,

158 2897 210 2960 καί
221 2921 273 2974 μιν
289 2893 433 2976 φωνήσας
447 2894 522 2958 ἔπεα
537 2894 700 2975 πτερόεντα
715 2892 879 2974 προσηύδα·

157 2997 207 3062 “ὦ
223 2998 301 3081 φίλ’,
318 2995 382 3062 ἐπεὶ
397 2997 550 3074 νόστησας
565 2995 772 3076 ἐελδομένοισι
787 2997 859 3078 μάλ’
873 2995 945 3075 ἡμῖν
1053 3027 1103 3076 400

157 3103 217 3167 οὐδ’
233 3103 274 3167 ἔτ’
290 3101 465 3180 ὀϊομένοισι,
482 3102 546 3164 θεοὶ
561 3103 595 3166 δέ
609 3127 645 3164 σε
662 3099 777 3183 ἤγαγον
792 3100 884 3179 αὗταί,

157 3208 231 3273 οὖλέ
244 3233 277 3271 τε
296 3208 345 3270 καὶ
360 3205 444 3285 μάλα
458 3211 554 3288 χαῖρε,
571 3203 636 3268 θεοὶ
651 3203 684 3268 δέ
697 3229 744 3267 τοι
760 3206 855 3284 ὄλβια
870 3211 960 3270 δοῖεν.

156 3313 205 3375 καί
218 3337 270 3392 μοι
286 3309 364 3372 τοῦτ’
379 3309 546 3390 ἀγόρευσον
560 3308 715 3386 ἐτήτυμον,
732 3305 801 3389 ὄφρ’
816 3306 850 3372 έδ
865 3311 942 3388 είδῶ,

155 3413 173 3494 ἢ
189 3414 245 3495 ήδη
265 3414 351 3494 σάφα
368 3413 430 3476 οἶδε
445 3413 601 3493 περίφρων
616 3412 813 3490 Πηνελόπεια

156 3516 349 3597 νοστήσαντά
364 3543 402 3580 σε
416 3515 505 3597 δεῦρ’,
520 3515 539 3594 ή
554 3515 685 3598 ἄγγελον
700 3514 896 3597 ότρύυωμεν.”
1051 3547 1102 3595 405

199 3620 261 3684 Τὸν
276 3620 302 3684 δ’
321 3621 563 3702 ἀπαμειβόμενος
579 3616 716 3701 προσέφη
731 3619 899 3698 πολύμητις
914 3619 1093 3686 Ὀδυσσεύς·

156 3721 210 3787 “ὦ
227 3723 326 3806 γέρον,
341 3722 397 3802 ἤδη
414 3724 486 3788 οἶδε·
511 3724 542 3788 τί
556 3748 592 3786 σε
607 3722 666 3806 χρή
682 3726 774 3786 ταῦτα
789 3721 935 3787 πένεσθαι
948 3748 958 3797 ,·
970 3721 988 3750 '’
