2792 4232
293 311 352 377 274
611 303 659 365 14.
684 286 852 348 ΙΛΙΑΔΟΣ
876 285 913 350 Ξ.

289 465 381 542 βῆναι
398 458 444 522 ἐπ’
458 457 622 539 Ἀτρεΐδην.
654 460 682 521 οἱ
697 455 723 522 δ’
740 454 894 535 ἀλλήλους
910 454 1046 537 ἐνάριζον

288 561 477 643 μαρνάμενοι·
500 561 576 627 λάκε
590 560 624 626 δέ
640 569 698 644 σφι
714 562 782 643 περὶ
797 560 867 644 χροὶ
881 560 995 642 χαλκὸς
1011 559 1129 641 ἀτειρής
1195 589 1226 636 ²5

289 663 481 742 νυσσομένων
496 663 622 744 ξίφεσίν
636 690 669 729 τε
686 665 734 728 καὶ
750 665 875 747 ἔγχεσιν
890 662 1079 744 ἀμφιγύοισι.

331 766 512 848 Νέστοριδὲ
528 767 702 849 ξύμβληντο
719 765 891 848 διοτρεφέες
905 769 1056 845 βασιλῆες

289 869 348 950 πὰρ
364 876 443 947 νηῶν
457 871 601 946 ἀνιόντες,
616 872 687 937 ὅσοι
702 867 862 950 βεβλήατο
877 871 993 954 χαλκῶ,

287 972 431 1051 Τυδεΐδης
444 972 590 1039 Ὀδυσεύς
604 997 638 1036 τε
654 973 703 1036 καὶ
716 971 871 1053 Ἀτρείδης
887 969 1090 1054 Ἀγαμέμνων.

289 1074 407 1139 πολλὸν
421 1075 478 1156 γάρ
492 1073 525 1157 ῥ’
541 1075 691 1139 ἀπάνευθε
704 1075 804 1158 μάχης
821 1075 936 1157 εἰρύατο
952 1079 1020 1153 νῆες
1199 1101 1230 1148 30

289 1179 344 1241 θῖν’
358 1175 409 1258 ἔφ’
425 1178 499 1244 ἁλὸς
513 1180 631 1254 πολιῆς·
655 1181 708 1243 τὰς
723 1182 780 1260 γὰρ
795 1179 913 1259 πρῶτος
928 1178 1066 1242 πεδίονδε

290 1285 420 1363 εἴρυσαν,
437 1282 528 1362 αὐτὰρ
543 1287 644 1364 τεῖχος
659 1283 711 1344 ἐπὶ
726 1268 894 1366 πρύμνῃσιν
910 1281 1039 1360 ἔδειμαν.

289 1385 355 1449 οιίδὲ
370 1388 428 1468 γὰρ
445 1383 507 1449 οὐδ’
524 1383 607 1468 εὐρύς
623 1411 678 1468 περ
695 1386 752 1451 ἐῶν
768 1383 934 1465 ἐδυνήσατο
951 1384 1052 1451 πάσας

289 1480 427 1563 αίγιαλδς
442 1487 515 1560 νῆας
528 1481 660 1565 χαδέειν,
677 1485 831 1547 στείνοντο
847 1488 880 1547 δὲ
896 1486 976 1548 λαοί·

289 1587 329 1668 τῷ
346 1587 385 1666 ῥα
400 1584 592 1665 προκρόσσας
606 1585 724 1665 ἔρυσαν,
742 1587 791 1649 καὶ
807 1591 930 1664 πλῆσαν
945 1583 1064 1667 ἀπάσης
1195 1617 1226 1666 35

289 1687 390 1764 ἠϊόνος
405 1689 503 1767 στόμα
516 1687 638 1769 μακράν,
653 1685 728 1750 όσον
744 1687 945 1770 συνεέργαθον
961 1691 1058 1773 ἄκραι.

289 1790 330 1873 τῷ
345 1789 377 1870 ῥ’
393 1792 425 1853 οἵ
436 1787 466 1873 γ’
482 1790 640 1871 ὀψείοντες
655 1790 744 1869 ἀϋτῆς
760 1793 809 1854 καὶ
825 1791 971 1872 πολέμοιο

290 1894 376 1976 έγχει
391 1893 573 1972 ἐρειδόμενοι
594 1893 660 1960 κίον
681 1893 795 1974 ἀθρόοι·
817 1894 928 1978 ἄχνυτο
944 1896 978 1960 δέ
993 1906 1052 1978 σφι

291 1996 381 2075 θυμδς
396 1997 440 2060 ἐνὶ
457 1994 633 2074 στήθεσσιν.
679 1997 695 2060 δ
711 1999 744 2060 δέ
760 1993 916 2077 ξύμβλητο
930 2003 1058 2082 γεραιός,

291 2099 426 2180 Νέστωρ,
442 2098 535 2178 πτῆξε
551 2101 584 2162 δέ
599 2100 691 2180 θυμὸν
707 2101 752 2165 ἐνὶ
769 2098 936 2180 στήθεσσιν
952 2101 1094 2187 Ἀχαιῶν.
1200 2137 1233 2184 40

291 2202 343 2266 τδν
359 2203 407 2265 καὶ
422 2199 568 2282 φωνήσας
587 2201 727 2284 προσέφη
745 2204 851 2284 κρείων
864 2203 1071 2287 Ἀγαμέμνων·

292 2302 342 2366 “ῶ
358 2303 478 2383 Νέστορ
494 2304 662 2383 Νηληϊάδη,
678 2304 756 2387 μέγα
772 2307 858 2370 κῦδος
874 2301 1017 2388 Ἀχαιῶν,

291 2407 376 2469 τίπτε
390 2406 489 2470 λιπδν
502 2408 638 2487 πόλεμον
653 2405 826 2490 φθισήνορα
841 2405 918 2490 δεῦρ’
935 2410 1114 2489 ἀφικάνεις,·

291 2510 377 2572 δείδω
393 2508 433 2588 μῆ
449 2505 485 2586 δή
501 2534 552 2587 μοι
567 2508 679 2597 τελέσῃ
696 2511 767 2576 έπος
783 2513 909 2592 ὄβριμος
921 2510 1046 2595 Ἕκτωρ,

292 2614 331 2678 ῶς
345 2609 412 2674 ποτ’
428 2613 634 2690 ἐπηπείλησεν
650 2615 694 2678 ἐνὶ
708 2611 845 2694 Τριάεσσ’
862 2616 1023 2696 ἀγορεύων,
1203 2648 1234 2694 45

290 2717 331 2797 μῆ
347 2715 417 2796 πρὶν
432 2713 492 2796 πάρ
507 2721 587 2794 νηῶν
601 2717 689 2798 προτὶ
702 2713 800 2779 Ἴλιον
815 2715 1007 2795 ἀπονέεσθαι,

292 2820 361 2900 πρὶν
376 2819 445 2898 πυρὶ
460 2821 532 2897 νῆας
548 2821 715 2902 ἐνιπρῆσαι,
733 2823 845 2882 κτεῖναι
860 2822 893 2883 δὲ
909 2823 958 2884 καὶ
974 2821 1088 2889 αὐτούς.

293 2927 389 2987 κεῖνος
404 2922 461 2986 τῶς
476 2921 610 3003 ἀγόρευε·
631 2924 669 2984 τὰ
684 2921 720 3000 δῆ
737 2925 789 2983 νῶν
804 2915 902 2984 πάντα
918 2929 1059 2988 τελεῖται.

292 3025 315 3088 θ)
331 3025 433 3095 πόποι,
446 3022 465 3102 ῆ
478 3025 517 3105 ῥα
532 3025 581 3088 καὶ
596 3023 687 3086 ἄλλοι
703 3021 874 3102 ἐϋκνήμιδες
891 3021 1010 3107 Ἀχαιοὶ

292 3131 325 3191 ἐν
340 3129 420 3211 θυμῷ
436 3126 607 3206 βάλλονται
622 3125 689 3205 ἐμοὶ
702 3125 809 3208 χόλον,
826 3125 866 3189 ὥς
882 3149 937 3206 περ
952 3115 1127 3207 Ἀχιλλεύς,
1203 3160 1234 3210 5³

292 3230 352 3295 οὐδ’
368 3229 510 3293 ἐθέλουσι
523 3227 677 3312 μάχεσθαι
693 3228 742 3292 ἐπὶ
758 3228 909 3316 πρύμνῃσι
925 3228 1059 3295 νέεσσι.”

334 3333 397 3397 Τδν
411 3329 436 3396 δ’
449 3329 582 3411 ἠμείβετ’
599 3331 702 3395 ἔπειτα
717 3331 858 3413 Γερήνιος
874 3329 1138 3416 ἱππάταΝέστωρ·

294 3436 341 3516 “ῆ
356 3435 392 3516 δῆ
408 3432 500 3497 ταῦτά
515 3433 542 3516 γ’
560 3437 663 3512 ἑτοῖμα
678 3435 862 3518 τετεύχαται,
879 3432 949 3497 οάδέ
964 3461 1014 3498 κεν
1030 3436 1132 3504 ἄλλως

294 3540 368 3604 Ζεὺς
381 3535 587 3619 ὑψιβρεμέτης
602 3535 690 3602 αὐτὸς
704 3534 966 3618 παρατεκτήναιτο.

293 3648 394 3724 τεῖχος
408 3641 464 3719 μὲν
478 3641 535 3720 γάρ
550 3638 586 3717 δή
604 3635 805 3720 κατερήριπεν,
822 3637 845 3723 φ
861 3637 1025 3719 ἐπέπιθμεν
1202 3673 1234 3722 55
