2788 4230
494 946 886 1022 ΟΔΥΣΣΕΙΑΣ
945 947 991 1022 Τ.

659 1167 831 1176 ——---—

271 1317 483 1401 Ὀδυσσέως
519 1321 581 1396 καὶ
617 1324 831 1420 Πηνελόπης
866 1322 1002 1419 ὁμιλία·
1060 1322 1222 1421 ἀναγνω-

502 1451 639 1548 ρισμδς
664 1451 734 1523 ὑπὸ
761 1448 990 1549 Εὐρυκλείας.

272 1637 371 1718 Αὐτὰρ
386 1638 403 1699 ὁ
419 1640 452 1700 έν
465 1636 585 1720 μεγάρῳ
600 1638 782 1703 ὑπελείπετο
797 1644 859 1705 δῖος
868 1637 1045 1716 Ὀδυσσεύς,

271 1738 480 1821 μνηστήρεσσι
496 1743 594 1822 φόνον
610 1743 667 1807 σὺν
680 1742 714 1805 Ἀ
721 1741 794 1830 θήνη
807 1742 1001 1824 μερμηρίζων·

270 1845 351 1924 αἶψα
367 1848 399 1908 δὲ
415 1843 599 1929 Τηλέμαχον
615 1846 690 1911 έπεα
706 1847 867 1929 πτερόεντα
883 1845 1048 1927 προσηύδα·

272 1955 289 1982 “
300 1947 473 2031 Τηλέμαχε,
489 1948 547 2030 χρὴ
564 1946 662 2033 τεύχε’
678 1948 767 2029 ἀρήϊα
784 1947 929 2026 κατθέμεν
945 1949 1018 2012 είσω

271 2049 370 2115 πάντα
384 2049 464 2131 μάλ’,
481 2051 572 2132 αὐτὰρ
587 2056 759 2133 μνηστῆρας
773 2057 919 2133 μαλακοῖς
940 2051 1064 2116 ἐπέεσσι
1204 2079 1219 2127 5

271 2153 462 2235 παρφάσθαι,
479 2154 530 2218 ὅτε
545 2154 596 2218 κέν
611 2181 647 2219 σε
661 2161 856 2234 μεταλλῶσιν
875 2158 1045 2221 ποθέοντες·

274 2259 305 2320 ἐκ
323 2261 437 2321 καπνοῦ
452 2257 600 2336 κατέθηκ’,
617 2256 682 2322 ἐπεὶ
697 2257 797 2322 ούκέτι
815 2263 913 2322 τοῖσιν
930 2257 1024 2342 έφκει,

271 2360 321 2425 οἶά
336 2386 410 2425 ποτε
425 2362 571 2442 Τροίηνδε
587 2364 659 2427 κιὼν
674 2360 851 2426 κατέλειπεν
864 2361 1046 2439 Ὀδυσσεύς,

273 2465 356 2528 ἀλλὰ
372 2463 556 2550 κατῄκισται,
574 2469 670 2529 ὅσσον
686 2471 778 2547 πυρὸς
793 2466 865 2530 ἵκετ’
883 2466 989 2546 άῦτμή.

273 2568 346 2648 πρὸς
360 2567 386 2630 δ’
402 2567 447 2632 έτι
462 2566 514 2632 καὶ
529 2571 596 2632 τάδε
611 2570 714 2647 μεῖζον
729 2569 773 2633 ἑνὶ
789 2566 901 2650 φρεσὶν
916 2570 1034 2650 ἔμβαλε
1050 2569 1169 2646 δαίμων,
1189 2595 1219 2630 10

271 2674 311 2749 μή
328 2696 391 2738 πως
406 2673 590 2750 οἰνωθέντες,
607 2673 669 2754 ἔριν
684 2671 852 2752 στήσαντες
868 2678 902 2738 ἐν
916 2675 994 2754 ὑμῖν,

273 2772 427 2853 ἀλλήλους
441 2775 576 2856 τρώσητε
592 2775 810 2857 καταισχύνητέ
825 2802 858 2840 τε
874 2781 961 2841 δαῖτα

274 2880 321 2941 καὶ
336 2879 481 2958 μνηστύν·
505 2877 593 2944 αὐτὸς
607 2877 665 2962 γὰρ
681 2880 843 2960 ἐφέλκεται
859 2879 952 2962 ἄνδρα
968 2876 1120 2959 σίδηρος.”

309 2981 374 3048 Ὣς
389 2980 479 3063 φάτο,
494 2982 676 3066 Τηλέμαχος
691 2986 724 3048 δὲ
741 2984 822 3068 φίλῳ
839 2984 1015 3049 ἐπεπείθετο
1030 2982 1131 3063 πατρί,

272 3088 303 3148 ε’κ
319 3087 353 3149 δὲ
370 3084 598 3167 καλεσσάμενος
615 3085 752 3168 προσέφη
770 3088 883 3169 τροφὸν
899 3085 1091 3168 Εὐρύκλειαν·
1189 3113 1218 3162 1⁵

273 3194 293 3222 “
301 3186 377 3267 μαῖ’,
394 3189 449 3272 άγε
464 3187 501 3269 δή
516 3216 568 3270 μοι
584 3188 689 3271 ἔρυξον
708 3187 752 3254 ένὶ
770 3189 929 3273 μεγάροισι
944 3194 1094 3274 γυναῖκας,

273 3293 353 3372 ὄφρα
370 3319 420 3357 κεν
436 3294 466 3359 ές
481 3292 617 3373 θάλαμον
633 3294 828 3372 καταθείομαι
844 3295 930 3359 έντεα
945 3300 1056 3375 πατρὸς

273 3393 359 3471 καλά,
379 3393 415 3458 τά
429 3422 479 3475 μοι
496 3399 571 3460 κατὰ
586 3397 669 3461 οἶκον
684 3396 792 3475 ἀκηδέα
807 3398 917 3464 καπνὸς
933 3397 1054 3478 ἀμέρδει

272 3499 384 3578 πατρὸς
399 3499 625 3583 ἀποιχομένοιο·
648 3502 707 3583 ἐγὼ
724 3501 748 3565 δ’
766 3501 810 3565 ἔτι
826 3499 933 3580 νήπιος
948 3500 997 3579 ήα.

272 3607 325 3667 νῦν
343 3601 369 3666 δ’
385 3603 480 3668 ἐθέλω
497 3603 691 3681 καταθέσθαι,
707 3603 746 3668 ἵν’
762 3605 797 3667 ού
812 3604 904 3685 πυρὸς
918 3604 990 3684 ἵξετ’
1007 3601 1131 3682 άῦτμή.”
1188 3632 1220 3668 20

313 3707 377 3771 Τὸν
391 3705 417 3771 δ’
433 3705 502 3771 αὖτε
518 3709 680 3790 προσέειπε
696 3711 772 3790 φίλη
789 3707 900 3790 τροφὸς
916 3708 1091 3790 Εὐρύκλεια·
