2874 4234
282 349 346 434 58⁶
579 355 609 424 5·
632 341 872 404 οΔκννκικν
899 340 933 398 ο,

283 520 396 587 αἰδοῖός
413 544 444 582 τε
461 517 553 599 φίλος
568 541 601 579 τε
614 540 625 589 ρ
648 513 743 593 πάρος
758 538 794 594 γε
808 513 865 590 μὲν
880 508 914 572 οὔ
929 533 959 572 τι
974 506 1121 587 θαμίζεις..

284 626 358 689 αὔδα
373 626 391 687 ὅ
405 648 433 688 τι
449 620 597 703 φρονέεις·
620 618 743 682 τελέσαι
759 615 792 679 δέ
806 640 843 694 με
860 617 950 692 θομδς
965 613 1091 692 ἄνωγεν,

284 732 310 792 εἰ
325 728 451 807 δύναμαι
466 723 591 789 τελέσαι
606 747 642 804 γε
658 719 705 784 καὶ
722 723 750 784 εἰ
764 716 981 796 τετελεσμένον
997 715 1087 779 έστίν.
1197 741 1232 791 90

289 828 379 920 [ἀλλ”
390 831 462 894 ἕπεο
478 826 620 909 προτέρω,
637 827 687 890 δνα
701 849 747 887 τοι
763 824 823 901 πάρ
840 819 936 900 ξείνια
951 813 1046 904 θείω]
1060 817 1076 842 ”

321 935 384 1001 Ὣς
401 935 458 1016 ἀρα
476 929 647 1013 φωνήσασα
663 928 717 992 θεὰ
732 925 885 1006 παρέθηκε
897 924 1047 1005 τράπεζαν

285 1039 455 1120 ἀμβροσίης
471 1034 630 1112 πλήσασα,
644 1031 775 1111 κέρασσε
791 1031 823 1093 δὲ
839 1028 946 1108 νέκταρ
962 1027 1092 1108 έροθρόν.

284 1143 381 1222 αὐτὰρ
394 1144 410 1205 ὁ
426 1145 493 1204 πῖνε
510 1139 559 1201 καὶ
574 1137 651 1216 ἦσθε
665 1135 818 1215 διάκτορος
834 1130 1042 1214 ἀργειφόντης.

285 1245 376 1326 αὐτὰρ
392 1245 457 1309 ἐπεὶ
473 1244 617 1319 δείπνησε
632 1241 682 1302 καὶ
700 1237 791 1319 ἤραρε
806 1240 899 1317 θυμὸν
920 1236 1029 1319 ἐδωδῇ,
1200 1262 1233 1314 95

286 1349 335 1414 καί
350 1349 418 1413 τότε
433 1345 470 1425 δή
484 1371 536 1425 μιν
552 1344 680 1408 ἔπεσσιν
697 1342 898 1422 ἀμειβόμενος
910 1337 1105 1418 προσέειπεν*

329 1459 350 1488 “
362 1452 495 1534 Εἰρωτᾷς
510 1447 540 1529 μ’
558 1449 687 1510 ἐλθόντα
703 1445 757 1509 θεὰ
772 1446 851 1508 θεόν·
874 1441 965 1522 αὐτὰρ
982 1442 1041 1523 έγοί
1058 1467 1106 1506 τοι

287 1555 453 1638 νημερτέως
469 1560 520 1619 τὸν
534 1557 629 1633 μῢθον
645 1549 811 1628 ἐνισπήσω·
835 1547 937 1611 κέλεαι
949 1546 1015 1629 γάρ.

287 1661 363 1726 Ζεὺς
379 1658 431 1740 έμέ
446 1657 474 1739 γ’
489 1658 599 1740 ήνιόγει
614 1653 691 1736 δεῦρ’
707 1654 834 1731 ἐλθέμεν
849 1651 903 1714 οὐκ
919 1651 1076 1716 ἐθέλοντα·

287 1767 331 1830 τίς
347 1762 371 1828 δ’
387 1763 425 1827 ἀν
440 1763 516 1827 ἓκίον
530 1761 680 1825 τοσσόνδε
698 1755 854 1840 διαδράμοι
870 1758 1004 1837 ἁλμυρὸν
1018 1759 1095 1836 ὕδωρ
1184 1783 1233 1820 τοο

288 1869 421 1932 ἀσπετον
434 1893 448 1942 ρ
469 1866 536 1929 οὐδέ
552 1891 596 1930 τις
611 1864 684 1947 ἀγχι
698 1868 817 1945 βροτῶν
832 1862 932 1942 πόλις,
949 1864 981 1925 οἰ
994 1889 1026 1927 τε
1043 1863 1162 1927 θεοῖσιν·

290 1970 355 2052 ἰερά
369 1996 401 2034 τε
415 1970 537 2053 ῥέζουσι
554 1966 601 2032 καί
618 1966 754 2047 ἐξαίτους
769 1969 951 2049 ἑκατόμβας.

289 2075 371 2138 ἀλλὰ
386 2072 457 2154 μόλ’
473 2074 507 2136 σθ
522 2099 585 2139 πως
601 2074 666 2136 ἔστι
684 2072 757 2138 Διὸς
773 2074 842 2136 νόον
859 2074 1010 2156 αἰγιόχοιο

289 2179 357 2243 οὔτε
372 2176 569 2257 παρεξελθεῖν
588 2176 686 2240 ἀλλον
703 2181 771 2239 θεὸν
787 2175 849 2240 οὔθ’
865 2180 1005 2240 ἁλιῶσαι.
1036 2259 1037 2262 ¹

289 2281 371 2360 φησί
385 2306 431 2345 τοι
446 2283 537 2362 ἄνδρα
553 2285 691 2360 παρεῖναι
705 2280 903 2360 ἀϊζυροίτατον
917 2281 1028 2355 ἄλλων,
1186 2307 1233 2354 105

289 2390 349 2448 τῶν
365 2387 486 2465 ἀνδρῶν·
496 2384 523 2446 οἰ
539 2385 617 2446 ἀστν
632 2384 701 2462 πέρι
719 2384 869 2463 Πριάμοιο
884 2383 1018 2466 μάχοντο
1078 2436 1082 2447 .

290 2487 430 2565 εἰνάετες,
448 2487 559 2571 δεκάτῳ
576 2489 608 2550 δὲ
623 2488 716 2550 πόλιν
731 2486 896 2567 πέρσαντες
913 2488 1033 2565 ἔβησαν

290 2589 394 2655 οἴκαδ’·
418 2590 491 2671 ἀτάρ
507 2594 539 2655 έν
555 2592 652 2674 νόστῳ
668 2590 830 2671 Ἀθηναίην
845 2591 992 2668 ἀλίτοντο,

291 2696 310 2774 ἤ
326 2702 403 2776 σφιν
418 2693 530 2775 έπῶρσ’
544 2694 655 2772 ἀνεμόν
670 2716 703 2758 τε
721 2700 812 2759 κακὸν
827 2692 875 2757 καί
892 2695 1006 2773 κύματα
1020 2695 1126 2777 μακρά.

291 2796 351 2863 ἔνθ’
367 2799 458 2862 ἄλλοι
473 2801 527 2879 μὲν
543 2799 652 2866 πάντες
667 2798 836 2880 ἀπέφθιθεν
851 2800 958 2863 ἐσθλοὶ
974 2803 1096 2879 ἑταῖροι,
1187 2825 1235 2862 110

218 2969 220 2977 Α
291 2908 343 2967 τὸν
358 2899 383 2966 δ’
398 2902 455 2984 ἀρα
470 2900 547 2984 δεῦρ’
561 2903 670 2984 άνεμός
686 2928 718 2965 τε
734 2902 835 2983 φέρων
851 2901 899 2967 καί
916 2909 990 2984 κῦμα
1006 2903 1154 2967 πέλασσε.

292 3011 343 3069 τδν
358 3012 410 3070 νῦν
426 3004 455 3068 σ’
470 3007 578 3089 ήνάγει
594 3005 810 3085 ἀποπεμπέμεν
827 3007 891 3071 θττι
906 3005 1045 3090 τάχιστα·

293 3110 327 3173 οὐ
342 3108 399 3193 γάρ
416 3113 444 3174 οἱ
460 3109 521 3196 τῇδ’
537 3111 610 3174 αἶσα
626 3110 726 3191 φίλων
742 3110 914 3189 ἀπονόσφιν
929 3110 1064 3189 ὀλέσθαι,

292 3212 362 3278 ἀλλ’
377 3215 420 3278 ἔτι
440 3216 469 3277 οἰ
484 3212 562 3295 μοῖρ’
579 3212 644 3277 έστί
660 3214 770 3295 φίλους
785 3211 810 3275 τ’
829 3213 916 3278 ἰδέειν
933 3216 982 3278 καὶ
999 3215 1118 3280 ἱκέσθαι

293 3318 377 3383 οἰκον
393 3319 422 3383 ές
438 3317 599 3399 ὑψόροφον
615 3314 663 3380 καί
679 3317 731 3395 ἑήν
748 3319 779 3383 ές
794 3323 923 3400 πατρίδα
939 3316 1056 3400 γαῖαν.”
1192 3347 1237 3394 115

330 3419 394 3486 Ὣς
407 3419 496 3502 φάτο,
511 3422 637 3504 ῥίγησεν
652 3423 684 3483 δὲ
701 3422 849 3502 Καλυψώ,
866 3426 915 3486 δῖα
931 3421 1037 3500 θεάων,

294 3525 346 3590 καί
357 3550 409 3604 μιν
425 3522 584 3604 φωνήσασ’
600 3524 674 3587 ἔπεα
689 3525 852 3605 πτερόεντα
867 3525 1032 3606 προσηόδα·

338 3633 359 3662 “
369 3628 513 3711 Σχέτλιοί
528 3629 606 3701 έστε,
622 3630 695 3704 θεοί,
712 3628 875 3708 ζηλήμονες
891 3626 1000 3712 ἔξοχον
1015 3630 1129 3707 ἀλλων,

295 3733 326 3795 οί
339 3757 371 3795 τε
387 3736 469 3799 θεαῖς
485 3731 621 3814 ἀγάασθε
637 3729 705 3812 παρ’
721 3731 865 3813 ἀνδράσιν
882 3732 1059 3811 εὐνάζεσθαι
