2746 4228
244 289 285 358 32
546 291 575 340 ι.
598 278 769 342 ιΛιΑιοΣ
793 280 826 338 Β.

132 460 134 465 ·
242 442 392 526 Ἀτρείδη,
407 443 447 507 σὺ
462 445 487 510 δ’
503 444 547 510 έθ
562 445 602 512 ῶς
617 445 688 527 πρὶν
702 445 783 529 έχων
798 442 956 527 ἀστεμφέα
970 445 1091 526 βουλήν

243 547 343 631 ἄρχευ’
358 547 526 630 Ἀργείοισι
541 551 616 612 κατὰ
630 548 773 629 κρατερὰς
787 549 926 629 ὑσμίνας,
1136 576 1184 627 345

242 649 350 715 τοὺσδε
364 649 389 714 δ’
406 651 442 714 έα
456 651 620 732 φθινύθειν,
637 650 691 715 ἕνα
705 651 754 714 καὶ
768 651 832 726 δὺο,
846 652 895 714 τοί
909 675 961 716 κεν
974 649 1111 734 Ἀχαιῶν

242 753 355 834 νόσφιν
368 753 688 834 βουλεύωσ’-άνυσις
702 752 728 818 δ’
744 753 797 817 οὑκ
812 752 938 818 έσσεται
953 753 1095 820 αὑτῶν-

241 855 312 936 πρὶν
322 853 467 937 Ἀργοσδ’
483 855 570 930 ίέναι,
586 857 657 937 πρὶν
672 856 722 926 καὶ
737 853 812 922 Διδς
829 855 981 938 αἰγιόχοιο

240 959 390 1041 γυάμεναι
405 962 435 1024 εί
446 985 480 1025 τε
494 964 609 1041 ψεῦδος
622 960 802 1042 ὑπόσχεσις,
818 961 894 1024 εἴτε
910 959 959 1022 καὶ
975 959 1054 1028 οὑκί.

240 1063 318 1143 φημὶ
332 1065 390 1144 γδρ
404 1062 458 1126 οὑν
473 1066 653 1127 κατανεῦσαι
666 1060 833 1142 ὑπερμενέα
848 1062 1005 1143 Κρονίωνα
1135 1087 1185 1140 350

239 1163 329 1245 ἤματι
344 1167 384 1249 τῷ
400 1165 451 1229 ὅτε
466 1165 573 1242 νηυσὶν
587 1165 621 1233 ἐν
635 1163 836 1245 ὠκυπόροισιν
851 1165 978 1242 ἔβαινον

239 1267 374 1351 Ἀργεῖοι
387 1267 529 1348 Τρῶεσσι
544 1267 641 1348 φόνον
656 1268 705 1331 καὶ
721 1271 796 1350 κῆρα
811 1267 965 1349 φέροντες·

240 1369 419 1452 ἀστράπτων
433 1367 566 1448 ἐπιδέξι’,
583 1371 725 1451 ἐναίσιμα
739 1368 859 1451 σήματα
874 1371 1002 1452 φαίνων.

239 1476 280 1558 τῷ
294 1472 336 1552 μή
350 1498 396 1540 τις
410 1474 481 1557 πρὶν
495 1472 664 1555 ἐπειγέσθω
680 1473 798 1539 οἶκόνδε
812 1471 944 1553 νέεσθαι,

240 1577 309 1658 πρίν
323 1602 391 1641 τινα
405 1579 465 1657 πδρ
479 1576 590 1658 Τρῶων
605 1576 709 1662 ἀλόχιρ
725 1579 987 1656 κατακοιμηθῆναι,
1134 1604 1182 1655 355

239 1681 383 1744 τίσασθαι
398 1680 423 1744 δ’
438 1678 567 1758 Ἑλένης
581 1679 735 1762 ὁρμήματά
748 1706 783 1745 τε
798 1679 950 1764 στοναχάς
964 1704 1007 1745 τε.

240 1785 266 1848 εί
281 1781 315 1846 δέ
329 1808 374 1849 τις
389 1781 548 1863 ἐκπάγλως
562 1781 662 1847 ἐθέλει
677 1783 794 1849 οἶκόνδε
810 1782 942 1856 νέεσθαι,

239 1884 379 1949 ἁπτέσθω
393 1885 429 1964 ής
444 1885 514 1964 νηὸς
528 1884 712 1964 ἐϋσσέλμοιο
726 1887 880 1966 μελαίνης,

239 1992 319 2071 όφρα
334 1989 441 2072 πρόσθ’
458 1989 562 2054 ἀλλων
577 1989 705 2057 θάνατον
721 1992 770 2054 καὶ
785 1993 900 2071 πότμου
915 1985 1041 2078 ἐπίσπῃ.

239 2091 330 2166 ἀλλά,
346 2090 431 2171 άυαξ,
447 2093 536 2162 αὑτός
549 2092 575 2156 τ’
592 2093 625 2158 εὑ
638 2091 732 2174 μήδεο
747 2095 852 2159 πείθεό
865 2094 890 2156 τ’
907 2095 1003 2178 ἄλλῳ·
1131 2107 1180 2166 360

207 2183 209 2188 ⁵
239 2196 273 2258 οὑ
287 2220 335 2259 τοι
350 2196 529 2275 ἀπόβλητον
544 2197 617 2263 έπος
632 2197 766 2268 ἔσσεται,
783 2197 848 2259 ὅττι
864 2223 916 2262 κεν
931 2199 1015 2260 είπω·

240 2300 311 2379 κρῖν’
328 2298 437 2378 άνδρας
452 2301 527 2361 κατὰ
541 2303 634 2377 φὺλα,
652 2301 726 2361 κατδ
741 2297 883 2380 φρήτρας,
901 2296 1099 2379 Ἀγάμεμνον,

239 2402 278 2469 ῶς
292 2400 407 2482 φρήτρη
424 2398 596 2481 φρήτρηφιν
610 2399 715 2487 ἀρήγῃ,
732 2407 816 2482 φὺλα
830 2404 863 2466 δέ
879 2401 999 2483 φύλοις.

239 2508 266 2570 εἰ
281 2502 314 2569 δέ
330 2529 381 2569 κεν
396 2503 436 2569 ῶς
451 2502 539 2590 ἔρξῃς
554 2504 605 2568 καί
618 2528 665 2567 τοι
678 2505 840 2569 πείθωνται
852 2501 982 2587 Ἀχαιαί,

238 2607 341 2693 γυόσῃ
358 2605 450 2670 ἔπειθ’
468 2607 501 2673 ός
515 2607 542 2670 θ’
558 2606 714 2688 ἡγεμόνων
725 2605 814 2672 κακδς
829 2607 862 2673 ὅς
876 2604 910 2669 τέ
926 2613 1059 2684 νυλαῶν
1129 2619 1177 2682 365

238 2710 283 2788 ἠδ’
299 2711 332 2776 ὅς
347 2709 373 2774 κ’
389 2708 501 2776 ἐσθλὸς
516 2709 595 2796 ἔῃσι·
621 2709 696 2773 κατὰ
711 2707 810 2789 σφέας
823 2712 883 2790 γάρ
895 2707 1068 2792 μαχέονται·

238 2815 372 2897 γυάσεαι
387 2811 412 2877 δ’
429 2814 455 2876 εἰ
471 2811 519 2876 καὶ
535 2812 683 2896 θεσπεσίῃ
699 2813 791 2876 πόλιν
806 2812 857 2875 οὑκ
873 2810 1048 2890 ἀλαπάξεις,

239 2917 258 2997 ἦ
273 2919 388 2998 ἀνδρῶν
403 2916 543 2995 κακότητι
559 2915 608 2978 καὶ
622 2913 754 2999 ἀφραδίῃ
769 2912 947 2994 πολέμοιο.”

280 3020 343 3084 Τδν
358 3018 384 3082 δ’
401 3018 645 3097 ἀπαμειβόμενος
659 3015 800 3098 προσέφη
816 3017 922 3098 κρείων
934 3014 1144 3097 Ἀγαμέμνων·

240 3122 288 3202 “ή
301 3122 363 3199 μὰν
376 3121 438 3183 αὖτ’
454 3121 547 3205 ἀγορῇ
563 3121 656 3202 νικᾷς,
673 3118 770 3201 γέρον,
784 3121 851 3187 νίας
865 3119 1008 3203 Ἀχαιῶν.
1129 3143 1177 3196 570

240 3227 271 3291 αἲ
285 3229 343 3309 γὰρ
358 3229 417 3288 Ζεῦ
432 3248 465 3287 τε
480 3221 573 3302 πάτερ
588 3223 637 3286 καὶ
650 3221 795 3302 Ἀθηναίη
813 3224 862 3286 καὶ
874 3222 1033 3286 Ἀπολλον

239 3333 370 3393 τοιοῦτοι
384 3325 456 3390 δέκα
470 3350 522 3404 μοι
537 3323 767 3406 συμφράδμονες
781 3326 842 3390 εἶεν
855 3325 999 3408 Ἀχαιῶν·

240 3434 281 3518 τῷ
295 3457 328 3495 κε
341 3428 409 3513 τάχ’
425 3428 550 3508 ήμὺσειε
564 3429 653 3494 πόλις
668 3428 820 3511 Πριάμοιο
836 3428 962 3493 άνακτος

240 3534 348 3619 χερσὶν
362 3528 416 3612 ὑφ’
428 3529 609 3618 ἡμετέρῃσιν
624 3530 742 3595 άλοὺσά
760 3556 793 3596 τε
808 3528 974 3611 περθομένη
990 3554 1032 3594 τε.

241 3635 323 3702 ἀλλά
336 3659 388 3716 μοι
403 3635 539 3718 αἰγίοχος
554 3636 699 3717 Κρονίδης
714 3631 789 3710 Ζεὺς
803 3631 891 3714 ἄλγε’
908 3632 1025 3710 ἔδωκεν,
1129 3659 1177 3720 3ηρ
