2874 4234
266 301 330 376 624
556 300 584 364 8.
615 303 848 365 ΟΔΤΣΣΕΙΑΣ
880 302 919 362 Θ.

263 470 326 551 βάν
339 471 370 554 ῤ’
385 472 451 550 ἴμεν
467 472 637 535 Ἀλκινόοιο
653 470 816 552 δαΐφρονος
832 474 863 537 ἐς
876 472 953 552 μέγα
969 475 1060 551 δεῖμα.

264 578 380 654 πλῆντο
396 575 421 639 δ’
436 575 482 656 ἄρ’
497 576 640 639 αἴθουσαί
652 600 686 638 τε
702 573 750 638 καί
765 575 852 655 έρκεα
868 578 916 640 καὶ
932 575 1016 654 δόμοι
1032 577 1150 656 ἀνδρῶν

265 676 462 767 [ἀγρομένων
484 679 596 742 πολλοὶ
611 679 637 742 δ’
652 678 698 759 ἀρ’
714 679 788 742 ἔσαν
804 679 866 743 νέοι
881 677 933 756 ἠδὲ
949 675 1103 766 παλαιαί].

265 788 363 846 τοῖσιν
379 783 404 846 δ’
419 783 577 849 ’Λλκίνοος
593 785 766 846 δυοκαίδεκα
781 783 853 862 μῆλ’
871 783 1015 864 ἱέρευσεν,

264 888 340 949 ὀκτὼ
357 885 382 949 δ’
398 886 591 968 ἀργιόδοντας
605 887 667 962 ὕας,
684 886 736 948 δόο
751 885 776 950 δ’
792 886 946 952 εἰλίποδας
960 891 1045 966 βοῦς·
1178 900 1211 950 60

262 990 330 1057 τοὺς
347 989 432 1070 δέρον
448 990 529 1071 ἀμφί
542 989 568 1050 θ’
584 989 666 1064 ἕπον,
683 989 839 1053 τετύκοντό
853 1015 885 1053 τε
901 990 976 1054 δαῖτ’
992 989 1156 1070 ἐρατεινήν.

308 1092 411 1174 Κῆρυξ
424 1093 449 1156 δ’
465 1092 591 1175 ἐγγοίθεν
606 1091 699 1169 ῆλθεν
714 1091 796 1175 ἀγων
812 1093 928 1173 ἐρίηρον
943 1093 1053 1169 ἀοιδόν,

267 1204 320 1260 τὸν
338 1197 406 1278 πέρι
421 1194 521 1258 Μοῦσ’
538 1195 677 1275 ἐφίλησε,
693 1196 776 1258 δίδου
792 1194 817 1258 δ’
832 1196 947 1276 ἀγαθόν
962 1221 995 1259 τε
1011 1197 1103 1260 κακόν
1117 1218 1158 1260 τε·

264 1303 432 1382 ὀφθαλμῶν
445 1301 501 1378 μὲν
516 1297 638 1378 ἄμερσε,
654 1299 737 1362 δίδου
752 1298 777 1362 δ’
793 1297 896 1376 ἡδεῖαν
911 1297 1024 1378 ἀοιδήν,

264 1406 304 1490 τῷ
319 1405 344 1468 δ’
360 1403 417 1484 ἄρα
433 1403 602 1466 Ποντόνοος
618 1405 689 1480 θῆκε
706 1404 814 1483 θρόνον
828 1404 1015 1485 ἀργυρόηλον
1178 1417 1209 1478 65

263 1506 367 1587 μέσσῳ
384 1506 578 1584 δαιτυμόνων,
594 1511 667 1581 πρὸς
683 1505 769 1568 κίονα
782 1511 895 1586 μακρὸν
911 1507 1037 1585 ἐρείσας.

267 1611 320 1684 κὰδ
338 1609 363 1672 δ’
379 1610 411 1672 ἐκ
428 1611 611 1689 πασσαλόφι
628 1608 775 1688 κρέμασεν
791 1613 944 1691 φόρμιγγα
959 1611 1080 1689 λίγειαν

263 1716 351 1779 αὐτοῦ
366 1715 440 1794 ὑπὲρ
456 1714 591 1793 κεφαλῆς
608 1709 655 1776 καῖ
672 1711 824 1793 ἐπέφραδε
838 1711 946 1796 χερσὶν
961 1713 1088 1778 ἑλέσθαι

264 1816 363 1898 κῆρυξ·
386 1820 447 1898 πὰρ
463 1817 487 1880 δ’
500 1817 590 1880 ἐτίθει
607 1813 713 1881 κάνεον
730 1815 825 1896 καλήν
840 1842 873 1882 τε
888 1817 1042 1897 τράπεζαν,

263 1925 323 2003 πδρ
339 1924 370 1985 δὲ
387 1921 479 1986 δέπας
494 1921 595 1998 οἴνοιο,
611 1925 692 1984 πιεῖν
707 1921 758 1985 ὅτε
773 1921 865 2001 θυμὸς
880 1921 1001 2003 ἀνιόγοι.
1178 1946 1210 1998 70

263 2027 293 2088 οἱ
308 2025 334 2087 δ’
350 2025 396 2088 ἐπ’
412 2024 522 2088 ὀνείαθ’
537 2028 641 2103 ἑτοῖμα
656 2026 837 2106 προκείμενα
853 2030 953 2106 χεῖρας
970 2028 1092 2089 ἴαλλον.

264 2129 356 2210 αὐτὰρ
373 2129 439 2193 ἐπεὶ
454 2129 562 2194 πόσιος
579 2129 627 2192 καὶ
643 2129 765 2208 ἐδητύος
781 2127 818 2207 ἐξ
831 2129 898 2209 έρον
914 2129 989 2207 έντο,

264 2231 366 2294 Μοΰσ’
381 2231 427 2313 ἄρ’
439 2233 542 2295 ἀοιδδν
561 2233 670 2309 ἀνῆκεν
686 2232 852 2311 ἀειδέμεναι
868 2231 942 2295 κλέα
957 2234 1081 2313 ἀνδρῶν,

264 2338 349 2417 οἴμης
364 2338 417 2413 τῆς
433 2335 492 2398 τότ’
508 2334 566 2415 ἀρα
582 2335 670 2401 κλέος
685 2337 811 2414 οὐρανὸν
829 2334 915 2415 εὐρὺν
929 2336 1024 2415 ἴκανε,

262 2443 359 2504 νεῖκος
373 2438 544 2515 Ὀδυσσῆος
561 2437 609 2502 καὶ
625 2437 782 2516 Πηλεΐδεω
797 2439 950 2520 Ἀχιλῆος,
1178 2467 1208 2517 75

262 2543 302 2609 ὥς
318 2566 391 2606 ποτε
407 2543 567 2623 δηρίσαντο
584 2547 660 2606 θεῶν
680 2543 712 2606 ἐν
727 2542 804 2605 δαιτὶ
820 2543 928 2628 θαλείῃ

262 2644 426 2728 ἐκπάγλοις
441 2647 594 2723 ἐπέεσσιν,
610 2644 688 2722 ἀναξ
700 2644 726 2706 δ’
742 2644 857 2724 ἀνδρῶν
873 2645 1068 2729 Ἀγαμέμνων

262 2755 349 2834 χαῖρε
364 2749 432 2832 νόῳ,
450 2751 468 2812 ὅ
483 2749 508 2811 τ’
523 2747 640 2830 ἄριστοι
655 2746 790 2829 Ἀχαιῶν
805 2750 978 2830 δηριόωντο.

262 2854 301 2919 ὣς
317 2851 374 2936 γάρ
391 2854 419 2915 οῖ
434 2852 545 2934 χρείων
559 2849 714 2928 μυθῆσατα
731 2855 848 2932 Φοῖβος
864 2853 1028 2918 Ἀπόλλων

262 2958 362 3018 Πυθοῖ
377 2957 410 3017 ἐυ
425 2953 547 3038 ἠγαθέη,
564 2950 608 3013 ὅθ’
624 2951 742 3032 ὑπέρβη
758 2956 867 3020 λάϊνον
881 2956 968 3020 οὐδὸν
1175 2971 1208 3018 80

261 3058 461 3142 χρησόμενος·
493 3057 561 3118 τότε
577 3054 634 3137 γάρ
651 3057 690 3138 ῥα
706 3057 859 3122 κυλίνδετο
876 3058 1009 3137 πήματος
1025 3058 1104 3141 ἀρχὴ

261 3162 368 3242 Τρωσί
381 3185 413 3223 τε
429 3159 476 3223 καὶ
493 3163 642 3222 Δαναοῖσι
661 3159 735 3224 Διὸς
749 3159 885 3241 μεγάλου
900 3161 948 3224 διὰ
963 3161 1090 3239 βουλάς.

261 3369 431 3449 πορφύρεον
446 3363 524 3446 μέγα
540 3369 636 3446 φᾶρος
653 3366 730 3428 ἐλὼν
745 3368 836 3448 χερσὶ
852 3367 1018 3453 στιβαρῇσι

262 3471 316 3536 κάκ
333 3473 466 3549 κεφαλῆς
482 3469 613 3549 εἴρυσσε,
630 3469 750 3551 κάλυψε
766 3475 799 3535 δέ
816 3473 894 3535 καλὰ
909 3471 1067 3548 πρόσωπα·
1173 3490 1204 3550 85

261 3577 359 3640 αἴδετο
374 3576 431 3654 γὰρ
447 3573 582 3651 Φαίηκας
598 3573 647 3637 ὑπ’
663 3574 776 3654 όφρόσι
791 3573 900 3653 δάκρυα
915 3575 1042 3656 λείβων.
1232 3561 1237 3576 ’

260 3677 278 3758 ῆ
293 3701 339 3740 τοι
355 3675 405 3737 ὅτε
419 3671 542 3752 λήξειεν
557 3677 665 3741 ἀείδων
679 3681 759 3744 θεῖος
775 3676 886 3754 ἀοιδός,
