2788 4230
489 342 538 405 17.
561 327 794 387 ΟΔΎΣΣΕΙΑΣ
819 329 849 386 Ρ.
1080 322 1143 404 789

237 502 299 562 Τὸν
315 497 340 560 δ’
355 496 491 576 ἠμείβετ’
507 498 611 562 ἔπειτα
624 496 778 561 πολύτλας
793 500 856 561 δῖος
871 493 1046 561 Ὀδυσσεύς·
1094 508 1142 556 280

195 605 213 635 ‘⁶
225 601 391 683 γιγνώσκω,
410 600 538 682 φρονέω·
568 600 606 664 τά
620 627 656 683 γε
671 600 707 678 δὴ
726 600 842 665 νοέοντι
858 598 998 664 κελεύεις.

196 703 267 766 ἀλλ’
282 703 372 787 ἔρχευ
387 703 596 784 προπάροιθεν,
612 705 672 786 ἐγὼ
686 703 711 767 δ’
726 703 933 784 ὑπολείψομαι
948 702 1046 765 αὔτοῦ.

197 805 233 868 οὔ
248 804 305 887 γάρ
320 832 349 870 τι
365 805 507 889 πληγέων
523 805 663 885 ἀδαήμων
679 807 747 869 οὔδέ
761 803 895 886 βολάων.

196 908 338 987 τολμήεις
353 934 405 989 μοι
420 909 520 989 θυμός,
537 907 604 972 ἐπεὶ
614 911 697 972 ,κακά
712 910 816 971 πολλὰ
831 905 967 970 πέπονθα

197 1011 306 1091 κύμασι
322 1013 369 1075 καὶ
385 1012 519 1098 πολέμῳ·
548 1011 623 1092 μετὰ
640 1013 688 1076 καὶ
704 1012 772 1074 τάδε
787 1015 867 1074 τοῖσι
882 1009 1026 1093 γενέσθω.
1097 1026 1144 1088 285

196 1115 329 1196 γαστέρα
345 1113 369 1179 δ’
385 1115 420 1178 οὔ
436 1141 497 1181 πως
513 1116 598 1179 έοτιν
614 1115 788 1195 ἀποκρύψαι
802 1118 961 1194 μεμαυῖαν,

197 1217 403 1298 οὔλομένην,ἣ
421 1222 522 1282 πολλὰ
538 1218 601 1282 κάκ’
619 1219 805 1299 ἀνθρώποισι
821 1219 935 1292 δίδωσι,

196 1325 249 1400 τῆς
264 1322 364 1386 ἕνεκεν
381 1319 428 1385 καί
444 1326 513 1400 νῆες
529 1320 645 1404 ἐύζυγαι
661 1323 836 1400 ὁπλίζονται

197 1426 308 1489 πόντον
324 1426 371 1490 ἐπ’
387 1427 557 1507 ἀτρύγετον,
574 1425 650 1489 κακὰ
665 1425 866 1506 δυσμενέεσσι
881 1421 1059 1506 φέρουσαι.”

233 1528 297 1594 Ὠς
313 1531 342 1592 οῖ
357 1532 413 1608 μὲν
427 1535 550 1592 τοιαῦτα
564 1529 638 1612 πρὸς
655 1527 808 1608 ἀλλήλους
825 1530 978 1610 ἀγόρευον·
1098 1555 1147 1606 ²90

198 1631 235 1696 ἀν
250 1637 283 1696 δὲ
300 1633 377 1697 κύων
392 1631 531 1713 κεφαλήν
545 1659 578 1697 τε
594 1631 642 1696 καὶ
657 1633 749 1696 οὔατα
764 1632 898 1712 κείμενος
914 1632 1016 1715 ἔσχεν,

194 1736 318 1818 Ἄργος,
335 1737 507 1814 Ὀδυσσῆος
521 1739 757 1819 ταλασίφρονος,
773 1739 809 1801 ὅν
822 1737 862 1819 ῥά
876 1735 942 1800 ποτ’
959 1737 1047 1802 αὐτὸς

199 1840 295 1919 θρέψε
310 1840 374 1919 μέν,
390 1840 451 1904 οὐδ’
467 1841 609 1918 ἀπόνητο,
625 1841 719 1921 πάρος
735 1841 760 1903 δ’
777 1843 820 1906 είς
831 1838 926 1904 Ἴλιον
943 1840 1009 1922 ἱρήν

198 1943 300 2028 ᾤχετο.
342 1949 394 2007 τὸν
410 1945 441 2006 δὲ
457 1944 601 2022 πάροιθεν
615 1945 777 2024 ἀγίνεσκον
793 1943 854 2006 νέοι
870 1944 975 2023 ἄνδρες

201 2046 288 2126 αῖγος
304 2045 350 2108 ἐπ’
366 2047 528 2126 ἀγροτέρας
544 2047 596 2124 ἠδὲ
612 2048 725 2127 πρόκας
740 2046 793 2124 ἠδέ
808 2048 954 2128 λαγωούς·
1099 2075 1146 2126 ²95

199 2151 235 2229 δὴ
251 2151 319 2213 τότε
335 2149 406 2215 κεῖτ’
422 2151 590 2215 ἀπόθεστος
606 2149 821 2232 ἀποιχομένοιο
836 2150 974 2229 άνακτας,

200 2257 233 2318 έν
249 2255 352 2338 πολλῇ
367 2255 477 2337 κόπρῳ,
493 2254 513 2332 ἥ
528 2256 556 2316 οἱ
572 2253 757 2334 προπάροιθε
772 2252 888 2333 θυράων

199 2359 331 2438 ἡμιόνων
346 2383 378 2421 τε
393 2364 478 2438 βοῶν
493 2382 526 2421 τε
541 2357 612 2422 άλις
627 2357 735 2440 κέχυτ’,
751 2357 820 2438 ὄφρ’
836 2356 874 2420 ἀν
888 2358 991 2439 άγοιεν

200 2463 295 2537 δμῶες
310 2458 480 2532 Ὀδυσσῆος
496 2457 616 2537 τέμενος
626 2457 708 2538 1μέγα
724 2455 935 2536 κοπρήσοντες·

202 2562 274 2624 ἔνθα
290 2561 367 2625 κύων
383 2559 453 2624 κεῖτ’
467 2560 586 2643 Ἄργος,
602 2561 753 2626 ἐνίπλειος
768 2562 992 2641 κυνοραιστέων.
1100 2589 1148 2637 300

202 2666 237 2744 δή
254 2666 322 2728 τότε
336 2665 374 2746 γ’,
391 2664 430 2730 ὡς
445 2666 573 2741 ένόησεν
587 2663 740 2728 Ὀδυσσέα
756 2665 845 2746 έγγὺς
862 2667 958 2742 έόντα,

202 2769 271 2852 οὐρῇ
286 2767 340 2847 μέν
352 2768 383 2850 ῥ’
399 2769 416 2830 ὅ
431 2767 459 2850 γ’
475 2767 566 2846 ἔσηνε
581 2769 630 2830 καὶ
646 2767 736 2831 οὔατα
753 2766 915 2847 κάββαλεν
930 2768 1032 2850 ἄμφω,

202 2872 301 2935 ἀσσον
317 2871 342 2934 δ’
358 2869 450 2933 οὐκέτ’
466 2871 569 2934 ἔπειτα
586 2871 734 2946 δυνήσατο
750 2873 798 2935 οἶα
814 2872 940 2938 ἄνακτος

202 2973 336 3052 ἐλθέμεν·
368 2974 461 3053 ούτάρ
477 2974 493 3036 ὁ
509 2975 621 3054 νόσφιν
636 2975 707 3037 ἰδὼν
722 2973 912 3056 ἀπομόρξατο
927 2974 1028 3057 δάκρυ,

201 3081 266 3161 ῥεῖα
282 3079 383 3143 λαθὼν
399 3077 539 3155 Εὔμαιον,
554 3078 637 3159 ἀφαρ
653 3077 678 3140 δ’
693 3079 838 3158 ἐρεείνετο
852 3080 945 3162 μύθῳ·
1099 3105 1148 3156 305

204 3187 224 3216 “
237 3181 351 3258 Εὔμαι’,
368 3180 387 3261 ή
400 3180 484 3260 μάλα
500 3185 597 3258 θαῖνμα
613 3182 690 3244 κύων
705 3183 755 3244 ὅδε
771 3182 843 3245 κεῖτ’
859 3180 902 3245 ένῖ
918 3183 1025 3264 κόττριρΙ

204 3291 295 3350 κολδς
310 3290 366 3363 μὲν
381 3284 471 3363 δέμας
488 3286 582 3362 ἐστίν,
599 3287 673 3365 ἀτάρ
687 3287 756 3349 τάδε
771 3284 800 3365 γ’
816 3287 849 3350 οὔ
866 3285 953 3367 σάφα
967 3288 1042 3362 οῖδα,

204 3392 230 3452 εῖ
247 3390 282 3467 δὴ
300 3390 348 3452 καὶ
363 3389 454 3470 ταχὺς
471 3389 543 3452 έσκε
560 3390 641 3454 θέειν
656 3391 707 3453 έπὶ
722 3392 796 3454 εῖδεῖ
810 3391 894 3474 τῷδε,

203 3491 222 3571 ἦ
238 3492 332 3558 αὔτως
349 3494 409 3556 οἶοί
422 3518 454 3558 τε
470 3493 632 3574 τραπεζῆες
647 3493 732 3559 κύνες
747 3495 862 3574 ἀνδρῶν

204 3595 345 3679 γίγνοντ’,
362 3596 490 3679 ἀγλαΐης
506 3595 531 3660 δ’
546 3597 647 3663 ἕνεκεν
663 3596 823 3676 κομέουσιν
838 3597 992 3666 ἀνακτες.”
1099 3626 1149 3675 3ιο

247 3705 310 3764 Τὸν
326 3700 351 3764 δ’
368 3701 609 3781 ἀπαμειβόμενος
626 3701 791 3784 προσέφης,
809 3702 920 3783 Εὔμαιε
936 3710 1069 3785 συβῶτα·
