2792 4232
499 367 548 434 ¹7·
574 356 745 415 1A1AA02
770 357 801 418 P.

175 526 243 590 οὐδὲ
257 529 313 606 μὲν
329 527 397 590 ούδέ
411 527 466 607 βίη
482 525 682 607 Ὑπερήνορος
699 524 881 607 ἱπποδάμοιο

176 628 211 706 ῆς
225 629 306 709 ῆβης
321 631 457 710 ἀπόνηθ’,
474 632 524 694 ὅτε
538 629 569 710 μ’
586 631 683 695 ὤνατο
699 629 750 693 καί
763 629 792 709 μ’
808 628 949 709 ὑπέμεινε

177 734 226 795 καί
239 733 268 813 μ’
289 734 375 814 ἔφατ’
392 736 425 797 ἐν
442 738 611 797 Δαναοῖσιν
626 732 810 816 ἐλέγχιστον
824 731 1013 813 πολεμιστὴν

176 837 308 914 ἔμμεναι·
333 836 403 901 οὐδέ
419 838 434 901 ἔ
449 845 527 919 φημι
542 838 674 901 πόδεσσί
688 862 724 919 γε
740 838 803 900 οῖσι
819 836 922 900 κιόντα

177 939 320 1020 εὐφρῆναι
336 941 453 1024 ἀλοχόν
472 966 505 1005 τε
520 941 616 1022 φίλην
632 939 752 1005 κεδνούς
766 964 799 1002 τε
814 942 931 1018 τοκῆας.

176 1044 215 1108 ὥς
230 1047 286 1121 θην
301 1045 350 1107 καὶ
367 1044 423 1108 σὸν
438 1046 497 1127 ἐγὼ
512 1045 597 1107 λύσω
612 1043 712 1122 μένος,
728 1045 757 1107 εί
772 1041 804 1105 κέ
818 1068 874 1122 μευ
889 1043 965 1108 άντα

177 1145 278 1232 στήῃς·
302 1146 385 1212 ἀλλά
400 1148 429 1210 σ’
441 1151 499 1233 έγύ
510 1149 539 1232 γ’
553 1144 793 1230 ἀναχωρήσαντα
806 1146 917 1210 κελεύω
1091 1173 1124 1218 ,ηο

176 1249 207 1313 ἔς
222 1250 340 1328 πληθὺν
356 1249 441 1326 ἰέναι,
457 1250 525 1330 μηδ’
543 1251 643 1317 ἀντίος
659 1247 760 1313 ίστασ’
778 1251 871 1328 ἐμεῖο,

177 1353 245 1430 πρίν
260 1379 289 1416 τι
305 1353 396 1418 κακόν
412 1355 544 1419 παθέειν·
567 1356 678 1437 ῥεχθέν
692 1352 726 1417 δέ
741 1377 774 1417 τε
790 1351 896 1431 νήπιος
912 1352 1018 1435 ἔγνω.”

213 1455 275 1522 Ὣς
291 1456 380 1538 φάτο,
396 1457 449 1521 τδν
464 1457 488 1521 δ’
506 1458 540 1521 ού
555 1462 668 1523 πεῖθεν·
692 1458 893 1536 ἀμειβόμενος
908 1457 941 1519 δέ
956 1456 1121 1537 προσηύδα·

178 1566 196 1594 “
206 1565 257 1624 νῦν
271 1562 325 1639 μὲν
341 1559 385 1638 δή,
404 1560 546 1626 Μενέλαε
561 1560 727 1643 διοτρεφές,
743 1559 762 1639 ῆ
776 1559 860 1639 μάλα
874 1562 970 1625 τίσεις

175 1663 290 1743 γνωτὸν
305 1665 386 1743 ἐμόν,
403 1664 454 1728 τὸν
470 1665 610 1745 ἔπεφνες,
627 1665 829 1747 ἐπευχόμενος
845 1661 871 1728 δ’
884 1663 1045 1746 ἀγορεύεις,
1092 1688 1122 1735 35

176 1764 315 1848 χήρωσας
331 1768 363 1830 δέ
378 1773 504 1849 γυναῖκα
518 1771 604 1853 μυχῷ
621 1766 770 1846 θαλάμοιο
787 1766 877 1842 νέοιο,

177 1869 284 1951 ἀρητὸν
297 1872 329 1934 δὲ
344 1876 464 1934 τοκεῦσι
479 1872 554 1954 γόον
570 1873 618 1935 καὶ
634 1870 744 1937 πένθος
759 1871 876 1949 ἔθηκας.

176 1972 194 2051 ἦ
209 1973 243 2035 κέ
258 1981 335 2053 σφιν
350 1979 481 2038 δειλοῖσι
495 1978 570 2056 γόου
586 1975 764 2054 κατάπαυμα
778 1976 930 2058 γενοίμην,

177 2080 268 2140 εἶκεν
284 2077 343 2159 ἔγδ
360 2077 498 2159 κεφαλήν
513 2105 546 2142 τε
562 2079 632 2159 τεὴν
649 2080 698 2142 καὶ
714 2078 811 2163 τεύχε’
829 2080 944 2145 ἐνείκας

176 2179 287 2264 Πάνθῳ
303 2185 336 2244 ἐν
350 2184 490 2264 χείρεσσι
505 2183 595 2261 βάλω
612 2183 660 2246 καὶ
675 2184 817 2263 Φρόντιδι
833 2183 892 2268 δίη.

177 2285 244 2347 ἀλλ’
261 2285 296 2348 ού
308 2288 370 2365 μδν
385 2287 430 2350 έτι
445 2292 535 2368 δηρὸν
551 2287 710 2366 ἀπείρητος
725 2287 816 2351 πόνος
829 2286 921 2350 ἔσται

176 2387 243 2451 ούδέ
257 2389 282 2449 τ’
299 2387 436 2470 ἀδήριτος
451 2389 495 2468 ἥτ’
512 2392 607 2468 ἀλκῆς
621 2388 674 2467 ἤτε
689 2388 833 2470 φόβοιο.”

211 2490 274 2557 Ὣς
290 2494 383 2558 εἰπὼν
398 2493 508 2572 οὔτησε
523 2492 585 2556 κατ’
602 2493 719 2557 ἀσπίδα
733 2491 859 2557 πάντοσ’
877 2490 972 2571 ἐίσην·

176 2595 234 2659 οὐδ’
251 2596 374 2678 ἔρρηξεν
389 2599 516 2681 χαλκόν,
534 2596 730 2678 ἀνεγνάμφθη
747 2596 781 2661 δέ
797 2599 825 2660 οἱ
842 2598 935 2680 αἰχμή

177 2701 280 2765 ἀσπίδι
293 2703 326 2764 ἔν
342 2703 476 2788 κρατερῇ·
502 2703 519 2764 ὁ
535 2703 567 2765 δέ
583 2700 718 2782 δεύτερος
734 2701 846 2782 ὤρνυτο
860 2703 966 2784 χολκῷ

177 2803 326 2886 Ἀτρείδης
342 2805 511 2877 Μενέλαος,
531 2801 730 2884 ἐπευξάμενος
743 2806 796 2868 Διὶ
811 2806 909 2885 πατρί·

177 2907 222 2988 ἀφ
236 2908 261 2972 δ’
278 2908 515 2992 ἀναχαζομένοιο
532 2910 606 2970 κατὰ
622 2907 790 2992 στομάχοιο
806 2907 940 2987 θέμεθλα

177 3010 246 3090 νύξ’,
260 3014 311 3076 ἐπὶ
327 3009 353 3074 δ’
370 3011 457 3078 αὐτὸς
472 3013 572 3093 ἔρεισε
586 3013 695 3097 βαρείῃ
711 3013 791 3094 χειρὶ
808 3008 950 3089 πιθήσας·

178 3115 294 3195 ἀντικρὺ
310 3111 337 3179 δ’
353 3118 483 3179 ἁπαλοῖο
499 3112 538 3179 δι’
554 3114 682 3196 αὐχένος
696 3113 781 3193 ἤλυθ’
799 3112 907 3192 ἀκωκή,

178 3219 326 3299 δούπησεν
341 3222 374 3284 δέ
389 3221 502 3292 πεσιύν,
519 3218 660 3300 ἀράβησε
674 3220 707 3281 δέ
722 3217 818 3300 τεύχε’
836 3217 881 3280 ἐπ’
899 3217 986 3300 αύτῷ.
1091 3281 1099 3292 ,

178 3324 278 3400 αἵματί
293 3325 322 3386 οἱ
339 3323 460 3388 δεύοντο
478 3324 566 3402 κόμαι
581 3323 770 3403 Χαρίτεσσιν
786 3323 885 3399 ὁμοῖαι

177 3428 312 3510 πλοχμοί
325 3426 360 3501 θ’,
378 3427 406 3490 οῖ
420 3428 525 3510 χρυσῷ
542 3452 573 3490 τε
590 3427 639 3488 καὶ
652 3425 767 3508 ἀργύρῳ
785 3422 971 3504 ἐσφήκωντο.

177 3531 240 3595 οῖον
255 3534 288 3596 δὲ
303 3530 408 3612 τρέφει
424 3531 509 3611 ἔρνος
525 3531 600 3610 ἀνὴρ
617 3530 752 3611 ἐριθηλὲς
768 3530 872 3605 ἐλαίης

176 3636 260 3719 χώρῳ
278 3637 311 3699 ἐν
327 3636 470 3718 οἰοπόλῳ,
487 3635 533 3696 θ’θ’
550 3633 618 3697 ἀλις
634 3631 846 3713 ἀναβέβροχεν
860 3632 945 3712 ὕδωρ,

178 3742 270 3805 καλὸν
286 3737 446 3817 τηλεθάον·
470 3743 503 3799 τὸ
519 3735 552 3800 δέ
568 3761 600 3798 τε
617 3737 719 3800 πνοιαὶ
734 3735 872 3799 δονέουσι
