2738 4226
253 339 313 402 218
575 359 623 404 11.
647 345 816 405 ΙΛΙΑΔΟΣ
840 345 874 407 Λ.

250 509 297 590 ἀφ
312 509 336 571 δ’
354 507 552 594 ἀναχωρήσας
567 514 670 572 Σῶκον
686 508 759 590 πρὸς
777 514 871 590 μῦθον
889 509 998 575 ἔειπεν·
1142 539 1191 587 440

253 612 301 673 “ά
317 611 403 687 δείλ’,
422 611 441 690 ή
455 610 539 690 μάλα
555 609 591 689 δή
607 637 644 676 σε
660 611 814 694 κιχάνεται
830 613 918 678 αἰπὺς
933 614 1067 692 ὄλεθρος.

252 713 270 792 ἦ
285 738 331 776 τοι
345 711 401 793 μέν
414 714 439 796 ῤ’
457 712 503 791 ἔμ’
521 713 655 779 ἔπαυσας
670 715 719 777 ἐπὶ
733 714 874 795 Τρώεσσι
889 714 1051 797 μάχεσθαι·

253 814 302 877 σοὶ
317 813 343 877 δ’
359 817 416 900 ἔγδ
432 815 537 880 ἐνθάδε
554 815 631 898 φημὶ
647 817 743 898 φόνου
758 818 807 881 καὶ
823 821 897 899 κήρα
916 814 1062 897 μέλαιναν

251 916 340 996 ήματι
356 917 425 1002 τῷδ’
442 919 600 992 ἔσσεσθαι,
616 921 677 1005 ἐμή)
693 918 719 983 δ’
735 918 793 984 ὑπὸ
807 921 890 1001 δουρὶ
906 919 1036 999 δαμέντα

251 1020 339 1104 εὖχος
354 1022 420 1100 ἐμοὶ
434 1021 553 1096 δώσειν,
569 1022 674 1106 ψυχὴν
688 1020 716 1087 δ’
729 1022 810 1088 Ἀϊδι
826 1021 1041 1108 κλυτοπώλῳ.”
1142 1051 1191 1100 445

290 1123 344 1197 Ἦ,
362 1127 409 1188 καὶ
424 1127 440 1191 δ
454 1126 510 1206 μὲν
525 1125 632 1208 φύγαδ’
649 1125 731 1192 αιἰτις
745 1124 943 1207 ὑποστρέψας
958 1125 1114 1206 ἐβεβήκει,

250 1230 291 1314 τῷ
308 1230 340 1292 δὲ
353 1227 609 1310 μεταστρεφθέντι
622 1227 798 1313 μεταφρένῳ
815 1231 848 1294 ἐν
862 1230 934 1311 δόρυ
949 1227 1043 1308 πῆξεν

251 1333 339 1410 ὤμων
353 1332 517 1413 μεσσηγύς,
533 1335 583 1396 διδ
597 1334 630 1395 δὲ
647 1330 817 1412 στήθεσφιν
833 1332 958 1408 ἔλασσε,

251 1436 402 1512 δούπησεν
416 1437 449 1498 δὲ
465 1435 579 1500 πεσών·
601 1436 618 1498 ό
634 1434 659 1498 δ’
676 1433 821 1513 ἐπεύξατο
836 1439 899 1501 δῖος
915 1432 1089 1502 Ὀδυσσεύς·

252 1535 303 1600 “ὦ
319 1536 409 1621 Σῶχ’,
425 1537 575 1602 Ἱππάσου
589 1540 634 1601 υἱὲ
649 1536 810 1620 δαΐφρονος
827 1537 1017 1617 ἱπποδάμοιο,
1142 1565 1193 1614 450

252 1644 314 1722 φθῆ
331 1666 368 1705 σε
383 1638 472 1706 τέλος
487 1639 628 1705 θανάτοιο
644 1638 815 1722 κιχήμενον,
831 1641 891 1706 οὐδ’
909 1640 1072 1720 ὑπάλυξας.

252 1746 271 1808 ἆ
285 1742 371 1818 δείλ’,
388 1743 421 1807 οὐ
436 1746 491 1825 μὲν
507 1743 559 1806 σοί
572 1769 608 1826 γε
622 1743 719 1822 πατήρ
735 1746 784 1808 καὶ
800 1746 907 1810 πότνια
922 1744 1018 1828 μήτηρ

253 1849 330 1914 ὄσσε
346 1846 563 1930 καθαιρήσουσι
579 1848 701 1912 θανόντι
716 1874 782 1931 περ,
799 1847 869 1914 ἀλλ’
886 1852 987 1915 οἰωνοὶ

252 1953 388 2031 ὠμησταὶ
404 1953 532 2033 ἐρύουσι,
549 1952 617 2034 περὶ
632 1951 726 2035 πτερδ
740 1955 837 2018 πυκνδ
852 1957 1013 2035 βαλόντες.

253 2057 343 2137 αὐτὰρ
360 2056 412 2135 ἔμ’,
430 2058 459 2121 εί
472 2081 505 2120 κε
521 2054 609 2132 θάνω,
626 2057 778 2138 κτεριοῦσί
791 2083 828 2139 γε
842 2062 901 2122 δῖοι
916 2056 1066 2140 Ἀχαιοί.”
1143 2084 1193 2134 455

287 2158 351 2226 Ὣς
366 2159 458 2226 εἰπὼν
473 2158 589 2223 Σώκοιο
605 2157 768 2242 δαΐφρονος
787 2162 916 2241 ὄβριμον
931 2161 1021 2244 ἔγχος

253 2261 310 2340 ἔξω
324 2287 357 2326 τε
371 2262 462 2345 χροδς
478 2262 549 2326 ἕλκε
564 2263 613 2328 καί
632 2264 761 2330 ἀσπιδος
775 2263 1005 2344 ὀμφαλοέσσης·

253 2368 326 2446 αἷμα
341 2363 373 2430 δέ
388 2367 417 2428 οἱ
432 2361 624 2430 σπασθέντος
638 2363 798 2438 ἀνέσσυτο,
815 2370 884 2444 κῆδε
900 2369 933 2430 δὲ
948 2367 1050 2444 θυμόν.

252 2475 352 2549 Τρῶες
367 2470 400 2531 δὲ
414 2466 580 2550 μεγάθυμοι
595 2468 676 2534 ὅπως
691 2469 756 2534 ίδον
775 2466 837 2546 αἷμ’
852 2467 1011 2545 Ὀδυσῆος,

254 2571 429 2648 κεκλόμενοι
446 2568 511 2633 καθ’
527 2571 635 2648 ὅμιλον
650 2568 699 2633 ἐπ’
715 2571 793 2653 αύτῷ
811 2571 921 2638 πάντες
937 2573 1066 2651 ἔβησαν.
1145 2585 1195 2647 460

254 2675 345 2754 αύτδρ
360 2674 377 2736 ό
391 2671 421 2755 γ’
436 2670 569 2751 ἐξοπίσω
583 2671 756 2756 ἀνεχάζετο,
773 2673 826 2736 αὖε
841 2671 867 2736 δ’
884 2677 1027 2755 ἑταίρους.

253 2779 315 2858 τρὶς
329 2777 384 2855 μὲν
399 2772 492 2840 ἔπειτ’
506 2774 601 2853 ήῦσεν
615 2776 691 2839 ὅσον
707 2776 825 2856 κεφαλή
841 2775 918 2860 χάδε
933 2776 1046 2858 φωτός,

253 2881 315 2960 τρὶς
330 2879 355 2943 δ’
371 2879 436 2942 άϊεν
452 2877 591 2961 ἰάχοντος
606 2875 770 2958 ἀρηΐφιλος
786 2877 955 2948 Μενέλαος,

253 2984 333 3059 αἶψα
347 2979 373 3045 δ’
388 2978 434 3062 ἄρ’
450 2983 565 3044 Αἴαντα
579 2981 795 3063 προσεφώνεεν
810 2981 898 3064 ἐγγὺς
914 2983 1012 3046 ἐόντα·

254 3096 275 3121 “
284 3085 360 3148 Αἶαν
376 3084 508 3164 διογενὲς
522 3081 708 3162 Τελαμώνιε,
725 3085 844 3165 κοίρανε
858 3091 951 3156 λαῶν,
1145 3098 1196 3164 4⁶⁵

254 3188 334 3268 ἀμφί
345 3184 375 3265 μ’
392 3183 561 3262 Ὀδυσσῆος
576 3185 803 3266 ταλασίφρονος
817 3185 890 3254 ἵκετ’
906 3184 991 3265 ἀϋτή,

254 3292 294 3376 τῷ
310 3288 394 3366 ίκέλη
412 3288 451 3354 ὡς
467 3288 496 3351 εί
510 3290 523 3350 ἑ
538 3283 656 3371 βιφατο
669 3293 781 3367 μοῦνον
796 3289 884 3351 ἐόντα

253 3397 354 3474 Τρῶες
369 3387 593 3469 ἀποτμήξαντες
609 3390 653 3454 ἐνὶ
668 3391 792 3476 κρατερῇ
810 3392 930 3476 ὑσμίνῃ.

255 3492 326 3560 ἀλλ’
341 3498 426 3574 ἴομεν
441 3493 505 3556 καθ’
521 3495 638 3573 ὅμιλον·
661 3492 839 3573 ἀλεξέμεναι
853 3495 911 3575 γάρ
927 3493 1060 3572 ἄμεινον.

256 3598 342 3662 δείδω
357 3595 397 3676 μή
413 3621 441 3659 τι
457 3595 590 3681 πάθῃσιν
605 3596 651 3661 ἐνὶ
664 3596 806 3678 Τρώεσσι
820 3597 974 3675 μονωθείς,
1146 3623 1198 3678 ηηα

258 3700 367 3766 ἐσθλὸς
382 3699 448 3770 ἐών,
464 3697 581 3780 μεγάλη
598 3701 631 3762 δὲ
646 3699 725 3777 ποθὴ
741 3704 893 3764 Δαναοῖσι
906 3697 1061 3783 γένηται,”
