<?xml version="1.0" encoding="UTF-8"?>
<!DOCTYPE html PUBLIC "-//W3C//DTD XHTML 1.0 Transitional//EN"
    "http://www.w3.org/TR/xhtml1/DTD/xhtml1-transitional.dtd">
<html xmlns="http://www.w3.org/1999/xhtml" xml:lang="en" lang="en">
 <head>
  <title>
</title>
<meta http-equiv="Content-Type" content="text/html;charset=utf-8" />
  <meta name='ocr-system' content='tesseract 3.04.00' />
  <meta name='ocr-capabilities' content='ocr_page ocr_carea ocr_par ocr_line ocrx_word'/>
</head>
<body>
  <div class='ocr_page' id='page_1' title='image "./homerioperaetre00homegoog_0605.png"; bbox 0 0 2874 4234; ppageno 0'>
   <div class='ocr_carea' id='block_1_1' title="bbox 296 312 946 382">
    <p class='ocr_par' dir='ltr' id='par_1_1' title="bbox 296 312 946 382">
     <span class='ocr_line' id='line_1_1' title="bbox 296 312 946 382; baseline -0.015 0"><span class='ocrx_word' id='word_1_1' title='bbox 296 321 360 382; x_wconf 91' lang='lat'>600</span> <span class='ocrx_word' id='word_1_2' title='bbox 595 312 624 374; x_wconf 90' lang='lat'>6.</span> <span class='ocrx_word' id='word_1_3' title='bbox 647 313 881 375; x_wconf 77' lang='grc' dir='ltr'>ΟΔΎΣΣΕΙΑΣ</span> <span class='ocrx_word' id='word_1_4' title='bbox 913 314 946 373; x_wconf 91' lang='grc' dir='ltr'>Ζ.</span> 
     </span>
    </p>
   </div>
   <div class='ocr_carea' id='block_1_2' title="bbox 296 479 1244 2638">
    <p class='ocr_par' dir='ltr' id='par_1_2' title="bbox 296 479 1054 576">
     <span class='ocr_line' id='line_1_2' title="bbox 296 479 1054 576; baseline -0.011 -24"><span class='ocrx_word' id='word_1_5' title='bbox 296 490 332 576; x_wconf 78' lang='grc' dir='ltr'>τῇ</span> <span class='ocrx_word' id='word_1_6' title='bbox 347 513 398 569; x_wconf 90' lang='grc' dir='ltr'>μιν</span> <span class='ocrx_word' id='word_1_7' title='bbox 414 483 572 563; x_wconf 72' lang='grc' dir='ltr'>ἐεισαμένη</span> <span class='ocrx_word' id='word_1_8' title='bbox 589 481 729 563; x_wconf 80' lang='grc' dir='ltr'>προσέφη</span> <span class='ocrx_word' id='word_1_9' title='bbox 745 487 917 565; x_wconf 76' lang='grc' dir='ltr'>γλαυκῶπις</span> <span class='ocrx_word' id='word_1_10' title='bbox 931 479 1054 560; x_wconf 90' lang='grc' dir='ltr'>Ἀθήνη·</span> 
     </span>
    </p>

    <p class='ocr_par' dir='ltr' id='par_1_3' title="bbox 296 584 1244 2226">
     <span class='ocr_line' id='line_1_3' title="bbox 340 584 1242 667; baseline -0.01 -12"><span class='ocrx_word' id='word_1_11' title='bbox 340 597 361 628; x_wconf 84' lang='grc'><strong>“</strong></span> <span class='ocrx_word' id='word_1_12' title='bbox 369 586 536 663; x_wconf 79' lang='grc' dir='ltr'>Ναυσικάα,</span> <span class='ocrx_word' id='word_1_13' title='bbox 553 588 583 649; x_wconf 87' lang='grc' dir='ltr'>τί</span> <span class='ocrx_word' id='word_1_14' title='bbox 598 586 632 650; x_wconf 92' lang='grc' dir='ltr'>νύ</span> <span class='ocrx_word' id='word_1_15' title='bbox 648 584 677 648; x_wconf 90' lang='grc' dir='ltr'>σ’</span> <span class='ocrx_word' id='word_1_16' title='bbox 689 588 746 650; x_wconf 85' lang='grc' dir='ltr'>ὧδε</span> <span class='ocrx_word' id='word_1_17' title='bbox 761 586 915 666; x_wconf 82' lang='grc' dir='ltr'>μεθήμονα</span> <span class='ocrx_word' id='word_1_18' title='bbox 926 587 1048 667; x_wconf 82' lang='grc' dir='ltr'>γείνατο</span> <span class='ocrx_word' id='word_1_19' title='bbox 1063 584 1160 666; x_wconf 82' lang='grc' dir='ltr'>μήτηρ</span> <span class='ocrx_word' id='word_1_20' title='bbox 1169 610 1180 658; x_wconf 86' lang='grc'>,·</span> <span class='ocrx_word' id='word_1_21' title='bbox 1212 610 1242 660; x_wconf 84' lang='lat'>²5</span> 
     </span>
     <span class='ocr_line' id='line_1_4' title="bbox 297 690 982 776; baseline -0.007 -18"><span class='ocrx_word' id='word_1_22' title='bbox 297 700 403 776; x_wconf 84' lang='grc' dir='ltr'>εἵματα</span> <span class='ocrx_word' id='word_1_23' title='bbox 417 691 473 774; x_wconf 93' lang='grc' dir='ltr'>μέν</span> <span class='ocrx_word' id='word_1_24' title='bbox 489 716 535 754; x_wconf 90' lang='grc' dir='ltr'>τοι</span> <span class='ocrx_word' id='word_1_25' title='bbox 552 695 646 754; x_wconf 84' lang='grc' dir='ltr'>κεῖται</span> <span class='ocrx_word' id='word_1_26' title='bbox 662 690 772 767; x_wconf 78' lang='grc' dir='ltr'>ἀκηδέα</span> <span class='ocrx_word' id='word_1_27' title='bbox 789 691 982 772; x_wconf 84' lang='grc' dir='ltr'>σιγαλόεντα,</span> 
     </span>
     <span class='ocr_line' id='line_1_5' title="bbox 297 791 1156 881; baseline -0.007 -20"><span class='ocrx_word' id='word_1_28' title='bbox 297 798 347 863; x_wconf 83' lang='grc' dir='ltr'>σοὶ</span> <span class='ocrx_word' id='word_1_29' title='bbox 362 801 395 862; x_wconf 74' lang='grc' dir='ltr'>δὲ</span> <span class='ocrx_word' id='word_1_30' title='bbox 409 795 505 881; x_wconf 86' lang='grc' dir='ltr'>γάμος</span> <span class='ocrx_word' id='word_1_31' title='bbox 522 795 636 878; x_wconf 91' lang='grc' dir='ltr'>σχεδόν</span> <span class='ocrx_word' id='word_1_32' title='bbox 651 794 745 867; x_wconf 88' lang='grc' dir='ltr'>ἐστιν,</span> <span class='ocrx_word' id='word_1_33' title='bbox 761 794 811 856; x_wconf 83' lang='grc' dir='ltr'>ἵνα</span> <span class='ocrx_word' id='word_1_34' title='bbox 825 792 883 876; x_wconf 75' lang='grc' dir='ltr'>χρὴ</span> <span class='ocrx_word' id='word_1_35' title='bbox 899 791 978 856; x_wconf 83' lang='grc' dir='ltr'>καλά</span> <span class='ocrx_word' id='word_1_36' title='bbox 992 795 1048 874; x_wconf 69' lang='grc' dir='ltr'>μὲν</span> <span class='ocrx_word' id='word_1_37' title='bbox 1063 793 1156 872; x_wconf 76' lang='grc' dir='ltr'>αὐτὴν</span> 
     </span>
     <span class='ocr_line' id='line_1_6' title="bbox 297 894 1131 981; baseline -0.008 -16"><span class='ocrx_word' id='word_1_38' title='bbox 297 899 500 978; x_wconf 85' lang='grc' dir='ltr'>ἕννυσθαι,τά</span> <span class='ocrx_word' id='word_1_39' title='bbox 516 899 548 962; x_wconf 81' lang='grc' dir='ltr'>δέ</span> <span class='ocrx_word' id='word_1_40' title='bbox 567 902 648 961; x_wconf 86' lang='grc' dir='ltr'>τοῖσι</span> <span class='ocrx_word' id='word_1_41' title='bbox 664 901 834 981; x_wconf 84' lang='grc' dir='ltr'>παρασχεῖν</span> <span class='ocrx_word' id='word_1_42' title='bbox 849 899 880 960; x_wconf 86' lang='grc' dir='ltr'>οί</span> <span class='ocrx_word' id='word_1_43' title='bbox 895 895 928 959; x_wconf 93' lang='grc' dir='ltr'>κέ</span> <span class='ocrx_word' id='word_1_44' title='bbox 944 894 973 959; x_wconf 85' lang='grc' dir='ltr'>σ’</span> <span class='ocrx_word' id='word_1_45' title='bbox 988 897 1131 979; x_wconf 84' lang='grc' dir='ltr'>ἄγωνται.</span> 
     </span>
     <span class='ocr_line' id='line_1_7' title="bbox 297 1000 1067 1089; baseline -0.008 -19"><span class='ocrx_word' id='word_1_46' title='bbox 297 1009 329 1070; x_wconf 91' lang='grc' dir='ltr'>ἐκ</span> <span class='ocrx_word' id='word_1_47' title='bbox 345 1006 403 1089; x_wconf 90' lang='grc' dir='ltr'>γάρ</span> <span class='ocrx_word' id='word_1_48' title='bbox 420 1029 466 1067; x_wconf 94' lang='grc' dir='ltr'>τοι</span> <span class='ocrx_word' id='word_1_49' title='bbox 481 1002 594 1066; x_wconf 87' lang='grc' dir='ltr'>τούτων</span> <span class='ocrx_word' id='word_1_50' title='bbox 611 1000 701 1082; x_wconf 88' lang='grc' dir='ltr'>φάτις</span> <span class='ocrx_word' id='word_1_51' title='bbox 718 1001 890 1081; x_wconf 79' lang='grc' dir='ltr'>ἀνθρώπους</span> <span class='ocrx_word' id='word_1_52' title='bbox 906 1002 1067 1079; x_wconf 80' lang='grc' dir='ltr'>ἀναβαίνει</span> 
     </span>
     <span class='ocr_line' id='line_1_8' title="bbox 298 1101 1244 1190; baseline -0.01 -17"><span class='ocrx_word' id='word_1_53' title='bbox 298 1107 404 1188; x_wconf 91' lang='grc' dir='ltr'>ἐσθλή,</span> <span class='ocrx_word' id='word_1_54' title='bbox 420 1108 579 1190; x_wconf 82' lang='grc' dir='ltr'>χαίρουσιν</span> <span class='ocrx_word' id='word_1_55' title='bbox 599 1105 630 1168; x_wconf 77' lang='grc' dir='ltr'>δὲ</span> <span class='ocrx_word' id='word_1_56' title='bbox 647 1103 744 1184; x_wconf 77' lang='grc' dir='ltr'>πατὴρ</span> <span class='ocrx_word' id='word_1_57' title='bbox 761 1105 810 1166; x_wconf 87' lang='grc' dir='ltr'>καὶ</span> <span class='ocrx_word' id='word_1_58' title='bbox 826 1105 934 1167; x_wconf 89' lang='grc' dir='ltr'>πότνια</span> <span class='ocrx_word' id='word_1_59' title='bbox 948 1101 1052 1185; x_wconf 89' lang='grc' dir='ltr'>μήτηρ.</span> <span class='ocrx_word' id='word_1_60' title='bbox 1212 1129 1244 1177; x_wconf 80' lang='lat'>30</span> 
     </span>
     <span class='ocr_line' id='line_1_9' title="bbox 297 1205 1026 1288; baseline -0.008 -12"><span class='ocrx_word' id='word_1_61' title='bbox 297 1211 368 1277; x_wconf 87' lang='grc' dir='ltr'>ἀλλ’</span> <span class='ocrx_word' id='word_1_62' title='bbox 384 1214 469 1288; x_wconf 80' lang='grc' dir='ltr'>ἴομεν</span> <span class='ocrx_word' id='word_1_63' title='bbox 485 1208 667 1272; x_wconf 77' lang='grc' dir='ltr'>πλυνέουσαι</span> <span class='ocrx_word' id='word_1_64' title='bbox 684 1206 732 1284; x_wconf 83' lang='grc' dir='ltr'>ἀμ’</span> <span class='ocrx_word' id='word_1_65' title='bbox 750 1206 799 1286; x_wconf 87' lang='grc' dir='ltr'>ήοῖ</span> <span class='ocrx_word' id='word_1_66' title='bbox 814 1205 1026 1288; x_wconf 87' lang='grc' dir='ltr'>φαινομένηφι·</span> 
     </span>
     <span class='ocr_line' id='line_1_10' title="bbox 299 1307 1105 1395; baseline -0.01 -15"><span class='ocrx_word' id='word_1_67' title='bbox 299 1319 350 1380; x_wconf 86' lang='grc' dir='ltr'>καί</span> <span class='ocrx_word' id='word_1_68' title='bbox 363 1341 408 1378; x_wconf 92' lang='grc' dir='ltr'>τοι</span> <span class='ocrx_word' id='word_1_69' title='bbox 425 1313 484 1395; x_wconf 78' lang='grc' dir='ltr'>ἐγὼ</span> <span class='ocrx_word' id='word_1_70' title='bbox 502 1311 658 1392; x_wconf 79' lang='grc' dir='ltr'>συνέριθος</span> <span class='ocrx_word' id='word_1_71' title='bbox 674 1307 723 1388; x_wconf 83' lang='grc' dir='ltr'>ἀμ’</span> <span class='ocrx_word' id='word_1_72' title='bbox 739 1310 861 1391; x_wconf 75' lang='grc' dir='ltr'>ἕψομαι,</span> <span class='ocrx_word' id='word_1_73' title='bbox 878 1311 959 1391; x_wconf 89' lang='grc' dir='ltr'>ὄφρα</span> <span class='ocrx_word' id='word_1_74' title='bbox 973 1309 1105 1393; x_wconf 88' lang='grc' dir='ltr'>τάχιστα</span> 
     </span>
     <span class='ocr_line' id='line_1_11' title="bbox 298 1413 1063 1495; baseline -0.008 -12"><span class='ocrx_word' id='word_1_75' title='bbox 298 1420 443 1494; x_wconf 91' lang='grc' dir='ltr'>ἐντύνεαι,</span> <span class='ocrx_word' id='word_1_76' title='bbox 460 1417 525 1479; x_wconf 84' lang='grc' dir='ltr'>ἐπεὶ</span> <span class='ocrx_word' id='word_1_77' title='bbox 542 1414 575 1477; x_wconf 87' lang='grc' dir='ltr'>ού</span> <span class='ocrx_word' id='word_1_78' title='bbox 590 1438 638 1477; x_wconf 90' lang='grc' dir='ltr'>τοι</span> <span class='ocrx_word' id='word_1_79' title='bbox 654 1414 699 1476; x_wconf 82' lang='grc' dir='ltr'>ἔτι</span> <span class='ocrx_word' id='word_1_80' title='bbox 714 1415 768 1495; x_wconf 77' lang='grc' dir='ltr'>δήν</span> <span class='ocrx_word' id='word_1_81' title='bbox 784 1414 932 1494; x_wconf 83' lang='grc' dir='ltr'>παρθένος</span> <span class='ocrx_word' id='word_1_82' title='bbox 948 1413 1063 1477; x_wconf 84' lang='grc' dir='ltr'>ἔσσεαι·</span> 
     </span>
     <span class='ocr_line' id='line_1_12' title="bbox 297 1519 985 1606; baseline -0.007 -19"><span class='ocrx_word' id='word_1_83' title='bbox 297 1523 352 1602; x_wconf 89' lang='grc' dir='ltr'>ήδη</span> <span class='ocrx_word' id='word_1_84' title='bbox 368 1523 426 1606; x_wconf 88' lang='grc' dir='ltr'>γάρ</span> <span class='ocrx_word' id='word_1_85' title='bbox 443 1546 480 1583; x_wconf 91' lang='grc' dir='ltr'>σε</span> <span class='ocrx_word' id='word_1_86' title='bbox 495 1526 626 1601; x_wconf 80' lang='grc' dir='ltr'>μνῶνται</span> <span class='ocrx_word' id='word_1_87' title='bbox 643 1519 783 1597; x_wconf 83' lang='grc' dir='ltr'>ἀριστῆες</span> <span class='ocrx_word' id='word_1_88' title='bbox 800 1520 874 1580; x_wconf 83' lang='grc' dir='ltr'>κατδ</span> <span class='ocrx_word' id='word_1_89' title='bbox 891 1521 985 1595; x_wconf 85' lang='grc' dir='ltr'>δῆμον</span> 
     </span>
     <span class='ocr_line' id='line_1_13' title="bbox 299 1618 1243 1706; baseline -0.012 -15"><span class='ocrx_word' id='word_1_90' title='bbox 299 1628 419 1690; x_wconf 88' lang='grc' dir='ltr'>πάντων</span> <span class='ocrx_word' id='word_1_91' title='bbox 435 1624 586 1697; x_wconf 86' lang='grc' dir='ltr'>Φαιήκων,</span> <span class='ocrx_word' id='word_1_92' title='bbox 603 1622 650 1684; x_wconf 86' lang='grc' dir='ltr'>ὅθι</span> <span class='ocrx_word' id='word_1_93' title='bbox 666 1645 712 1683; x_wconf 92' lang='grc' dir='ltr'>τοι</span> <span class='ocrx_word' id='word_1_94' title='bbox 728 1620 816 1702; x_wconf 90' lang='grc' dir='ltr'>γένος</span> <span class='ocrx_word' id='word_1_95' title='bbox 832 1622 898 1684; x_wconf 81' lang='grc' dir='ltr'>ἐστὶ</span> <span class='ocrx_word' id='word_1_96' title='bbox 915 1618 963 1683; x_wconf 78' lang='grc' dir='ltr'>καὶ</span> <span class='ocrx_word' id='word_1_97' title='bbox 979 1621 1062 1706; x_wconf 79' lang='grc' dir='ltr'>αὐτῇ.</span> <span class='ocrx_word' id='word_1_98' title='bbox 1212 1647 1243 1695; x_wconf 80' lang='lat'>35</span> 
     </span>
     <span class='ocr_line' id='line_1_14' title="bbox 300 1725 1029 1811; baseline -0.01 -18"><span class='ocrx_word' id='word_1_99' title='bbox 300 1730 370 1794; x_wconf 80' lang='grc' dir='ltr'>ἀλλ’</span> <span class='ocrx_word' id='word_1_100' title='bbox 386 1728 432 1811; x_wconf 83' lang='grc' dir='ltr'>ἄγ’</span> <span class='ocrx_word' id='word_1_101' title='bbox 449 1727 612 1804; x_wconf 78' lang='grc' dir='ltr'>ἐπότρυνον</span> <span class='ocrx_word' id='word_1_102' title='bbox 627 1726 740 1806; x_wconf 88' lang='grc' dir='ltr'>πατέρα</span> <span class='ocrx_word' id='word_1_103' title='bbox 757 1725 865 1788; x_wconf 90' lang='grc' dir='ltr'>κλυτάν</span> <span class='ocrx_word' id='word_1_104' title='bbox 880 1725 955 1802; x_wconf 85' lang='grc' dir='ltr'>ἠῶθι</span> <span class='ocrx_word' id='word_1_105' title='bbox 971 1725 1029 1805; x_wconf 87' lang='grc' dir='ltr'>πρὸ</span> 
     </span>
     <span class='ocr_line' id='line_1_15' title="bbox 299 1828 1046 1914; baseline -0.005 -18"><span class='ocrx_word' id='word_1_106' title='bbox 299 1834 439 1912; x_wconf 78' lang='grc' dir='ltr'>ἡμιόνους</span> <span class='ocrx_word' id='word_1_107' title='bbox 457 1828 504 1894; x_wconf 88' lang='grc' dir='ltr'>καὶ</span> <span class='ocrx_word' id='word_1_108' title='bbox 523 1828 640 1910; x_wconf 78' lang='grc' dir='ltr'>ἄμαξαν</span> <span class='ocrx_word' id='word_1_109' title='bbox 656 1831 836 1909; x_wconf 80' lang='grc' dir='ltr'>ἐφοπλίσαι,</span> <span class='ocrx_word' id='word_1_110' title='bbox 852 1829 872 1907; x_wconf 85' lang='grc' dir='ltr'>ἥ</span> <span class='ocrx_word' id='word_1_111' title='bbox 887 1856 938 1893; x_wconf 91' lang='grc' dir='ltr'>κεν</span> <span class='ocrx_word' id='word_1_112' title='bbox 953 1828 1046 1914; x_wconf 84' lang='grc' dir='ltr'>ἀγῃσι</span> 
     </span>
     <span class='ocr_line' id='line_1_16' title="bbox 301 1930 1062 2018; baseline -0.009 -17"><span class='ocrx_word' id='word_1_113' title='bbox 301 1937 418 2018; x_wconf 81' lang='grc' dir='ltr'>ζῶστρά</span> <span class='ocrx_word' id='word_1_114' title='bbox 433 1961 465 1998; x_wconf 89' lang='grc' dir='ltr'>τε</span> <span class='ocrx_word' id='word_1_115' title='bbox 481 1935 529 1997; x_wconf 88' lang='grc' dir='ltr'>καὶ</span> <span class='ocrx_word' id='word_1_116' title='bbox 546 1934 679 1998; x_wconf 89' lang='grc' dir='ltr'>πέπλους</span> <span class='ocrx_word' id='word_1_117' title='bbox 696 1931 743 1996; x_wconf 83' lang='grc' dir='ltr'>καὶ</span> <span class='ocrx_word' id='word_1_118' title='bbox 757 1930 852 2014; x_wconf 83' lang='grc' dir='ltr'>ῥήγεα</span> <span class='ocrx_word' id='word_1_119' title='bbox 868 1933 1062 2015; x_wconf 89' lang='grc' dir='ltr'>σιγαλόεντα.</span> 
     </span>
     <span class='ocr_line' id='line_1_17' title="bbox 302 2036 1074 2120; baseline -0.005 -16"><span class='ocrx_word' id='word_1_120' title='bbox 302 2038 396 2104; x_wconf 75' lang='grc' dir='ltr'>καὶδὲ</span> <span class='ocrx_word' id='word_1_121' title='bbox 413 2041 464 2102; x_wconf 87' lang='grc' dir='ltr'>σοὶ</span> <span class='ocrx_word' id='word_1_122' title='bbox 479 2037 528 2102; x_wconf 85' lang='grc' dir='ltr'>ὧδ’</span> <span class='ocrx_word' id='word_1_123' title='bbox 545 2037 617 2120; x_wconf 82' lang='grc' dir='ltr'>αὐτῇ</span> <span class='ocrx_word' id='word_1_124' title='bbox 635 2036 715 2099; x_wconf 82' lang='grc' dir='ltr'>πολὺ</span> <span class='ocrx_word' id='word_1_125' title='bbox 731 2036 858 2102; x_wconf 87' lang='grc' dir='ltr'>κάλλιον</span> <span class='ocrx_word' id='word_1_126' title='bbox 873 2037 908 2115; x_wconf 77' lang='grc' dir='ltr'>ήέ</span> <span class='ocrx_word' id='word_1_127' title='bbox 927 2040 1074 2101; x_wconf 85' lang='grc' dir='ltr'>πόδεσσιν</span> 
     </span>
     <span class='ocr_line' id='line_1_18' title="bbox 296 2137 1104 2226; baseline -0.004 -18"><span class='ocrx_word' id='word_1_128' title='bbox 296 2147 454 2226; x_wconf 81' lang='grc' dir='ltr'>Ιἔρχεσθαι·</span> <span class='ocrx_word' id='word_1_129' title='bbox 478 2142 597 2204; x_wconf 89' lang='grc' dir='ltr'>πολλὸν</span> <span class='ocrx_word' id='word_1_130' title='bbox 612 2139 668 2221; x_wconf 81' lang='grc' dir='ltr'>γὰρ</span> <span class='ocrx_word' id='word_1_131' title='bbox 685 2142 743 2203; x_wconf 82' lang='grc' dir='ltr'>ἀπὸ</span> <span class='ocrx_word' id='word_1_132' title='bbox 760 2142 871 2205; x_wconf 88' lang='grc' dir='ltr'>πλυνοί</span> <span class='ocrx_word' id='word_1_133' title='bbox 886 2144 947 2205; x_wconf 83' lang='grc' dir='ltr'>εἰσι</span> <span class='ocrx_word' id='word_1_134' title='bbox 962 2137 1104 2218; x_wconf 87' lang='grc' dir='ltr'>πόληος.”</span> 
     </span>
    </p>

    <p class='ocr_par' dir='ltr' id='par_1_4' title="bbox 301 2243 1150 2638">
     <span class='ocr_line' id='line_1_19' title="bbox 343 2243 1137 2325; baseline -0.001 -15"><span class='ocrx_word' id='word_1_135' title='bbox 343 2247 385 2310; x_wconf 86' lang='grc' dir='ltr'>Ἡ</span> <span class='ocrx_word' id='word_1_136' title='bbox 399 2248 454 2325; x_wconf 71' lang='grc' dir='ltr'>μὲν</span> <span class='ocrx_word' id='word_1_137' title='bbox 470 2243 515 2324; x_wconf 85' lang='grc' dir='ltr'>ἀρ’</span> <span class='ocrx_word' id='word_1_138' title='bbox 532 2244 570 2308; x_wconf 86' lang='grc' dir='ltr'>ῶς</span> <span class='ocrx_word' id='word_1_139' title='bbox 586 2244 702 2307; x_wconf 84' lang='grc' dir='ltr'>είποῶσ’</span> <span class='ocrx_word' id='word_1_140' title='bbox 722 2244 823 2323; x_wconf 85' lang='grc' dir='ltr'>ἀπέβη</span> <span class='ocrx_word' id='word_1_141' title='bbox 838 2251 1011 2325; x_wconf 81' lang='grc' dir='ltr'>γλαυκῶπις</span> <span class='ocrx_word' id='word_1_142' title='bbox 1026 2243 1137 2323; x_wconf 84' lang='grc' dir='ltr'>Ἀθήνη</span> 
     </span>
     <span class='ocr_line' id='line_1_20' title="bbox 301 2345 1072 2429; baseline -0.004 -14"><span class='ocrx_word' id='word_1_143' title='bbox 301 2348 501 2429; x_wconf 79' lang='grc' dir='ltr'>Οὔλυμπόνδ’,</span> <span class='ocrx_word' id='word_1_144' title='bbox 517 2349 565 2409; x_wconf 85' lang='grc' dir='ltr'>ὅθι</span> <span class='ocrx_word' id='word_1_145' title='bbox 581 2345 659 2426; x_wconf 80' lang='grc' dir='ltr'>φασὶ</span> <span class='ocrx_word' id='word_1_146' title='bbox 675 2353 754 2411; x_wconf 90' lang='grc' dir='ltr'>θεῶν</span> <span class='ocrx_word' id='word_1_147' title='bbox 770 2348 837 2413; x_wconf 86' lang='grc' dir='ltr'>έδος</span> <span class='ocrx_word' id='word_1_148' title='bbox 853 2349 996 2429; x_wconf 77' lang='grc' dir='ltr'>ἀσφαλὲς</span> <span class='ocrx_word' id='word_1_149' title='bbox 1012 2351 1072 2412; x_wconf 83' lang='grc' dir='ltr'>αἰεὶ</span> 
     </span>
     <span class='ocr_line' id='line_1_21' title="bbox 301 2450 1150 2538; baseline -0.005 -19"><span class='ocrx_word' id='word_1_150' title='bbox 301 2458 434 2537; x_wconf 89' lang='grc' dir='ltr'>ἐμμευαι·</span> <span class='ocrx_word' id='word_1_151' title='bbox 457 2450 517 2514; x_wconf 79' lang='grc' dir='ltr'>οὔτ’</span> <span class='ocrx_word' id='word_1_152' title='bbox 533 2451 669 2528; x_wconf 86' lang='grc' dir='ltr'>ἀνέμοισι</span> <span class='ocrx_word' id='word_1_153' title='bbox 685 2450 862 2515; x_wconf 81' lang='grc' dir='ltr'>τινάσσεται</span> <span class='ocrx_word' id='word_1_154' title='bbox 879 2452 947 2516; x_wconf 79' lang='grc' dir='ltr'>οὔτε</span> <span class='ocrx_word' id='word_1_155' title='bbox 963 2452 1029 2516; x_wconf 87' lang='grc' dir='ltr'>ποτ’</span> <span class='ocrx_word' id='word_1_156' title='bbox 1046 2455 1150 2538; x_wconf 87' lang='grc' dir='ltr'>όμβριρ</span> 
     </span>
     <span class='ocr_line' id='line_1_22' title="bbox 301 2555 1102 2638; baseline -0.005 -15"><span class='ocrx_word' id='word_1_157' title='bbox 301 2560 417 2624; x_wconf 80' lang='grc' dir='ltr'>δεύεται</span> <span class='ocrx_word' id='word_1_158' title='bbox 434 2555 501 2619; x_wconf 81' lang='grc' dir='ltr'>οὔτε</span> <span class='ocrx_word' id='word_1_159' title='bbox 516 2555 593 2637; x_wconf 83' lang='grc' dir='ltr'>χιδν</span> <span class='ocrx_word' id='word_1_160' title='bbox 608 2556 810 2630; x_wconf 88' lang='grc' dir='ltr'>ἐπιπίλναται,</span> <span class='ocrx_word' id='word_1_161' title='bbox 829 2556 913 2619; x_wconf 86' lang='grc' dir='ltr'>ἀλλὰ</span> <span class='ocrx_word' id='word_1_162' title='bbox 927 2556 998 2637; x_wconf 87' lang='grc' dir='ltr'>μόλ’</span> <span class='ocrx_word' id='word_1_163' title='bbox 1016 2561 1102 2638; x_wconf 85' lang='grc' dir='ltr'>αίθρη</span> 
     </span>
    </p>
   </div>
   <div class='ocr_carea' id='block_1_3' title="bbox 302 2657 1150 3051">
    <p class='ocr_par' dir='ltr' id='par_1_5' title="bbox 302 2657 1102 2741">
     <span class='ocr_line' id='line_1_23' title="bbox 302 2657 1102 2741; baseline -0.004 -16"><span class='ocrx_word' id='word_1_164' title='bbox 302 2661 448 2726; x_wconf 88' lang='grc' dir='ltr'>πέπταται</span> <span class='ocrx_word' id='word_1_165' title='bbox 465 2657 625 2739; x_wconf 84' lang='grc' dir='ltr'>ἀνέφελος,</span> <span class='ocrx_word' id='word_1_166' title='bbox 641 2659 733 2738; x_wconf 82' lang='grc' dir='ltr'>λευκὴ</span> <span class='ocrx_word' id='word_1_167' title='bbox 750 2659 775 2722; x_wconf 87' lang='grc' dir='ltr'>δ’</span> <span class='ocrx_word' id='word_1_168' title='bbox 792 2660 984 2741; x_wconf 87' lang='grc' dir='ltr'>ἐπιδέδρομεν</span> <span class='ocrx_word' id='word_1_169' title='bbox 1001 2665 1102 2737; x_wconf 84' lang='grc' dir='ltr'>αἴγλη·</span> 
     </span>
    </p>

    <p class='ocr_par' dir='ltr' id='par_1_6' title="bbox 302 2760 1150 2850">
     <span class='ocr_line' id='line_1_24' title="bbox 302 2760 1150 2850; baseline 0.002 -24"><span class='ocrx_word' id='word_1_170' title='bbox 302 2768 342 2850; x_wconf 80' lang='grc' dir='ltr'>τῷ</span> <span class='ocrx_word' id='word_1_171' title='bbox 354 2766 398 2828; x_wconf 89' lang='grc' dir='ltr'>έυι</span> <span class='ocrx_word' id='word_1_172' title='bbox 414 2763 570 2844; x_wconf 88' lang='grc' dir='ltr'>τέρπονται</span> <span class='ocrx_word' id='word_1_173' title='bbox 586 2761 714 2842; x_wconf 90' lang='grc' dir='ltr'>μάκαρες</span> <span class='ocrx_word' id='word_1_174' title='bbox 731 2760 794 2826; x_wconf 84' lang='grc' dir='ltr'>θεοὶ</span> <span class='ocrx_word' id='word_1_175' title='bbox 809 2762 908 2841; x_wconf 85' lang='grc' dir='ltr'>ἤματα</span> <span class='ocrx_word' id='word_1_176' title='bbox 924 2763 1028 2828; x_wconf 87' lang='grc' dir='ltr'>πάντα</span> <span class='ocrx_word' id='word_1_177' title='bbox 1148 2767 1150 2772; x_wconf 74' lang='grc'><strong>’</strong></span> 
     </span>
    </p>

    <p class='ocr_par' dir='ltr' id='par_1_7' title="bbox 302 2865 1081 3051">
     <span class='ocr_line' id='line_1_25' title="bbox 302 2865 1079 2952; baseline -0.009 -18"><span class='ocrx_word' id='word_1_178' title='bbox 302 2865 363 2934; x_wconf 84' lang='grc' dir='ltr'>ἐνθ’</span> <span class='ocrx_word' id='word_1_179' title='bbox 381 2866 481 2946; x_wconf 83' lang='grc' dir='ltr'>ἀπέβη</span> <span class='ocrx_word' id='word_1_180' title='bbox 498 2872 679 2948; x_wconf 84' lang='grc' dir='ltr'>γλαυκῶπις,</span> <span class='ocrx_word' id='word_1_181' title='bbox 695 2867 762 2930; x_wconf 79' lang='grc' dir='ltr'>ἐπεὶ</span> <span class='ocrx_word' id='word_1_182' title='bbox 781 2868 964 2948; x_wconf 85' lang='grc' dir='ltr'>διεπέφραδε</span> <span class='ocrx_word' id='word_1_183' title='bbox 981 2867 1079 2952; x_wconf 82' lang='grc' dir='ltr'>κούρῃ.</span> 
     </span>
     <span class='ocr_line' id='line_1_26' title="bbox 347 2967 1081 3051; baseline -0.001 -18"><span class='ocrx_word' id='word_1_184' title='bbox 347 2971 458 3034; x_wconf 85' lang='grc' dir='ltr'>Αὐτίκα</span> <span class='ocrx_word' id='word_1_185' title='bbox 473 2967 497 3033; x_wconf 86' lang='grc' dir='ltr'>δ’</span> <span class='ocrx_word' id='word_1_186' title='bbox 512 2967 594 3034; x_wconf 82' lang='grc' dir='ltr'>Ἠὼς</span> <span class='ocrx_word' id='word_1_187' title='bbox 611 2969 704 3046; x_wconf 84' lang='grc' dir='ltr'>ἦλθεν</span> <span class='ocrx_word' id='word_1_188' title='bbox 719 2967 866 3051; x_wconf 81' lang='grc' dir='ltr'>ἐύθρονος,</span> <span class='ocrx_word' id='word_1_189' title='bbox 883 2971 903 3049; x_wconf 84' lang='grc' dir='ltr'>ἥ</span> <span class='ocrx_word' id='word_1_190' title='bbox 917 2997 968 3051; x_wconf 92' lang='grc' dir='ltr'>μιν</span> <span class='ocrx_word' id='word_1_191' title='bbox 986 2970 1081 3050; x_wconf 81' lang='grc' dir='ltr'>ἔγειρε</span> 
     </span>
    </p>
   </div>
   <div class='ocr_carea' id='block_1_4' title="bbox 302 3071 1149 3777">
    <p class='ocr_par' dir='ltr' id='par_1_8' title="bbox 302 3071 1149 3364">
     <span class='ocr_line' id='line_1_27' title="bbox 302 3071 1149 3155; baseline -0.001 -18"><span class='ocrx_word' id='word_1_192' title='bbox 302 3073 481 3138; x_wconf 87' lang='grc' dir='ltr'>Ναυσικάαν</span> <span class='ocrx_word' id='word_1_193' title='bbox 497 3073 657 3137; x_wconf 80' lang='grc' dir='ltr'>εὕπεπλαν·</span> <span class='ocrx_word' id='word_1_194' title='bbox 680 3071 763 3155; x_wconf 88' lang='grc' dir='ltr'>άφαρ</span> <span class='ocrx_word' id='word_1_195' title='bbox 779 3074 803 3137; x_wconf 89' lang='grc' dir='ltr'>δ’</span> <span class='ocrx_word' id='word_1_196' title='bbox 821 3071 1007 3154; x_wconf 87' lang='grc' dir='ltr'>ἀπεθαύμασ’</span> <span class='ocrx_word' id='word_1_197' title='bbox 1024 3074 1149 3153; x_wconf 91' lang='grc' dir='ltr'>όυειρον,</span> 
     </span>
     <span class='ocr_line' id='line_1_28' title="bbox 302 3174 1066 3259; baseline -0.005 -18"><span class='ocrx_word' id='word_1_198' title='bbox 302 3183 345 3258; x_wconf 85' lang='grc' dir='ltr'>βῆ</span> <span class='ocrx_word' id='word_1_199' title='bbox 362 3175 387 3241; x_wconf 89' lang='grc' dir='ltr'>δ’</span> <span class='ocrx_word' id='word_1_200' title='bbox 402 3177 502 3255; x_wconf 81' lang='grc' dir='ltr'>ἴμεναι</span> <span class='ocrx_word' id='word_1_201' title='bbox 517 3179 566 3239; x_wconf 80' lang='grc' dir='ltr'>διὰ</span> <span class='ocrx_word' id='word_1_202' title='bbox 581 3174 702 3257; x_wconf 79' lang='grc' dir='ltr'>δώμαθ’,</span> <span class='ocrx_word' id='word_1_203' title='bbox 719 3175 756 3240; x_wconf 81' lang='grc' dir='ltr'>ἵν’</span> <span class='ocrx_word' id='word_1_204' title='bbox 773 3178 924 3259; x_wconf 88' lang='grc' dir='ltr'>ἀγγείλειε</span> <span class='ocrx_word' id='word_1_205' title='bbox 939 3180 1066 3251; x_wconf 86' lang='grc' dir='ltr'>τοκεῦσι,</span> 
     </span>
     <span class='ocr_line' id='line_1_29' title="bbox 303 3279 1112 3364; baseline -0.001 -18"><span class='ocrx_word' id='word_1_206' title='bbox 303 3283 392 3363; x_wconf 87' lang='grc' dir='ltr'>πατρὶ</span> <span class='ocrx_word' id='word_1_207' title='bbox 408 3283 490 3364; x_wconf 86' lang='grc' dir='ltr'>φίλιρ</span> <span class='ocrx_word' id='word_1_208' title='bbox 508 3283 555 3344; x_wconf 88' lang='grc' dir='ltr'>καὶ</span> <span class='ocrx_word' id='word_1_209' title='bbox 570 3283 665 3363; x_wconf 87' lang='grc' dir='ltr'>μητρί·</span> <span class='ocrx_word' id='word_1_210' title='bbox 690 3280 839 3363; x_wconf 86' lang='grc' dir='ltr'>κιχήσατο</span> <span class='ocrx_word' id='word_1_211' title='bbox 855 3279 880 3345; x_wconf 83' lang='grc' dir='ltr'>δ’</span> <span class='ocrx_word' id='word_1_212' title='bbox 896 3281 981 3343; x_wconf 83' lang='grc' dir='ltr'>ἔνδον</span> <span class='ocrx_word' id='word_1_213' title='bbox 997 3281 1112 3346; x_wconf 80' lang='grc' dir='ltr'>ἐόντας·</span> 
     </span>
    </p>

    <p class='ocr_par' dir='ltr' id='par_1_9' title="bbox 302 3383 1131 3676">
     <span class='ocr_line' id='line_1_30' title="bbox 302 3383 1131 3470; baseline -0.001 -22"><span class='ocrx_word' id='word_1_214' title='bbox 302 3387 320 3463; x_wconf 85' lang='grc' dir='ltr'>ἡ</span> <span class='ocrx_word' id='word_1_215' title='bbox 336 3388 391 3462; x_wconf 82' lang='grc' dir='ltr'>μὲν</span> <span class='ocrx_word' id='word_1_216' title='bbox 408 3385 454 3448; x_wconf 82' lang='grc' dir='ltr'>ἐπ’</span> <span class='ocrx_word' id='word_1_217' title='bbox 470 3384 585 3470; x_wconf 78' lang='grc' dir='ltr'>ἐσχάρη</span> <span class='ocrx_word' id='word_1_218' title='bbox 601 3384 677 3462; x_wconf 79' lang='grc' dir='ltr'>ἧστο</span> <span class='ocrx_word' id='word_1_219' title='bbox 693 3383 750 3446; x_wconf 83' lang='grc' dir='ltr'>σὺν</span> <span class='ocrx_word' id='word_1_220' title='bbox 765 3385 968 3464; x_wconf 87' lang='grc' dir='ltr'>ἀμφιπόλοισι</span> <span class='ocrx_word' id='word_1_221' title='bbox 984 3383 1131 3464; x_wconf 85' lang='grc' dir='ltr'>γυναιξίν,</span> 
     </span>
     <span class='ocr_line' id='line_1_31' title="bbox 303 3486 1071 3571; baseline 0.001 -20"><span class='ocrx_word' id='word_1_222' title='bbox 303 3488 440 3567; x_wconf 85' lang='grc' dir='ltr'>ἠλάκατα</span> <span class='ocrx_word' id='word_1_223' title='bbox 456 3486 619 3569; x_wconf 86' lang='grc' dir='ltr'>στρωφῶσ’</span> <span class='ocrx_word' id='word_1_224' title='bbox 634 3487 838 3567; x_wconf 80' lang='grc' dir='ltr'>ἁλιπόρφυρα·</span> <span class='ocrx_word' id='word_1_225' title='bbox 861 3488 902 3571; x_wconf 70' lang='grc' dir='ltr'>τῷ</span> <span class='ocrx_word' id='word_1_226' title='bbox 917 3489 949 3550; x_wconf 70' lang='grc' dir='ltr'>δὲ</span> <span class='ocrx_word' id='word_1_227' title='bbox 966 3488 1071 3567; x_wconf 81' lang='grc' dir='ltr'>θύραζε</span> 
     </span>
     <span class='ocr_line' id='line_1_32' title="bbox 303 3590 1041 3676; baseline 0.003 -22"><span class='ocrx_word' id='word_1_228' title='bbox 303 3590 454 3676; x_wconf 81' lang='grc' dir='ltr'>ἐρχομένῳ</span> <span class='ocrx_word' id='word_1_229' title='bbox 471 3591 628 3672; x_wconf 83' lang='grc' dir='ltr'>ξύμβλητο</span> <span class='ocrx_word' id='word_1_230' title='bbox 643 3592 718 3663; x_wconf 85' lang='grc' dir='ltr'>μετά</span> <span class='ocrx_word' id='word_1_231' title='bbox 736 3591 871 3656; x_wconf 85' lang='grc' dir='ltr'>κλειτοὺς</span> <span class='ocrx_word' id='word_1_232' title='bbox 886 3593 1041 3670; x_wconf 84' lang='grc' dir='ltr'>βασιλῆας</span> 
     </span>
    </p>

    <p class='ocr_par' dir='ltr' id='par_1_10' title="bbox 304 3691 1010 3777">
     <span class='ocr_line' id='line_1_33' title="bbox 304 3691 1010 3777; baseline 0.001 -17"><span class='ocrx_word' id='word_1_233' title='bbox 304 3699 335 3763; x_wconf 91' lang='grc' dir='ltr'>ἐς</span> <span class='ocrx_word' id='word_1_234' title='bbox 350 3695 478 3777; x_wconf 85' lang='grc' dir='ltr'>βουλήν,</span> <span class='ocrx_word' id='word_1_235' title='bbox 493 3698 551 3758; x_wconf 70' lang='grc' dir='ltr'>ίνοΙ</span> <span class='ocrx_word' id='word_1_236' title='bbox 557 3717 608 3773; x_wconf 90' lang='grc' dir='ltr'>μιν</span> <span class='ocrx_word' id='word_1_237' title='bbox 624 3691 734 3757; x_wconf 87' lang='grc' dir='ltr'>κάλεον</span> <span class='ocrx_word' id='word_1_238' title='bbox 749 3695 877 3772; x_wconf 88' lang='grc' dir='ltr'>Φαίηκες</span> <span class='ocrx_word' id='word_1_239' title='bbox 893 3695 1010 3777; x_wconf 84' lang='grc' dir='ltr'>ἀγαυοί.</span> 
     </span>
    </p>
   </div>
   <div class='ocr_carea' id='block_1_5' title="bbox 0 0 1453 4234">
    <p class='ocr_par' dir='ltr' id='par_1_11' title="bbox 0 0 1453 4234">
     <span class='ocr_line' id='line_1_34' title="bbox 0 0 1453 4234; baseline 0 0"><span class='ocrx_word' id='word_1_240' title='bbox 0 0 1453 4234; x_wconf 95' lang='lat' dir='ltr'> </span> 
     </span>
    </p>
   </div>
  </div>
 </body>
</html>
