2848 4296
243 371 307 448 406
558 384 608 432 20.
632 368 802 428 ιλιΑλοΣ
824 368 860 426 κ.

242 533 262 614 ἦ
277 538 313 600 νύ
326 537 357 598 τί
369 561 416 598 τοι
431 541 533 618 Τρῶες
548 536 671 617 τέμενος
689 535 783 616 τάμον
799 534 910 618 ἔξοχον
924 534 1039 605 ἀλλων,

243 637 336 701 καλὸν
352 643 502 719 φυταλιῆς
519 642 567 704 καὶ
584 640 717 722 ἀρούρης,
733 642 814 721 ὄφρα
829 638 944 718 νέμηαι,
1140 649 1185 710 185

242 743 275 804 αἵ
290 767 340 805 κεν
356 744 409 821 ἐμὲ
425 745 562 829 κτείνῃς,·
585 749 728 825 χαλεπῶς
743 743 776 806 δέ
793 742 820 803 α’
839 742 936 806 ἔολπα
951 747 985 803 τὸ
999 739 1106 823 ῥέξειν.

241 843 296 924 ἥδη
312 847 368 925 μὲν
384 845 472 928 σέγέ
488 854 566 928 φημι
581 849 630 910 καὶ
648 846 761 909 άλλοτε
776 843 857 926 δουρὶ
874 849 1025 926 φοβῆσαι.

241 946 260 1026 ἦ
276 948 310 1011 οὗ
325 950 421 1036 μέμνῃ
438 951 488 1014 ὅτε
503 950 559 1032 πέρ
575 977 613 1014 σε
628 956 712 1025 βοῶν
727 951 787 1014 ἀπο
802 955 913 1030 μοῦνον
928 951 1016 1013 ἐόντα

243 1057 318 1114 σεῦα
334 1054 395 1116 κατ’
411 1055 530 1117 Ἰδαίων
546 1054 639 1135 ἀρέων
654 1052 802 1136 ταχέεσσι
819 1054 949 1117 πόδεσσι

243 1158 459 1236 καρπαλίμως,·
483 1158 550 1222 τότε
566 1158 590 1220 δ’
608 1158 643 1221 ού
659 1183 688 1220 τι
702 1157 959 1238 μετατροπαλίζεο
976 1155 1106 1238 φεύγων.
1140 1181 1188 1231 190

243 1258 329 1323 ἔνθεν
344 1259 369 1323 δ’
387 1262 418 1326 ἔς
433 1265 614 1342 Λυρνησσὸν
629 1260 810 1343 ὑπέκφυγες·
836 1259 928 1341 αάτάρ
943 1260 1002 1342 ἐγὼ
1021 1260 1076 1338 τὴν

243 1361 342 1443 πέρσα
357 1366 554 1445 μεθορμηθεὶς
571 1364 628 1430 σὺν
642 1363 757 1450 Ἀθήνῃ
774 1361 822 1427 καὶ
835 1364 887 1427 Διὶ
904 1364 1002 1444 πατρί,

243 1466 370 1544 ληϊάδας
386 1470 418 1530 δὲ
433 1473 577 1550 γυναῖκας
594 1468 753 1549 ἐλεύθερον
768 1467 846 1548 ἦμαρ
863 1466 995 1548 ἀπούρας

243 1568 326 1651 ἦγον·
352 1571 426 1652 ἀτάρ
442 1573 479 1634 σέ
495 1571 570 1638 Ζεὺς
587 1572 733 1653 ἐρρύσατο
749 1572 798 1634 καὶ
814 1571 878 1635 θεοὶ
894 1570 995 1634 ἄλλοι.

244 1672 314 1734 ἀλλ’
330 1673 364 1736 οὐ
380 1679 432 1740 νῦν
447 1701 485 1738 σε
498 1676 623 1757 ῥύεσθαι
638 1672 749 1754 ὀίομαι,
766 1674 805 1740 ὧς
820 1675 865 1740 ἐνὶ
882 1674 963 1757 θυμῷ

242 1773 387 1854 βάλλεαι·
411 1776 492 1838 ἀλλά
508 1777 535 1840 σ’
549 1775 608 1856 ἐγύ
619 1775 648 1858 γ’
660 1775 899 1860 ἀναχωρήσαντα
914 1777 1026 1843 κελεύω

244 1881 275 1944 ἐς
291 1879 409 1958 πληθὺν
426 1879 511 1957 ίέναι,
528 1880 594 1960 μηδ’
612 1881 713 1947 ἀντίος
728 1879 829 1944 ίστασ’
848 1881 940 1960 ἐμεῖο,

244 1983 313 2063 πρίν
331 2008 360 2047 τι
376 1982 467 2047 κακὸν
482 1986 614 2048 παθέειν·
636 1984 745 2066 ῥεχθὲν
760 1983 794 2047 δέ
809 2008 841 2048 τε
857 1981 963 2063 νήπιος
979 1980 1087 2066 ἔγνω.”

286 2091 349 2150 Τὸν
364 2084 390 2150 δ’
406 2086 468 2149 αὖτ’
486 2087 607 2152 Αἰνείας
623 2087 810 2167 ἀπαμείβετο
827 2086 970 2168 φώνησέν
984 2109 1026 2152 τε·

245 2195 263 2222 “
274 2188 420 2269 Πηλεΐδη,
437 2192 477 2270 μὴ
494 2191 530 2269 δή
547 2189 578 2271 μ’
595 2188 723 2254 ἐπέεσσί
737 2217 774 2273 γε
789 2189 931 2268 νηπύτιον
947 2191 986 2256 ὣς

246 2293 338 2357 ἔλπεο
354 2292 546 2373 δειδίξεσθαι,
564 2295 630 2358 ἐπεὶ
646 2293 733 2373 σάφα
749 2293 815 2356 οἶδα
831 2292 880 2357 καὶ
896 2293 983 2361 αὐτὸς

244 2397 318 2475 ἠμὲν
334 2397 489 2477 κερτομίας
505 2397 548 2476 ἠδ’
566 2400 679 2461 αἴσυλα
693 2395 896 2476 μυθήσασθαι.

245 2501 329 2578 ἴδμεν
344 2496 371 2561 δ’
388 2498 533 2578 ἀλλήλων
548 2499 666 2582 γενεήν,
681 2503 768 2579 ίδμεν
782 2502 814 2563 δὲ
829 2500 945 2574 τοκῆας,

245 2601 387 2682 πρόκλυτ’
404 2603 563 2668 ἀκούοντες
580 2603 654 2667 ἔπεα
670 2606 785 2682 θνητῶν
800 2602 972 2682 ἀνθρώπων·
1061 2623 1064 2630 “

245 2708 318 2787 ὄφει
333 2704 357 2769 δ’
375 2703 436 2770 οὔτ’
453 2706 489 2788 ἀρ
506 2732 552 2770 πω
569 2704 607 2768 σὺ
623 2705 710 2785 ἐμοὺς
724 2707 786 2770 ἴδες
802 2702 863 2767 οὔτ’
880 2704 924 2786 ἀρ’
942 2705 1001 2785 ἐγὼ
1018 2703 1098 2770 σούς.

245 2807 324 2889 φασὶ
339 2812 376 2872 σὲ
390 2812 445 2890 μὲν
461 2811 585 2888 Πηλῆος
601 2808 749 2889 ἀμύμονος
766 2807 892 2890 ἔκγονον
907 2807 992 2884 εἶναι,

244 2913 354 2994 μητρὸς
369 2911 396 2975 δ’
413 2916 445 2976 ἐκ
462 2913 590 2978 Θέτιδος
606 2910 855 2992 καλλιπλοκάμου
871 2911 1049 2990 ἁλοσύδνης·

245 3016 338 3098 αὐτὰρ
353 3017 431 3099 ἐγὼν
445 3017 508 3083 υἱδς
523 3015 729 3100 μεγαλήτορος
743 3015 896 3100 Ἀγχίσαο

245 3121 371 3204 εὔχομαι
386 3121 560 3204 ἐκγεγάμεν,
574 3119 670 3202 μήτηρ
686 3119 719 3183 δέ
733 3120 787 3200 μοί
805 3119 868 3182 ἐστ’
883 3119 1059 3201 Ἀφροδίτη·

245 3230 305 3287 τῶν
319 3224 355 3303 δὴ
372 3229 424 3289 νῦν
440 3225 537 3306 έτεροί
552 3251 588 3308 γε
603 3225 697 3305 φίλον
716 3228 809 3288 παῖδα
827 3223 1010 3296 κλαύσονται

247 3325 387 3407 σήμερον·
410 3328 444 3391 οά
458 3327 516 3412 γάρ
531 3327 605 3410 φημ’
623 3327 751 3392 ἐπέεσσί
765 3353 801 3410 γε
817 3326 1007 3406 νηπυτίοισιν

247 3433 304 3494 ὧδε
318 3430 520 3512 διακρινθέντε
534 3430 634 3514 μάχης
650 3430 686 3510 ἔξ
700 3430 892 3495 ἀπονέεσθαι.

248 3537 273 3598 εἰ
289 3533 313 3598 δ’
331 3532 446 3600 ἐθέλεις
462 3536 510 3599 καὶ
526 3539 618 3598 ταῦτα
633 3533 787 3615 δαήμεναι,
804 3532 873 3615 ὄφρ’
889 3533 921 3598 εὖ
937 3535 1017 3622 εἰδῇς

247 3638 392 3718 ἡμετέρην
406 3637 523 3720 γενεήν,
539 3640 651 3703 πολλοὶ
667 3637 700 3702 δέ
714 3664 766 3720 μιν
782 3638 886 3719 ἀνδρες
902 3640 1000 3701 ἴσασι·

248 3741 405 3824 Δάρδανον
419 3742 456 3804 αά
471 3748 589 3823 πρῶτον
604 3741 706 3808 τέκετο
721 3740 946 3825 νεφεληγερέτα
962 3741 1045 3818 Ζεύς,
