2834 4234
500 354 551 402 11.
574 340 810 402 οΔυνΣοιλυ
827 341 875 408 λ.
1090 336 1156 421 ουρ

207 504 298 586 αι’ντάρ
317 507 395 589 έγδν
409 506 499 572 αὐτοῦ
513 507 602 587 μένον
618 508 756 588 ἔμπεδον,
771 507 840 589 ὄφρ’
853 509 903 573 έπὶ
917 507 1013 590 μήτηρ

203 608 300 688 ήλυθε
315 607 364 674 καὶ
379 612 449 675 πίεν
463 612 536 691 αίμο
552 610 738 694 κελαινεφές·
761 611 865 676 αὐτίκα
881 610 906 676 δ’
924 611 1012 691 έγνω,

207 713 258 777 καί
269 713 299 795 μ’
316 715 525 797 ὀλοφυρομένη
543 715 618 792 έπεοΙ
633 716 798 797 πτερόεντα
813 717 979 798 προσηύδα·

252 823 273 854 “
284 817 399 884 Τέκνον
414 820 496 898 έμόν,
512 825 576 886 πῶς
590 820 682 898 ἦλθες
697 819 756 884 ύπδ
771 821 868 902 ζόφον
881 819 1024 902 ἠερόεντα
1107 846 1153 896 155

209 922 282 999 ζωὸς
296 923 377 996 έιόν,·
400 928 539 1005 χαλεπὸν
552 927 586 988 δὲ
602 922 674 988 τάδε
689 924 812 1001 ζωοῖσιν
827 925 966 1006 ὁρᾶσθαι.

207 1025 311 1110 μέσσῳ
326 1029 384 1108 γὰρ
402 1025 530 1106 μεγάλοι
546 1026 674 1108 ποταμοὶ
692 1029 741 1092 καὶ
757 1027 842 1093 δεινά
854 1025 973 1110 ῥέεθρα,

206 1127 353 1195 Ὠκεανὸς
367 1131 423 1208 μὲν
441 1136 551 1211 πρῶτα,
567 1136 621 1194 τὸν
635 1130 672 1194 ού
687 1156 751 1198 πως
768 1131 835 1194 ἔστι
850 1135 981 1213 περῆσαι

208 1233 300 1310 πεζὸν
315 1231 403 1310 ἐόντ’,
417 1229 455 1312 ἢν
466 1233 513 1314 Ιμή
529 1259 575 1300 τις
591 1233 648 1320 έχῃ
665 1233 786 1317 εὐεργέα
802 1237 869 1312 νῆα.

208 1336 227 1414 ἦ
243 1342 294 1400 νῦν
313 1336 348 1416 δὴ
364 1338 511 1418 Τροίηθεν
527 1338 682 1418 άλύμενος
698 1337 796 1402 ἐνθάδ’
814 1338 925 1406 ἱκάνεις
1108 1350 1156 1400 160

208 1439 257 1518 νηί
271 1466 304 1504 τε
320 1438 369 1504 καὶ
384 1439 517 1520 ἑτάροισι
532 1440 629 1504 πολὺν
644 1443 777 1524 χρόνους
801 1441 869 1506 οὐδέ
884 1467 930 1505 πω
949 1441 1040 1521 ἦλθες

209 1545 252 1610 είς
269 1541 398 1620 Ἰθάκην,
414 1542 474 1607 οὐδ’
492 1544 570 1610 εἶδες
585 1545 630 1610 ένὶ
647 1543 808 1626 μεγάροισι
819 1549 947 1628 γυναῖκα
958 1542 994 1619 ,·”

245 1646 308 1713 Ὣς
324 1645 421 1727 ἔφατ’,
436 1646 528 1725 αὐτὰρ
543 1648 601 1731 έγιί
619 1673 672 1729 μιν
687 1648 888 1729 ἀμειβόμενος
904 1646 1096 1731 προσέειπον·

210 1759 227 1788 “
235 1753 326 1831 μῆτερ
342 1750 405 1830 έμή,
421 1751 513 1834 χρειιό
528 1777 566 1831 με
582 1749 752 1835 κατήγαγεν
768 1755 811 1819 εἰς
826 1751 932 1817 Ἀίδαο

208 1857 295 1941 ψυχῇ
310 1855 501 1937 χρησόμενον
516 1854 658 1934 Θηβαίου
674 1857 844 1937 Τειρεσίαο·
1110 1867 1156 1930 1⁶5

209 1959 243 2021 οὐ
257 1957 314 2041 γάρ
330 1984 377 2022 πω
393 1959 506 2040 σχεδὸν
521 1957 617 2037 ήλθου
630 1957 794 2042 Ἀχαιίδος,
810 1959 940 2025 οὐδέπω
960 1960 1037 2038 άμῆς

208 2064 264 2144 γῆς
281 2060 406 2141 ἐπέβην,
422 2062 491 2124 ἀλλ’
508 2063 574 2126 αίὲυ
588 2061 668 2145 ἔχων
684 2060 839 2142 ἀλάλημαι
854 2062 946 2140 ὀϊζύν,

210 2164 247 2245 ἐξ
259 2165 294 2228 οὗ
309 2167 346 2228 τά
360 2162 506 2247 πρώτισθ’
522 2166 636 2244 ἑπόμην
651 2162 848 2247 Ἀγαμέμνονι
863 2165 917 2250 δίῳ

206 2268 303 2332 Ἴλιον
319 2270 362 2334 είς
377 2268 524 2346 εὔπωλον,
542 2270 592 2333 ίνο
606 2270 749 2351 Τρύεσσι
763 2270 923 2350 μαχοίμην.

212 2371 281 2436 ἀλλ’
298 2373 354 2455 άγε
368 2397 420 2451 μοι
434 2373 503 2436 τόδε
519 2374 585 2436 είπὲ
600 2381 649 2436 καὶ
664 2371 810 2454 ἀτρεκέως
827 2370 1001 2450 κατάλεξον·
1108 2394 1156 2447 ¹70

210 2478 254 2542 τίς
269 2476 305 2541 νύ
320 2500 358 2539 σε
374 2476 428 2557 κὴρ
444 2475 599 2556 ἐδάμασσε
613 2474 796 2559 τανηλεγέος
811 2475 974 2550 θανάτοισι

209 2577 228 2657 ἢ
244 2580 354 2662 δολιχὴ
371 2584 489 2666 νοῦσος,
506 2577 679 2660 ήἊρτεμις
692 2578 830 2664 ἰοχέαιρα

210 2685 257 2750 οἷς
271 2685 394 2766 ἀγανοῖς
409 2684 577 2768 βελέεσσιν
594 2682 777 2767 ἐποιχομένη
793 2682 1003 2764 κατέπεφνεν,·

211 2789 277 2851 εἰπὲ
291 2785 324 2851 δέ
337 2813 387 2868 μοι
402 2788 515 2868 πατρός
530 2813 563 2852 τε
578 2783 627 2852 καὶ
642 2787 730 2866 υἱέος,
746 2785 984 2875 δνκοτέλειπον,

210 2889 229 2970 ἢ
245 2894 289 2955 ἔτι
305 2890 365 2972 πὰρ
382 2892 527 2956 κείνοισιν
543 2891 615 2972 έμὸν
627 2891 728 2974 γέρας,
743 2889 779 2970 ήέ
794 2916 839 2957 τις
853 2889 910 2970 ἤδη
1108 2915 1156 2968 175

212 2997 326 3077 ἀνδρῶν
340 2995 437 3063 ἀλλος
454 2997 527 3078 ἔχει,
545 2997 597 3076 ἐμὲ
612 2994 638 3060 δ’
653 2994 755 3060 ὀύκέτι
770 2996 850 3076 φασὶ
865 2993 996 3060 νέεσθαι.

117 3150 120 3154 -
211 3102 277 3164 εἰπὲ
292 3099 326 3164 δέ
339 3125 390 3182 μοι
405 3101 540 3180 μνηστῆς
555 3099 672 3184 ἀλόχου
686 3097 806 3178 βουλήν
816 3123 849 3162 τε
864 3098 935 3162 νόον
948 3123 990 3174 τε,

211 3203 245 3280 ἠὲ
263 3203 346 3284 μένει
361 3206 442 3284 παρὰ
459 3200 544 3268 παιδὶ
560 3204 609 3266 καὶ
625 3203 745 3282 έμπεδα,
755 3201 854 3268 πάντα
871 3203 1027 3292 φυλάσσει

212 3305 300 3385 ήήδη
314 3333 366 3386 μιν
381 3308 493 3390 έγημευ
507 3305 641 3389 Ἀχαιῶν
656 3307 690 3372 ός
706 3332 751 3374 τις
767 3303 919 3387 ἀριστος.”

248 3409 312 3474 Ὣς
328 3407 455 3489 ἐφάμην,
471 3407 489 3488 ἡ
506 3407 531 3473 δ’
548 3406 642 3471 αὐτίκ’
658 3409 801 3488 ἀμείβετο
816 3408 923 3474 πότνια
937 3405 1041 3490 μήτηρ·
1109 3424 1157 3474 180

211 3517 230 3546 “
243 3509 291 3575 καὶ
306 3512 378 3591 λίην
394 3513 476 3591 κείνη
492 3539 529 3596 γε
542 3511 628 3591 μένει
642 3512 781 3590 τετληότι
797 3511 878 3596 θυμηῖ

213 3622 316 3681 σοῖσιν
332 3617 378 3680 ένὶ
392 3615 579 3697 μεγάροισιν·
601 3616 716 3698 ὀϊζυραὶ
731 3616 765 3681 δέ
780 3617 808 3679 οἱ
824 3613 884 3681 αίεὶ

213 3722 376 3800 φθίνουσιν
391 3719 493 3786 νύκτες
507 3745 541 3787 τε
557 3717 605 3784 καὶ
621 3718 718 3800 ἤματα
734 3718 825 3802 δάκρυ
840 3720 962 3809 χεούσῃ.

656 3839 712 3908 Ζ5
