2728 4230
267 358 326 404 τοο
590 352 621 421 5.
646 340 815 402 ΙΛΙΑΔΟΣ
838 341 874 402 Ε.

263 512 363 575 ἀντίαν
378 506 521 588 ἀλλήλων
537 507 645 592 έχέτην
659 512 797 588 μεμαῶτε
810 504 972 589 μάχεσθαι·

262 613 439 695 Ἀντίλοχος
453 613 486 676 δὲ
499 610 570 691 μάλ’
585 611 658 694 άγχι
674 611 841 692 παρίστατο
858 607 979 689 ποιμένι
993 615 1087 674 λαῶν.
1155 629 1203 683 570

263 718 382 782 Αἰνείας
397 713 424 780 δ’
438 714 473 778 ού
485 719 579 794 μεῖνε,
595 714 666 780 θοός
681 739 738 795 περ
753 713 811 777 έδν
826 710 1021 793 πολεμιστής,

263 820 300 885 ῶς
316 818 394 883 εἶδεν
408 817 459 881 δύο
475 822 558 898 φῶτε
572 813 641 898 παρ’
657 813 824 894 ἀλλήλοισι
838 814 973 895 μένοντε.

262 923 291 983 οἱ
306 918 333 984 δ’
349 922 415 985 ἐπεὶ
430 921 482 984 ούν
497 918 618 1002 νεκροὺς
633 920 744 1000 έρνσαν
760 920 835 998 μετδ
850 917 928 982 λαὸν
944 916 1086 1000 Ἀχαιῶν,

262 1024 301 1085 τῶ
315 1024 371 1102 μὲν
387 1023 444 1107 ἀρα
458 1023 548 1088 δειλὼ
563 1021 701 1103 βαλέτην
716 1023 750 1084 ἐν
763 1021 872 1104 χερσὶν
887 1021 1020 1102 ἑταίρων,

262 1127 338 1189 αὐτῶ
354 1128 387 1191 δὲ
401 1125 585 1209 στρεφθέντε
599 1129 674 1207 μετδ
689 1126 836 1208 πρύταισι
850 1122 1018 1207 μαχέσθην.
1155 1144 1203 1199 575

302 1229 397 1294 Ἔνθα
411 1228 605 1310 Πυλαιμένεα
620 1227 727 1308 ἑλέτην
741 1227 910 1292 ἀτάλαντον
921 1226 1020 1308 Ἀρηϊ,

262 1333 355 1416 ἀρχὸν
369 1335 586 1416 Παφλαγόνων
598 1332 778 1416 μεγαθύμων
794 1329 982 1395 ἀσπιστάων.

262 1433 381 1515 τὸνμὲν
396 1436 440 1518 ἀρ’
455 1435 609 1518 Ἀτρείδης
624 1434 826 1518 δουρικλειτὸς
840 1433 1001 1500 Μενέλαος

262 1538 379 1602 ἑσταότ’
396 1538 482 1622 ἔγχεϊ
496 1537 565 1618 νύξε
581 1541 655 1603 κατὰ
670 1532 778 1619 κληῗδα
793 1535 937 1620 τυχήσας·

261 1641 440 1725 Ἀντίλοχος
454 1645 488 1706 δὲ
503 1642 635 1707 Μύδωνα
649 1640 734 1722 βάλ’,
750 1639 876 1722 ἡνίοχον
891 1636 1068 1721 θεράποντα,
1155 1652 1205 1713 580

263 1742 375 1808 ἐσθλὸν
389 1743 653 1826 Ἀτυμνιάδην-ὁ
669 1744 693 1808 δ’
707 1741 880 1823 ὑπέστρεφε
895 1740 1037 1824 μώνυχας
1052 1743 1205 1806 ἵππους-

262 1847 411 1933 χερμαδίῳ
426 1849 546 1931 ἀγκῶνα
560 1849 659 1932 τυχῶν
672 1846 777 1928 μέσον·
801 1849 833 1909 ἐκ
849 1841 875 1908 δ’
891 1844 948 1926 ἀρα
962 1847 1071 1925 χειρῶν

261 1951 330 2028 ήνία
344 1949 425 2015 λεύκ’
441 1951 586 2034 ἐλέφαντι
600 1951 696 2036 χαμαὶ
711 1948 808 2014 πέσον
823 1949 856 2011 έν
872 1947 1020 2033 κονίῃσιν.

261 2053 439 2137 Ἀντίλοχος
454 2053 480 2119 δ’
496 2054 542 2139 ἀρ’
557 2053 682 2133 έπαίξας
698 2050 782 2134 ξίφει
795 2051 895 2133 ήλασε
910 2051 1033 2132 κόρσην·

263 2158 353 2237 αὐτὰρ
368 2158 428 2239 ὅγ’
443 2160 616 2239 ἀσθμαίνων
631 2155 768 2239 εάεργέος
785 2155 895 2220 ἔκπεσε
911 2154 1020 2235 δίφρου
1156 2167 1205 2228 585

263 2261 417 2344 κύμβαχος
432 2264 465 2328 έν
481 2264 616 2349 κονίῃσιν
632 2262 682 2324 ἐπὶ
696 2260 835 2342 βρεχμόν
849 2284 882 2323 τε
898 2259 947 2322 καὶ
963 2258 1069 2335 ὤμους.

262 2366 337 2440 δηθδ
351 2363 423 2443 μάλ’
438 2362 673 2446 ἑστήκει-τύχε
689 2361 747 2446 γάρ
761 2360 793 2444 ῥ’
809 2357 937 2442 ἀμάθοιο
953 2360 1125 2440 βαθείης-

263 2465 330 2547 ὄφρ’
345 2469 427 2532 ἵππω
445 2464 598 2545 πλήξαντε
612 2467 708 2550 χαμαὶ
724 2465 827 2546 βάλον
843 2467 876 2531 έν
892 2465 1020 2551 κονίῃσι·

263 2567 329 2635 τοὺς
344 2568 429 2650 ίμασ’
443 2566 631 2652 Ἀντίλοχος,
647 2571 722 2649 μετὰ
737 2568 770 2632 δὲ
786 2567 916 2650 στρατὸν
930 2566 1023 2647 ήλασ’
1038 2565 1179 2650 Ἀχαιῶν.

303 2671 381 2738 Τοὺς
396 2669 422 2736 δ’
432 2670 551 2753 Ἕκτωρ
565 2673 675 2750 ἐνόησε
689 2674 764 2736 κατὰ
780 2673 895 2755 στίχας,
906 2669 983 2753 ῶρτα
999 2669 1025 2735 δ’
1038 2670 1085 2736 ἐπ’
1098 2670 1205 2736 αὐτοὺς

262 2774 422 2857 κεκληγώς·
445 2773 506 2853 ἅμα
521 2775 554 2838 δὲ
567 2774 679 2856 Τρῶων
694 2776 815 2840 εἵποντο
831 2773 988 2858 φάλαγγες
1155 2801 1202 2851 591

262 2879 407 2960 καρτεραί·
431 2877 506 2962 ήρχε
521 2876 548 2943 δ’
563 2877 620 2961 άρα
636 2885 713 2961 σφιν
725 2877 818 2962 Ἀρης
834 2881 883 2944 καὶ
898 2877 995 2943 πότνι’
1013 2878 1117 2956 Ἐννιύ,

259 2981 278 3060 ή
293 2982 349 3061 μὲν
364 2980 479 3063 ἔχουσα
494 2981 643 3062 Κυδοιμὸν
659 2981 781 3048 ἀναιδέα
795 2986 959 3062 δηϊοτῆτος,

258 3085 350 3164 Ἀρης
365 3083 389 3146 δ’
406 3085 440 3148 ἑν
454 3083 613 3171 παλάμῃσι
628 3086 778 3167 πελόριον
794 3085 884 3169 έγχος
898 3086 1007 3166 ἔνόμα,

261 3188 353 3267 φοίτα
367 3183 393 3250 δ’
409 3187 522 3253 άλλατε
539 3190 595 3268 μὲν
609 3188 717 3271 πρόσθ’
730 3187 883 3269 Ἕκτορος,
900 3187 1007 3252 ἄλλοτ’
1022 3191 1139 3256 ὄπισθε.

303 3287 365 3352 Τὸν
380 3289 413 3353 δὲ
428 3291 499 3354 ίδῶν
512 3292 621 3375 ῥίγησε
634 3291 715 3372 βοήν
730 3292 842 3374 ἀγαθὸς
858 3289 1019 3371 Διομήδης
1155 3306 1205 3370 596.

260 3391 299 3457 ῶς
314 3391 340 3454 δ’
357 3389 401 3454 ὅτ’
417 3393 491 3473 ἀνὴρ
506 3392 692 3476 ἀπάλαμνος,
709 3395 761 3461 lew
776 3394 888 3462 πολέος
903 3397 1028 3474 πεδίοιο,

260 3488 337 3577 στήῃ
353 3487 400 3555 ἐπ’
417 3491 534 3578 ἀκυρόιρ
549 3494 672 3579 ποταμῷ
689 3493 783 3559 ἀλαδε
799 3493 964 3576 προρέοντι,

260 3596 346 3678 ἀφρῷ
361 3595 547 3677 μορμύροντα
562 3597 640 3673 ίδιύν,
657 3595 715 3660 ἀνά
731 3595 756 3660 τ’
773 3597 873 3679 ἔδραμ’
888 3598 1019 3673 ὀπίσσω,

260 3699 299 3764 ῶς
313 3699 382 3763 τότε
395 3698 539 3780 Τυδείδης
554 3698 725 3783 ἀνεχάζετο,
743 3699 809 3765 εἶπέ
824 3726 857 3766 τε
871 3703 947 3788 λαῷ·
1153 3715 1207 3774 600,
