2738 4226
265 325 325 389 192
586 326 635 370 10.
659 311 828 371 ΙΛΙΑΔΟΣ
850 311 886 372 Κ.

263 477 356 552 θῆλυν
370 475 544 557 ὑπόρρηνον
568 477 604 562 τῇ
620 477 675 557 μὲν
690 475 794 558 κτέρας
809 475 895 541 οὐδὲν
911 477 1025 555 ὁμοῖον,

263 578 322 642 αίεὶ
337 578 362 641 δ’
381 580 415 642 ἔν
430 580 549 664 δαίτῃσι
565 581 615 642 καὶ
630 580 805 665 εἰλαπίνῃσι
819 577 995 660 παρέσται.”

298 679 361 747 Ὧς
376 680 475 762 ἔφαθ’,
491 683 519 745 oz
535 680 560 745 δ’
577 682 635 763 ἄρα
649 680 759 748 πάντες
774 681 850 760 θκῆν
863 679 1003 764 ἐγένοντο
1019 681 1129 766 σιωπῇ.

262 787 342 846 τοῖσι
357 784 390 846 δὲ
406 783 454 847 καὶ
468 781 607 862 μετέειπε
620 783 701 862 βοήν
716 783 828 866 ἀγαθὸς
843 780 1006 863 Διομήδης·

263 899 283 924 “
292 886 421 970 Νέστορ,
438 887 482 968 ἔμ’
499 887 614 969 ὀτρύνει
630 889 733 970 κραδίη
749 888 800 950 καὶ
815 886 906 966 θνμδς
921 884 1041 969 ἀγήνωρ
1155 912 1205 948 220

263 993 376 1073 ἀνδρῶν
391 991 561 1072 δυσμενέων
576 996 660 1056 δῦναι
676 989 805 1071 στρατὸν
820 989 909 1073 ἔγγδς
925 990 1045 1066 ἐόντων,

260 1095 380 1175 Τρόων·
404 1093 473 1158 ἀλλ’
490 1096 520 1158 εἴ
531 1094 577 1160 τίς
591 1119 643 1173 μοι
658 1094 733 1174 ἀνὴρ
748 1091 796 1172 ἅμ’
813 1092 917 1156 ἔσοιτο
933 1093 982 1156 καὶ
998 1092 1104 1166 ἄλλος,

260 1202 380 1277 μᾶλλον
395 1197 539 1280 θαλπωρὴ
556 1198 605 1260 καὶ
620 1197 867 1276 θαρσαλεώτερον
882 1195 978 1261 ἔσται.

262 1302 318 1366 σόν
332 1328 365 1367 τε
380 1301 427 1365 δύ’
446 1299 607 1384 ἐρχομένω,
623 1302 675 1364 καί
686 1325 720 1365 τε
735 1299 792 1383 πρὸ
811 1298 828 1363 δ
842 1305 895 1380 τοῦ
910 1300 1043 1378 ἐνόησεν.

262 1407 365 1471 ὅππως
380 1403 482 1488 κέρδος
497 1405 548 1491 ἔῃ,
564 1409 673 1483 μοῦνος
688 1403 713 1466 δ’
730 1405 760 1468 εί
773 1401 829 1484 πέρ
843 1428 880 1474 τε,
894 1399 1000 1489 νοήσῃ,
1155 1430 1204 1479 225

262 1508 343 1571 ἄλλό
357 1506 391 1570 τέ
405 1511 435 1572 οί
449 1507 599 1589 βράσσων
613 1533 647 1571 τε
662 1508 738 1583 νόος,
755 1506 852 1585 λεπτῆ
869 1505 903 1570 δέ
917 1531 951 1570 τε
965 1502 1084 1585 μῆτις.”

298 1609 361 1677 Ὣς
380 1609 478 1692 ἔφαθ’,
495 1612 524 1675 οἱ
539 1609 564 1674 δ’
582 1610 689 1674 ἔθελον
705 1606 852 1689 Διομήδεϊ
866 1613 979 1674 πολλοὶ
995 1609 1132 1673 ἔπεσθαι.
1257 1599 1259 1602 ’

261 1712 407 1793 ἠθελέτην
422 1716 533 1778 Αἴαντε
548 1713 615 1788 δόω,
632 1710 813 1794 θεράποντες
825 1712 946 1795 Ἀρηος,

261 1816 351 1895 ἤθελε
366 1816 531 1898 Μηριόνης,
546 1814 631 1895 μόλω
645 1815 670 1880 δ’
686 1814 779 1894 ήθελε
794 1814 949 1898 Νέστορος
964 1817 1036 1891 υἱός,

260 1918 351 1998 ήθελε
365 1919 390 1984 δ’
405 1917 560 2000 Ἀτρείδης
574 1919 777 2002 δονρικλειτδς
791 1918 960 1994 Μενέλαος,
1156 1943 1206 1994 230

260 2021 351 2100 ήθελε
365 2022 390 2086 δ’
408 2024 424 2086 ό
438 2019 561 2101 τλήμων
573 2021 720 2088 Ὀδυσεὺς
736 2027 896 2086 καταδῦναι
911 2023 1020 2102 δμιλον

258 2125 379 2205 Τρόων·
402 2125 461 2188 αίεὶ
475 2123 533 2206 γάρ
548 2126 577 2188 σί
592 2125 637 2189 ἔνὶ
652 2125 744 2206 φρεσὶ
760 2122 851 2204 θνμδς
865 2125 988 2203 ἐτόλμα.

259 2232 340 2291 τοῖσι
355 2230 388 2291 δὲ
403 2229 452 2292 καὶ
466 2227 623 2308 μετέειπεν
638 2226 717 2307 ἄναξ
730 2228 844 2309 ἀνδρῶν
858 2226 1065 2309 Ἀγαμέμνον’

260 2329 414 2408 “Τυδείδη
430 2331 590 2409 Διόμηδες,
607 2332 668 2413 έμῷ
685 2328 884 2414 κεχαρισμένε
898 2333 992 2416 θυμῷ,

259 2433 380 2512 τὸνμὲν
395 2434 431 2511 δή
448 2433 554 2515 ἕταρόν
568 2432 596 2515 γ’
613 2430 761 2514 αἱρήσεαι,
778 2434 814 2497 όν
829 2433 854 2496 κ’
870 2432 1035 2520 ἔθέλῃσθα,
1151 2461 1163 2494 2
1169 2461 1199 2510 35

259 2534 449 2617 φαινομένων
462 2535 516 2599 τὸν
530 2536 665 2617 ἄριστον,
682 2536 749 2601 ἐπεὶ
763 2535 899 2616 μεμάασί
910 2563 948 2619 γε
962 2537 1084 2602 πολλοί.

258 2641 332 2718 μηδὲ
347 2639 387 2702 σό
399 2638 427 2721 γ’
444 2640 600 2718 αἰδόμενος
616 2641 691 2724 σῇσι
707 2641 800 2721 φρεσὶ
816 2639 869 2704 τδν
882 2642 938 2720 μὲν
952 2642 1041 2722 ἆρείω

258 2743 444 2816 καλλείπειν,
461 2743 500 2806 σὺ
514 2744 548 2806 δὲ
562 2743 673 2827 χείρον’
690 2742 848 2807 όπόσσεαιΙ
859 2746 940 2808 αίδοῖ
954 2746 1050 2821 εἴκων,

258 2849 289 2912 ἔς
303 2845 411 2928 γενεὴν
426 2846 529 2925 ὁρόων,
544 2845 612 2924 μηδ’
629 2847 656 2910 εί
669 2846 888 2928 βασιλεύτερός
904 2846 1017 2912 ἔστιν.”

294 2948 358 3015 Ὠς
374 2948 469 3029 ἔφατ’,
486 2949 604 3014 ἔδεισεν
618 2951 652 3012 δὲ
666 2949 735 3031 περὶ
751 2946 849 3034 ξανθῷ
867 2948 1025 3034 Μενελάῳ.
1154 2975 1203 3022 240

257 3058 320 3119 τοῖς
334 3053 359 3116 δ’
376 3053 457 3119 αθτις
470 3050 610 3131 μετέειπε
626 3053 706 3133 βοὴν
721 3052 834 3134 θγαθδς
850 3052 1021 3134 Διομήδης.

258 3166 278 3191 “
288 3157 315 3219 εί
328 3157 383 3234 μὲν
398 3155 434 3234 δὴ
451 3155 557 3237 έταρόν
570 3181 608 3238 γε
623 3154 760 3220 κελεύετέ
773 3155 803 3235 μ’
821 3155 911 3219 αθτδν
926 3153 1061 3232 ἑλέσθαι,

257 3264 319 3324 πῶς
334 3257 372 3321 δν
387 3257 477 3322 ἔπειτ’
492 3257 643 3337 Ὀδυσῆος
659 3259 718 3340 ἐγὼ
734 3259 1002 3338 θείοιολαθοίμην,

257 3359 292 3422 οδ
305 3358 373 3440 πέρι
387 3362 443 3439 μὲν
458 3361 603 3443 πρόφρων
619 3361 723 3441 κραδίη
741 3361 789 3424 καὶ
808 3359 899 3439 θνμδς
914 3356 1033 3441 ἀγήνωρ
1052 3383 1055 3388 ·

257 3465 290 3525 ἔν
306 3460 455 3529 πόντεσσι
469 3465 600 3540 πόνοισι,
617 3468 705 3545 φιλεῖ
719 3461 753 3527 δέ
769 3466 785 3526 ἔ
799 3464 930 3528 Παλλὰς
942 3461 1068 3541 Ἀθήνη.
1152 3490 1199 3543 ²45

255 3564 360 3630 τούτου
374 3564 402 3648 γ’
420 3565 602 3647 ἑσπομένοιο
617 3568 667 3632 καὶ
683 3568 716 3630 ἔκ
731 3565 823 3648 πνρδς
838 3564 1011 3645 αἰθομένοιο

255 3667 345 3750 ἄμφω
360 3667 572 3748 νοστήσαιμεν,
587 3669 655 3734 ἔπεὶ
670 3671 801 3750 περίοιδε
816 3668 953 3748 νοῆσαι.”
