2738 4226
464 379 513 446 13.
538 365 707 424 ΙΛΙΑΔΟΣ
732 363 771 426 Ν.

146 533 194 596 καὶ
208 530 293 612 μάλα
307 529 457 613 πυργηδὸν
473 529 572 612 σφέας
588 530 693 597 αὐτοὺς
707 529 893 613 ἀρτύναντες,

145 633 224 716 ἀλλ’,
241 634 305 707 ἀίω,
320 633 492 717 χάσσονται
506 633 555 697 ὑπ’
573 634 688 716 ἔγχεος,
704 635 731 702 εί
746 633 831 698 ἐτέον
844 659 883 713 με

146 737 225 821 ῶρσε
241 743 317 802 θεῶν
334 739 469 820 ὤριστος,
487 739 662 820 ἐρίγδουπος
677 739 769 803 πόσις
780 733 909 818 Ἥρης.”

181 841 245 908 Ὣς
261 843 353 906 εἰπὸν
368 843 478 923 ὤτρυνε
491 840 582 919 μένος
598 842 647 904 καὶ
662 840 757 920 θυμὸν
772 839 911 904 ἑκάστου.
1041 864 1087 914 ¹55
1101 848 1125 858 ””

148 929 309 1027 Δηίφοβος
326 944 351 1010 δ’
368 947 401 1008 έν
414 950 497 1009 τοῖσι
511 944 590 1028 μέγα
606 943 742 1026 φρονέων
757 943 904 1024 ἐβεβήκει

148 1050 323 1129 Πριαμίδης,
340 1048 473 1129 πρόσθεν
488 1048 513 1112 δ’
529 1048 602 1130 έχεν
617 1047 733 1114 ἀσπίδα
748 1046 873 1112 πόντοσ’
892 1044 989 1124 δίνην,

149 1157 245 1232 κοῦφα
260 1153 335 1214 ποσὶ
350 1153 505 1230 προβιβὰς
521 1151 569 1214 καὶ
584 1151 752 1216 ὑπασπίδια
767 1150 965 1232 προποδίζων.

149 1257 302 1336 Μηριόνης
317 1252 342 1318 δ’
358 1255 459 1318 αὐτοῖο
474 1255 631 1320 τιτύσκετο
647 1255 729 1335 δουρὶ
748 1257 872 1338 φαεινῷ,

149 1356 196 1418 καὶ
207 1353 317 1433 βάλεν,
331 1353 391 1417 οὐδ’
404 1351 572 1435 ἀφάμαρτε,
585 1351 648 1416 κατ’
659 1352 775 1417 ἀσπίδα
784 1352 910 1418 πόντοσ’
921 1350 1009 1431 ἐίσην
1042 1363 1089 1414 160

148 1458 295 1538 ταυρείην·
318 1460 370 1535 τῆς
384 1456 410 1518 δ’
428 1456 462 1519 οὔ
479 1480 509 1519 τι
524 1454 680 1534 διήλασεν,
696 1455 780 1522 ἀλλὰ
795 1455 874 1520 πολὺ
888 1455 959 1537 πρὶν

149 1565 182 1625 ἐν
196 1561 295 1644 καυλῷ
312 1558 385 1641 ἐάγη
402 1559 527 1642 δολιχὸν
542 1559 622 1641 δόρυ·
645 1559 807 1641 Δηίφοβος
822 1562 855 1623 δὲ

147 1663 262 1727 ἀσπίδα
277 1662 414 1743 ταυρείην
430 1660 519 1745 σχέθ’
534 1660 594 1725 ἀπὸ
611 1662 652 1738 έο,
669 1668 751 1727 δεῖσε
767 1665 799 1728 δὲ
815 1666 896 1749 θυμῷ

149 1768 238 1850 ἔγχος
254 1767 410 1846 Μηριόναο
426 1763 597 1846 δαΐφρονος·
621 1767 713 1848 αὐτὰρ
728 1768 746 1831 δ
760 1767 788 1850 γ’
804 1767 882 1849 ἥρως

148 1870 194 1952 ἂψ
210 1869 322 1951 ἑτάρων
336 1870 380 1934 είς
394 1870 479 1934 ἔθνος
495 1867 629 1951 ἐχάζετο,
645 1871 769 1953 χιόσατο
785 1870 809 1934 δ’
826 1873 916 1937 αἰνῶς
1042 1882 1087 1945 165

148 1972 328 2053 ἀμφότερον,
343 1972 426 2050 νίκης
441 1995 475 2036 τε
489 1973 539 2036 καὶ
554 1972 662 2054 ἔγχεος
681 1970 697 2034 δ
712 1967 822 2049 ξυνέαξ
836 2019 844 2035 .

148 2075 188 2152 βῆ
207 2071 232 2137 δ’
249 2072 325 2136 ἰέναι
341 2072 421 2153 παρά
435 2098 469 2138 τε
485 2074 606 2139 κλισίας
622 2073 671 2136 καὶ
686 2076 759 2152 νῆας
772 2072 908 2158 Ἀχαιῶν

149 2176 306 2255 οἰσόμενος
321 2177 391 2256 δόρυ
404 2175 527 2257 μακρόν,
544 2176 562 2238 ὅ
576 2177 606 2242 οί
622 2176 763 2256 κλισίηφι
777 2175 932 2242 λέλειπτο.

190 2281 230 2342 Οί
245 2278 271 2342 δ’
288 2279 379 2342 ἄλλοι
394 2279 552 2361 μάρναντο,
568 2278 629 2359 βοή
646 2279 671 2342 δ’
687 2279 842 2359 ἄσβεστος
857 2280 972 2360 όρῶρει.

152 2380 281 2458 Τεῦκρος
297 2380 329 2444 δὲ
345 2387 460 2461 πρῶτος
474 2383 667 2460 Τελαμώνιος
683 2383 776 2465 ἄνδρα
791 2381 923 2458 κατέκτα,
1042 2404 1089 2459 ιηο

145 2477 283 2558 Ἴμβριον
299 2475 456 2560 αἰχμητήν,
474 2478 646 2543 πολυΐππου
662 2480 817 2563 Μέντορος
832 2483 909 2548 υἱόν·

148 2586 211 2645 ναῖε
227 2582 260 2644 δὲ
277 2579 422 2658 Πήδαιον,
439 2582 510 2661 πρὶν
525 2583 627 2646 ἐλθεῖν
641 2585 707 2649 υἶας
723 2582 866 2668 Ἀχαιῶν,

148 2684 254 2765 κούρην
269 2684 301 2746 δὲ
317 2679 466 2763 Πριάμοιο
481 2683 573 2761 νόθην
588 2683 650 2766 έχε,
666 2686 914 2766 Μηδεσικάστην·

147 2787 237 2866 αὐτὰρ
253 2785 319 2849 ἐπεὶ
336 2791 465 2851 Δαναῶν
480 2783 544 2852 νέες
559 2785 673 2864 ήλυθον
688 2786 901 2868 ἀμφιέλισσαι,

146 2886 192 2967 άφ
207 2888 250 2954 είς
263 2886 360 2951 Ἴλιον
375 2887 460 2968 ήλθε,
475 2887 643 2968 μετέπρεπε
658 2890 691 2952 δὲ
705 2891 856 2970 Τράεσσι,
1041 2919 1088 2972 ¹75

147 2994 210 3054 ναῖε
225 2992 256 3053 δὲ
273 2992 334 3072 τδρ
350 2990 485 3076 Πριάμῳ·
509 2994 525 3056 ά
543 2993 578 3056 δέ
590 3019 643 3072 μιν
660 2993 723 3056 τίεν
737 2994 792 3056 ῖσα
809 2993 943 3060 τέκεσσι.

147 3092 197 3156 τόν
210 3091 238 3176 ῥ’
254 3093 318 3158 υἱδς
333 3098 515 3173 Τελαμῶνος
529 3093 579 3158 ὑπ’
595 3096 701 3161 οὔατος
717 3096 803 3178 έγχεῖ
816 3100 917 3182 μακρῷ

146 3194 217 3274 νύξ,
233 3198 266 3258 ἐκ
282 3192 309 3260 δ’
325 3197 462 3266 ἔσπασεν
477 3199 578 3282 ἔγχος·
602 3201 619 3262 ό
634 3197 661 3263 δ’
678 3196 741 3262 αὖτ’
758 3199 869 3262 ἔπεσεν
882 3201 971 3280 μελίη
988 3202 1038 3279 ῶς,

145 3299 165 3378 ή
178 3296 203 3361 τ’
219 3301 306 3376 όρεος
321 3300 435 3386 κορυφῇ
453 3300 559 3368 έκαθεν
574 3301 839 3384 περιφαινομένοιο

144 3403 247 3486 χαλκῷ
264 3400 433 3482 ταμνομένη
450 3400 554 3484 τέρενα
568 3404 657 3487 χθονὶ
672 3403 777 3484 φύλλα
794 3402 949 3490 πελάσσῃ·
1040 3421 1087 3474 180

145 3505 182 3570 ῶς
198 3503 304 3582 πέσεν,
320 3505 398 3586 ἀμφὶ
414 3504 447 3568 δέ
465 3508 494 3570 οἱ
508 3505 608 3589 βράχε
623 3505 733 3589 τεύχεα
748 3507 872 3570 ποικίλα
887 3511 1003 3594 χαλκῷ.

143 3611 271 3688 Τεῦκρος
287 3604 313 3670 δ’
330 3607 449 3688 ὡρμήθη
464 3610 584 3688 μεμαὼς
601 3609 660 3672 άπὸ
677 3609 786 3691 τεύχεα
801 3615 900 3674 δῦσαι·

142 3705 256 3790 Ἕκτωρ
273 3707 299 3773 δ’
316 3709 496 3791 ὁρμηθέντος
512 3712 652 3776 ἀκόντισε
667 3713 749 3791 δουρὶ
764 3714 891 3798 φαεινῷ.
