2746 4228
498 330 527 380 2.
552 315 723 377 ῙΑΙΑΔΟΣ
747 316 780 377 Β.

166 489 200 552 οἵ
209 487 242 571 ῤ’
258 486 379 566 Ἰθάκην
395 485 480 570 εἶχον
495 486 544 549 καὶ
559 481 692 567 Νήριτον
707 484 934 564 εἰνοσίφυλλον,

166 593 216 656 καὶ
233 589 387 673 Κροκύλει’
405 587 547 668 ἐνέμοντο
563 589 612 652 καὶ
628 587 777 668 Αἰγίλιπα
791 590 943 669 τρηχεῖαν,

166 697 198 759 οἵ
210 721 244 760 τε
259 693 414 758 Ζάκυνθον
429 693 502 776 ἔχον
517 691 561 771 ἡδ’
579 690 608 754 οδ
623 688 726 769 Σάμον
741 688 958 771 ἀμφενέμοντο,

166 799 198 860 οί
211 797 236 860 τ’
251 796 376 877 ἤπειρον
391 796 464 879 έχον
478 795 523 874 ἠδ’
541 791 705 876 ἀντιπέραι’
722 791 873 872 ἐνέμοντο·

165 905 225 964 τῶν
239 900 295 978 μέν
309 898 478 964 Ὀδυσσεὺς
493 898 569 982 ἡρχε
584 896 637 962 Διὶ
651 900 741 976 μήτιν
756 893 935 962 ἀτάλαντος·

165 1003 206 1087 τῷ
224 1001 247 1066 δ’
265 1001 327 1082 άμα
342 1003 410 1078 νὴες
425 1002 534 1067 έποντο
550 1001 682 1066 δυόδεκα
696 997 905 1084 μιλτοπάρῃοι.

208 1108 353 1170 Αίτωλῶν
368 1106 393 1168 δ’
408 1103 513 1185 ἡγεῖτο
530 1105 615 1170 Θόας
628 1102 842 1185 Ἀνδραίμονος
856 1101 929 1173 υἱός,

166 1207 195 1270 οδ
210 1206 363 1288 Πλευρῶν’
380 1206 522 1287 ἐνέμοντο
534 1208 583 1272 καὶ
597 1205 730 1272 Ὤλενον
744 1206 797 1284 ἡδὲ
813 1203 958 1284 Πυλήνην

165 1310 304 1372 Χαλκίδα
320 1309 344 1372 τ’
362 1311 512 1393 ἀγχίαλον
528 1307 694 1373 Καλυδῶνά
708 1333 741 1373 τε
755 1306 956 1388 πετρήεσσαν·

167 1411 201 1472 ού
215 1414 274 1494 γὰρ
290 1411 330 1474 ἔτ’
347 1415 458 1490 Οἰνῆος
472 1409 678 1494 μεγαλήτορος
693 1409 770 1478 υἱέες
786 1410 874 1491 ήσαν,

166 1516 225 1579 οὐδ’
242 1517 288 1599 ἀρ’
305 1517 345 1580 ἔτ’
362 1517 450 1596 αὐτὸς
465 1519 526 1596 ἔην,
543 1516 615 1582 θάνε
631 1519 664 1580 δὲ
680 1515 787 1594 ξανθὸς
803 1511 992 1596 Μελέαγρος·

164 1621 205 1704 τῷ
222 1620 246 1684 δ’
262 1621 313 1684 ἐπὶ
328 1619 414 1686 πάντ’
431 1619 574 1685 ἐτέταλτο
590 1617 763 1698 ἀνασσέμεν
777 1620 953 1682 Αἰτωλοῖσι·

165 1723 206 1805 τῳ
222 1721 249 1786 δ’
265 1722 327 1802 ἅμα
344 1723 571 1805 τεσσαράκοντα
584 1720 725 1803 μέλαιναι
742 1723 809 1798 νῆες
825 1722 943 1786 ἕποντο.

209 1830 333 1909 Κρητῶν
347 1831 372 1891 δ’
386 1827 552 1907 Ἰδομενεὺς
568 1826 757 1909 δουρικλυτὸς
771 1825 959 1907 ἡγεμόνευεν,

167 1929 194 1991 οδ
210 1931 338 1996 Κνωσόν
352 1930 377 1995 τ’
395 1931 479 2014 εἶχον
494 1929 625 2012 Γόρτυνά
639 1955 672 1994 τε
687 1930 890 2012 τειχιόεσσαν,

167 2031 282 2097 Λύκτον
297 2033 438 2112 Μίλητόν
452 2058 486 2098 τε
501 2035 550 2098 καὶ
566 2034 742 2116 ἀργινόεντα
757 2031 915 2096 Λύκαστον

167 2135 301 2199 Φαιστόν
317 2161 349 2199 τε
363 2133 481 2199 Ῥύτιόν
496 2161 538 2208 τε,
556 2136 661 2200 πόλεις
677 2134 709 2198 εύ
724 2134 919 2206 ναιεταώσας,

167 2237 257 2301 όλλοι
272 2238 299 2301 θ’
316 2237 344 2301 οδ
360 2235 480 2320 Κρήτην
494 2239 696 2317 ἑκατόμπολιν
717 2235 933 2317 ἀμφενέμοντο.

167 2345 223 2405 τῶν
236 2343 293 2421 μὲν
308 2340 354 2424 ἄρ’
368 2340 535 2421 Ἰδομενεὺς
549 2339 740 2422 δουρικλυτὸς
754 2340 917 2422 ἡγεμόνευε

166 2445 320 2524 Μηριόνης
338 2443 363 2506 τ’
380 2442 547 2510 ἀτάλαντος
560 2444 710 2528 Ἐνυαλίῳ
726 2444 932 2529 ἀνδρειφόντῃ·

164 2551 244 2609 τοῖσι
261 2545 285 2609 δ’
302 2545 351 2625 ἅμ’
369 2547 540 2629 όγδόκοντα
560 2546 700 2624 μέλαιναι
715 2550 784 2625 νῆες
799 2546 916 2610 ἕποντο.

206 2649 410 2728 Τληπόλεμος
424 2648 449 2712 δ’
465 2647 666 2730 Ἡρακλεΐδης
680 2645 734 2726 ἠύς
748 2673 781 2712 τε
795 2646 888 2730 μέγας
903 2673 936 2714 τε

164 2752 197 2813 ἑκ
213 2749 318 2815 Ῥόδου
334 2750 422 2816 ἐννέα
440 2754 512 2830 νὴας
526 2751 600 2834 ἀγεν
615 2751 739 2817 Ῥοδίων
754 2753 924 2835 ἀγερώχων,

164 2853 192 2917 οδ
207 2853 312 2919 Ῥόδον
327 2853 535 2936 ἀμφενέμοντο
551 2855 600 2920 διά
614 2855 704 2938 τρίχα
719 2853 928 2936 κοσμηθέντες,

163 2956 275 3022 Λίνδου
287 2957 431 3035 Ἰηλυσόν
446 2982 479 3022 τε
494 2959 544 3022 καὶ
558 2958 736 3041 ἀργινόεντα
751 2957 911 3039 Κάμειρον.

163 3064 222 3123 τῶν
235 3061 292 3138 μέν
306 3060 509 3140 Τληπόλεμος
524 3060 714 3140 δουρικλυτὸς
728 3059 919 3140 ἡγεμόνευεν,

163 3161 199 3228 όν
213 3162 300 3228 τέκεν
313 3162 499 3248 Ἀστυόχεια
512 3165 567 3251 βίη
582 3165 779 3252 Ἡρακληείῃ,

163 3267 218 3345 τὴν
233 3265 315 3349 ἄγετ’
333 3263 370 3344 ἐξ
382 3266 515 3348 Ἐφύρης
530 3272 665 3348 ποταμοῦ
682 3267 743 3332 ἀπο
759 3267 954 3348 Σελλήεντος,

162 3368 276 3453 πέρσας
293 3368 390 3432 ἄστεα
406 3372 508 3433 πολλὰ
524 3369 708 3453 διοτρεφέων
722 3373 840 3452 αίζηῶυ.
1056 3383 1106 3436 660

162 3473 365 3551 Τληπόλεμος
381 3470 406 3535 δ’
423 3473 489 3536 ἐπεὶ
505 3472 557 3538 οὖν
571 3473 670 3554 τράφη
688 3476 721 3540 έν
734 3475 854 3561 μεγάρῳ
871 3475 1015 3562 εὐπήκτῳ,

163 3575 268 3639 αὐτίκα
283 3573 396 3656 πατρὸς
411 3578 474 3638 έοῖο
488 3576 583 3655 φίλου
597 3575 719 3658 μήτρωα
733 3579 861 3644 κατέκτα

162 3675 215 3757 ήδη
232 3675 426 3760 γηράσκοντα
440 3677 602 3757 Λικύμνιον
618 3679 686 3756 ὄζον
698 3675 818 3762 Ἀρηος·

607 3787 627 3836 C
645 3790 664 3854 3
