<?xml version="1.0" encoding="UTF-8"?>
<!DOCTYPE html PUBLIC "-//W3C//DTD XHTML 1.0 Transitional//EN"
    "http://www.w3.org/TR/xhtml1/DTD/xhtml1-transitional.dtd">
<html xmlns="http://www.w3.org/1999/xhtml" xml:lang="en" lang="en">
 <head>
  <title>
</title>
<meta http-equiv="Content-Type" content="text/html;charset=utf-8" />
  <meta name='ocr-system' content='tesseract 3.04.00' />
  <meta name='ocr-capabilities' content='ocr_page ocr_carea ocr_par ocr_line ocrx_word'/>
</head>
<body>
  <div class='ocr_page' id='page_1' title='image "./homerioperaetre00homegoog_0813.png"; bbox 0 0 2788 4230; ppageno 0'>
   <div class='ocr_carea' id='block_1_1' title="bbox 261 295 917 362">
    <p class='ocr_par' dir='ltr' id='par_1_1' title="bbox 261 295 917 362">
     <span class='ocr_line' id='line_1_1' title="bbox 261 295 917 362; baseline -0.003 0"><span class='ocrx_word' id='word_1_1' title='bbox 261 298 323 362; x_wconf 89' lang='lat'>808</span> <span class='ocrx_word' id='word_1_2' title='bbox 552 295 602 362; x_wconf 92' lang='lat'>18.</span> <span class='ocrx_word' id='word_1_3' title='bbox 625 301 858 361; x_wconf 71' lang='grc' dir='ltr'><strong>ΟΔΎΣΣΕΙΑΣ</strong></span> <span class='ocrx_word' id='word_1_4' title='bbox 880 300 917 360; x_wconf 84' lang='grc' dir='ltr'>Σ.</span> 
     </span>
    </p>
   </div>
   <div class='ocr_carea' id='block_1_2' title="bbox 259 463 1213 1376">
    <p class='ocr_par' dir='ltr' id='par_1_2' title="bbox 259 463 1213 1376">
     <span class='ocr_line' id='line_1_2' title="bbox 260 463 1008 548; baseline -0.004 -19"><span class='ocrx_word' id='word_1_5' title='bbox 260 463 388 531; x_wconf 85' lang='grc' dir='ltr'>πλέονές</span> <span class='ocrx_word' id='word_1_6' title='bbox 403 491 436 529; x_wconf 97' lang='grc' dir='ltr'>κε</span> <span class='ocrx_word' id='word_1_7' title='bbox 451 468 623 546; x_wconf 79' lang='grc' dir='ltr'>μνηστῆρες</span> <span class='ocrx_word' id='word_1_8' title='bbox 635 467 668 531; x_wconf 83' lang='grc' dir='ltr'>έν</span> <span class='ocrx_word' id='word_1_9' title='bbox 682 465 853 548; x_wconf 80' lang='grc' dir='ltr'>ὑμετέροισι</span> <span class='ocrx_word' id='word_1_10' title='bbox 868 465 1008 543; x_wconf 75' lang='grc' dir='ltr'>δόμοισιν</span> 
     </span>
     <span class='ocr_line' id='line_1_3' title="bbox 259 568 914 651; baseline 0.003 -20"><span class='ocrx_word' id='word_1_11' title='bbox 259 568 356 647; x_wconf 85' lang='grc' dir='ltr'>ἠῶθεν</span> <span class='ocrx_word' id='word_1_12' title='bbox 372 568 511 645; x_wconf 83' lang='grc' dir='ltr'>δαινύατ’,</span> <span class='ocrx_word' id='word_1_13' title='bbox 528 569 594 632; x_wconf 74' lang='grc' dir='ltr'>ἐπεὶ</span> <span class='ocrx_word' id='word_1_14' title='bbox 610 569 914 651; x_wconf 85' lang='grc' dir='ltr'>περίεσσιγνναικῶν</span> 
     </span>
     <span class='ocr_line' id='line_1_4' title="bbox 261 667 994 754; baseline 0 -18"><span class='ocrx_word' id='word_1_15' title='bbox 261 672 340 738; x_wconf 81' lang='grc' dir='ltr'>εἶδός</span> <span class='ocrx_word' id='word_1_16' title='bbox 354 697 387 734; x_wconf 89' lang='grc' dir='ltr'>τε</span> <span class='ocrx_word' id='word_1_17' title='bbox 402 671 529 754; x_wconf 87' lang='grc' dir='ltr'>μέγεθός</span> <span class='ocrx_word' id='word_1_18' title='bbox 543 697 576 736; x_wconf 87' lang='grc' dir='ltr'>τε</span> <span class='ocrx_word' id='word_1_19' title='bbox 594 675 637 736; x_wconf 81' lang='grc' dir='ltr'>ίδὲ</span> <span class='ocrx_word' id='word_1_20' title='bbox 653 672 764 754; x_wconf 90' lang='grc' dir='ltr'>φρένας</span> <span class='ocrx_word' id='word_1_21' title='bbox 780 673 866 736; x_wconf 84' lang='grc' dir='ltr'>ένδον</span> <span class='ocrx_word' id='word_1_22' title='bbox 880 667 994 736; x_wconf 79' lang='grc' dir='ltr'>έίσας.”</span> 
     </span>
     <span class='ocr_line' id='line_1_5' title="bbox 304 775 1213 856; baseline 0 -19"><span class='ocrx_word' id='word_1_23' title='bbox 304 775 366 840; x_wconf 89' lang='grc' dir='ltr'>Τὸν</span> <span class='ocrx_word' id='word_1_24' title='bbox 381 775 406 838; x_wconf 93' lang='grc' dir='ltr'>δ’</span> <span class='ocrx_word' id='word_1_25' title='bbox 418 775 554 856; x_wconf 82' lang='grc' dir='ltr'>ἠμείβετ’</span> <span class='ocrx_word' id='word_1_26' title='bbox 570 776 673 839; x_wconf 82' lang='grc' dir='ltr'>ἔπειτα</span> <span class='ocrx_word' id='word_1_27' title='bbox 688 775 843 856; x_wconf 87' lang='grc' dir='ltr'>περίφρων</span> <span class='ocrx_word' id='word_1_28' title='bbox 859 775 1063 852; x_wconf 86' lang='grc' dir='ltr'>Πηνελόπεια·</span> <span class='ocrx_word' id='word_1_29' title='bbox 1160 799 1213 847; x_wconf 80' lang='lat'>250</span> 
     </span>
     <span class='ocr_line' id='line_1_6' title="bbox 261 878 1052 962; baseline 0.001 -21"><span class='ocrx_word' id='word_1_30' title='bbox 261 887 277 913; x_wconf 90' lang='lat'>“</span> <span class='ocrx_word' id='word_1_31' title='bbox 289 879 448 962; x_wconf 85' lang='grc' dir='ltr'>Εὐρύμαχ’,</span> <span class='ocrx_word' id='word_1_32' title='bbox 464 879 483 958; x_wconf 80' lang='grc' dir='ltr'><em>ἦ</em></span> <span class='ocrx_word' id='word_1_33' title='bbox 497 905 543 942; x_wconf 90' lang='grc' dir='ltr'>τοι</span> <span class='ocrx_word' id='word_1_34' title='bbox 560 879 633 958; x_wconf 82' lang='grc' dir='ltr'>έμὴν</span> <span class='ocrx_word' id='word_1_35' title='bbox 649 878 756 958; x_wconf 76' lang='grc' dir='ltr'>ἀρετήν</span> <span class='ocrx_word' id='word_1_36' title='bbox 772 879 851 944; x_wconf 87' lang='grc' dir='ltr'>εἶδός</span> <span class='ocrx_word' id='word_1_37' title='bbox 865 905 899 942; x_wconf 90' lang='grc' dir='ltr'>τε</span> <span class='ocrx_word' id='word_1_38' title='bbox 914 879 1004 956; x_wconf 89' lang='grc' dir='ltr'>δέμας</span> <span class='ocrx_word' id='word_1_39' title='bbox 1018 903 1052 942; x_wconf 92' lang='grc' dir='ltr'>τε</span> 
     </span>
     <span class='ocr_line' id='line_1_7' title="bbox 261 981 949 1062; baseline -0.003 -16"><span class='ocrx_word' id='word_1_40' title='bbox 261 983 382 1048; x_wconf 78' lang='grc' dir='ltr'>ὤλεσαν</span> <span class='ocrx_word' id='word_1_41' title='bbox 397 981 548 1060; x_wconf 82' lang='grc' dir='ltr'>ἀθάνατοι,</span> <span class='ocrx_word' id='word_1_42' title='bbox 564 983 614 1046; x_wconf 85' lang='grc' dir='ltr'>ὅτε</span> <span class='ocrx_word' id='word_1_43' title='bbox 626 981 724 1046; x_wconf 84' lang='grc' dir='ltr'>Ἴλιον</span> <span class='ocrx_word' id='word_1_44' title='bbox 738 981 949 1062; x_wconf 75' lang='grc' dir='ltr'>εἰσανέβαινον</span> 
     </span>
     <span class='ocr_line' id='line_1_8' title="bbox 261 1084 1084 1170; baseline 0 -22"><span class='ocrx_word' id='word_1_45' title='bbox 261 1087 402 1170; x_wconf 85' lang='grc' dir='ltr'>Ἀργεῖοι,</span> <span class='ocrx_word' id='word_1_46' title='bbox 418 1090 493 1166; x_wconf 79' lang='grc' dir='ltr'>μετὰ</span> <span class='ocrx_word' id='word_1_47' title='bbox 509 1085 632 1150; x_wconf 82' lang='grc' dir='ltr'>τοῖσιδ’</span> <span class='ocrx_word' id='word_1_48' title='bbox 648 1087 718 1165; x_wconf 82' lang='grc' dir='ltr'>έμάς</span> <span class='ocrx_word' id='word_1_49' title='bbox 734 1088 826 1152; x_wconf 84' lang='grc' dir='ltr'>πόσις</span> <span class='ocrx_word' id='word_1_50' title='bbox 840 1084 894 1170; x_wconf 75' lang='grc' dir='ltr'>ᾖεν</span> <span class='ocrx_word' id='word_1_51' title='bbox 908 1085 1084 1152; x_wconf 91' lang='grc' dir='ltr'>Ὀδυσσεύς.</span> 
     </span>
     <span class='ocr_line' id='line_1_9' title="bbox 262 1191 1026 1275; baseline 0 -21"><span class='ocrx_word' id='word_1_52' title='bbox 262 1193 288 1254; x_wconf 89' lang='grc' dir='ltr'>εί</span> <span class='ocrx_word' id='word_1_53' title='bbox 304 1193 399 1258; x_wconf 83' lang='grc' dir='ltr'>κεῖνός</span> <span class='ocrx_word' id='word_1_54' title='bbox 415 1191 443 1275; x_wconf 88' lang='grc' dir='ltr'>γ’</span> <span class='ocrx_word' id='word_1_55' title='bbox 458 1193 556 1256; x_wconf 82' lang='grc' dir='ltr'>ε’λθὼν</span> <span class='ocrx_word' id='word_1_56' title='bbox 570 1198 623 1256; x_wconf 88' lang='grc' dir='ltr'>τδν</span> <span class='ocrx_word' id='word_1_57' title='bbox 639 1193 710 1273; x_wconf 80' lang='grc' dir='ltr'>ἐμὸν</span> <span class='ocrx_word' id='word_1_58' title='bbox 725 1192 797 1272; x_wconf 90' lang='grc' dir='ltr'>βίον</span> <span class='ocrx_word' id='word_1_59' title='bbox 813 1192 1026 1272; x_wconf 88' lang='grc' dir='ltr'>ἀμφιπολεύοι,</span> 
     </span>
     <span class='ocr_line' id='line_1_10' title="bbox 261 1293 1212 1376; baseline -0.005 -17"><span class='ocrx_word' id='word_1_60' title='bbox 261 1297 363 1374; x_wconf 82' lang='grc' dir='ltr'>μεῖζόν</span> <span class='ocrx_word' id='word_1_61' title='bbox 379 1322 411 1360; x_wconf 89' lang='grc' dir='ltr'>κε</span> <span class='ocrx_word' id='word_1_62' title='bbox 427 1295 514 1362; x_wconf 88' lang='grc' dir='ltr'>κλέος</span> <span class='ocrx_word' id='word_1_63' title='bbox 531 1298 576 1374; x_wconf 84' lang='grc' dir='ltr'>είη</span> <span class='ocrx_word' id='word_1_64' title='bbox 593 1295 664 1376; x_wconf 77' lang='grc' dir='ltr'>ἐμὸν</span> <span class='ocrx_word' id='word_1_65' title='bbox 681 1293 730 1359; x_wconf 84' lang='grc' dir='ltr'>καὶ</span> <span class='ocrx_word' id='word_1_66' title='bbox 745 1293 872 1358; x_wconf 80' lang='grc' dir='ltr'>κάλλιον</span> <span class='ocrx_word' id='word_1_67' title='bbox 887 1296 990 1360; x_wconf 81' lang='grc' dir='ltr'>οὕτως.</span> <span class='ocrx_word' id='word_1_68' title='bbox 1150 1321 1212 1370; x_wconf 84' lang='lat'><strong>·255</strong></span> 
     </span>
    </p>
   </div>
   <div class='ocr_carea' id='block_1_3' title="bbox 170 1397 1140 1484">
    <p class='ocr_par' dir='ltr' id='par_1_3' title="bbox 170 1397 1140 1484">
     <span class='ocr_line' id='line_1_11' title="bbox 170 1397 1140 1484; baseline -0.004 -19"><span class='ocrx_word' id='word_1_69' title='bbox 170 1479 171 1484; x_wconf 7' lang='grc' dir='ltr'>ἵ</span> <span class='ocrx_word' id='word_1_70' title='bbox 263 1405 316 1464; x_wconf 80' lang='grc' dir='ltr'>νῦν</span> <span class='ocrx_word' id='word_1_71' title='bbox 331 1399 355 1462; x_wconf 88' lang='grc' dir='ltr'>δ’</span> <span class='ocrx_word' id='word_1_72' title='bbox 373 1398 494 1482; x_wconf 79' lang='grc' dir='ltr'>ἄχομαι</span> <span class='ocrx_word' id='word_1_73' title='bbox 517 1400 593 1462; x_wconf 89' lang='grc' dir='ltr'>τόσα</span> <span class='ocrx_word' id='word_1_74' title='bbox 609 1399 665 1479; x_wconf 80' lang='grc' dir='ltr'>γάρ</span> <span class='ocrx_word' id='word_1_75' title='bbox 679 1424 731 1476; x_wconf 89' lang='grc' dir='ltr'>μοι</span> <span class='ocrx_word' id='word_1_76' title='bbox 747 1398 913 1462; x_wconf 71' lang='grc' dir='ltr'>ἐπέσσευεν</span> <span class='ocrx_word' id='word_1_77' title='bbox 930 1399 1006 1460; x_wconf 87' lang='grc' dir='ltr'>κακά</span> <span class='ocrx_word' id='word_1_78' title='bbox 1020 1397 1140 1476; x_wconf 90' lang='grc' dir='ltr'>δαίμων.</span> 
     </span>
    </p>
   </div>
   <div class='ocr_carea' id='block_1_4' title="bbox 263 1499 1214 3031">
    <p class='ocr_par' dir='ltr' id='par_1_4' title="bbox 263 1499 1019 1585">
     <span class='ocr_line' id='line_1_12' title="bbox 263 1499 1019 1585; baseline -0.001 -20"><span class='ocrx_word' id='word_1_79' title='bbox 263 1503 281 1582; x_wconf 81' lang='grc' dir='ltr'><em>ἦ</em></span> <span class='ocrx_word' id='word_1_80' title='bbox 296 1504 351 1581; x_wconf 75' lang='grc' dir='ltr'>μὲν</span> <span class='ocrx_word' id='word_1_81' title='bbox 367 1501 402 1580; x_wconf 80' lang='grc' dir='ltr'>δὴ</span> <span class='ocrx_word' id='word_1_82' title='bbox 419 1502 470 1565; x_wconf 88' lang='grc' dir='ltr'>ότε</span> <span class='ocrx_word' id='word_1_83' title='bbox 486 1501 511 1565; x_wconf 89' lang='grc' dir='ltr'>τ’</span> <span class='ocrx_word' id='word_1_84' title='bbox 526 1499 561 1585; x_wconf 76' lang='grc' dir='ltr'>ᾖε</span> <span class='ocrx_word' id='word_1_85' title='bbox 576 1502 675 1565; x_wconf 82' lang='grc' dir='ltr'>λιπὼν</span> <span class='ocrx_word' id='word_1_86' title='bbox 691 1500 766 1564; x_wconf 87' lang='grc' dir='ltr'>κότα</span> <span class='ocrx_word' id='word_1_87' title='bbox 780 1502 906 1581; x_wconf 81' lang='grc' dir='ltr'>πατρίδα</span> <span class='ocrx_word' id='word_1_88' title='bbox 921 1505 1019 1583; x_wconf 88' lang='grc' dir='ltr'>γαῖαυ,</span> 
     </span>
    </p>

    <p class='ocr_par' dir='ltr' id='par_1_5' title="bbox 264 1604 1044 1688">
     <span class='ocr_line' id='line_1_13' title="bbox 264 1604 1044 1688; baseline -0.004 -19"><span class='ocrx_word' id='word_1_89' title='bbox 264 1604 416 1685; x_wconf 76' lang='grc' dir='ltr'>δεξιτερὴν</span> <span class='ocrx_word' id='word_1_90' title='bbox 432 1606 481 1668; x_wconf 85' lang='grc' dir='ltr'>έπὶ</span> <span class='ocrx_word' id='word_1_91' title='bbox 498 1606 599 1688; x_wconf 88' lang='grc' dir='ltr'>καρπῷ</span> <span class='ocrx_word' id='word_1_92' title='bbox 617 1605 696 1668; x_wconf 81' lang='grc' dir='ltr'>ἑλὼν</span> <span class='ocrx_word' id='word_1_93' title='bbox 712 1606 764 1684; x_wconf 74' lang='grc' dir='ltr'>ἐμὲ</span> <span class='ocrx_word' id='word_1_94' title='bbox 778 1611 866 1687; x_wconf 80' lang='grc' dir='ltr'>χεῖρα</span> <span class='ocrx_word' id='word_1_95' title='bbox 881 1604 1044 1687; x_wconf 82' lang='grc' dir='ltr'>προσηύδα·</span> 
     </span>
    </p>

    <p class='ocr_par' dir='ltr' id='par_1_6' title="bbox 264 1706 966 1791">
     <span class='ocr_line' id='line_1_14' title="bbox 264 1706 966 1791; baseline 0.001 -19"><span class='ocrx_word' id='word_1_96' title='bbox 264 1707 308 1772; x_wconf 52' lang='grc' dir='ltr'>(ἀι</span> <span class='ocrx_word' id='word_1_97' title='bbox 325 1709 420 1790; x_wconf 90' lang='grc' dir='ltr'>γύναι,</span> <span class='ocrx_word' id='word_1_98' title='bbox 440 1709 474 1772; x_wconf 88' lang='grc' dir='ltr'>ού</span> <span class='ocrx_word' id='word_1_99' title='bbox 488 1707 546 1791; x_wconf 82' lang='grc' dir='ltr'>γὰρ</span> <span class='ocrx_word' id='word_1_100' title='bbox 562 1707 615 1770; x_wconf 80' lang='grc' dir='ltr'>ὀίω</span> <span class='ocrx_word' id='word_1_101' title='bbox 632 1706 808 1788; x_wconf 81' lang='grc' dir='ltr'>ἐϋκνήμιδας</span> <span class='ocrx_word' id='word_1_102' title='bbox 825 1707 966 1790; x_wconf 84' lang='grc' dir='ltr'>Ἀχαιοὺς</span> 
     </span>
    </p>

    <p class='ocr_par' dir='ltr' id='par_1_7' title="bbox 263 1809 1213 1998">
     <span class='ocr_line' id='line_1_15' title="bbox 263 1809 1213 1895; baseline -0.005 -18"><span class='ocrx_word' id='word_1_103' title='bbox 263 1820 295 1877; x_wconf 77' lang='grc' dir='ltr'>ἐκ</span> <span class='ocrx_word' id='word_1_104' title='bbox 311 1812 422 1895; x_wconf 84' lang='grc' dir='ltr'>Τροίης</span> <span class='ocrx_word' id='word_1_105' title='bbox 438 1811 471 1875; x_wconf 76' lang='grc' dir='ltr'>εὖ</span> <span class='ocrx_word' id='word_1_106' title='bbox 486 1811 599 1878; x_wconf 90' lang='grc' dir='ltr'>πόντος</span> <span class='ocrx_word' id='word_1_107' title='bbox 614 1809 768 1890; x_wconf 82' lang='grc' dir='ltr'>ἀπήμονας</span> <span class='ocrx_word' id='word_1_108' title='bbox 783 1809 974 1876; x_wconf 83' lang='grc' dir='ltr'>ἀπονέεσθαι·</span> <span class='ocrx_word' id='word_1_109' title='bbox 1161 1823 1213 1872; x_wconf 85' lang='lat'>260</span> 
     </span>
     <span class='ocr_line' id='line_1_16' title="bbox 264 1914 1028 1998; baseline 0.001 -18"><span class='ocrx_word' id='word_1_110' title='bbox 264 1919 313 1980; x_wconf 79' lang='grc' dir='ltr'>καὶ</span> <span class='ocrx_word' id='word_1_111' title='bbox 328 1914 385 1998; x_wconf 82' lang='grc' dir='ltr'>γὰρ</span> <span class='ocrx_word' id='word_1_112' title='bbox 400 1916 506 1997; x_wconf 85' lang='grc' dir='ltr'>Τρῶάς</span> <span class='ocrx_word' id='word_1_113' title='bbox 523 1920 600 1996; x_wconf 80' lang='grc' dir='ltr'>φασι</span> <span class='ocrx_word' id='word_1_114' title='bbox 615 1915 752 1998; x_wconf 83' lang='grc' dir='ltr'>μαχητὰς</span> <span class='ocrx_word' id='word_1_115' title='bbox 769 1916 894 1994; x_wconf 83' lang='grc' dir='ltr'>ἔμμεναι</span> <span class='ocrx_word' id='word_1_116' title='bbox 909 1915 1028 1995; x_wconf 77' lang='grc' dir='ltr'>ἄνδρας,</span> 
     </span>
    </p>

    <p class='ocr_par' dir='ltr' id='par_1_8' title="bbox 263 2019 867 2101">
     <span class='ocr_line' id='line_1_17' title="bbox 263 2019 867 2101; baseline 0.003 -19"><span class='ocrx_word' id='word_1_117' title='bbox 263 2021 337 2100; x_wconf 75' lang='grc' dir='ltr'>ἠμὲν</span> <span class='ocrx_word' id='word_1_118' title='bbox 352 2019 530 2084; x_wconf 85' lang='grc' dir='ltr'>ἀκοντιστὰς</span> <span class='ocrx_word' id='word_1_119' title='bbox 540 2019 597 2098; x_wconf 76' lang='grc' dir='ltr'>ήδέ</span> <span class='ocrx_word' id='word_1_120' title='bbox 612 2021 738 2101; x_wconf 78' lang='grc' dir='ltr'>ῥυτῆρας</span> <span class='ocrx_word' id='word_1_121' title='bbox 755 2019 867 2084; x_wconf 79' lang='grc' dir='ltr'>ὀϊστῶν</span> 
     </span>
    </p>

    <p class='ocr_par' dir='ltr' id='par_1_9' title="bbox 264 2120 1030 2204">
     <span class='ocr_line' id='line_1_18' title="bbox 264 2120 1030 2204; baseline -0.005 -16"><span class='ocrx_word' id='word_1_122' title='bbox 264 2126 364 2188; x_wconf 79' lang='grc' dir='ltr'>ἵππων</span> <span class='ocrx_word' id='word_1_123' title='bbox 379 2123 404 2184; x_wconf 92' lang='grc' dir='ltr'>τ’</span> <span class='ocrx_word' id='word_1_124' title='bbox 421 2123 582 2186; x_wconf 85' lang='grc' dir='ltr'>ὠκυπόδων</span> <span class='ocrx_word' id='word_1_125' title='bbox 598 2120 790 2202; x_wconf 78' lang='grc' dir='ltr'>ἐπιβήτορας,</span> <span class='ocrx_word' id='word_1_126' title='bbox 805 2123 837 2185; x_wconf 79' lang='grc' dir='ltr'>οἵ</span> <span class='ocrx_word' id='word_1_127' title='bbox 851 2146 884 2184; x_wconf 97' lang='grc' dir='ltr'>κε</span> <span class='ocrx_word' id='word_1_128' title='bbox 898 2120 1030 2204; x_wconf 83' lang='grc' dir='ltr'>τάχιστα</span> 
     </span>
    </p>

    <p class='ocr_par' dir='ltr' id='par_1_10' title="bbox 265 2224 893 2308">
     <span class='ocr_line' id='line_1_19' title="bbox 265 2224 893 2308; baseline -0.005 -16"><span class='ocrx_word' id='word_1_129' title='bbox 265 2229 385 2308; x_wconf 83' lang='grc' dir='ltr'>ἔκριναν</span> <span class='ocrx_word' id='word_1_130' title='bbox 399 2226 477 2307; x_wconf 83' lang='grc' dir='ltr'>μέγα</span> <span class='ocrx_word' id='word_1_131' title='bbox 493 2233 590 2291; x_wconf 83' lang='grc' dir='ltr'>νεῖκος</span> <span class='ocrx_word' id='word_1_132' title='bbox 605 2224 722 2306; x_wconf 80' lang='grc' dir='ltr'>ὁμοιΐου</span> <span class='ocrx_word' id='word_1_133' title='bbox 737 2224 893 2304; x_wconf 89' lang='grc' dir='ltr'>πολέμοιο.</span> 
     </span>
    </p>

    <p class='ocr_par' dir='ltr' id='par_1_11' title="bbox 264 2326 1213 2619">
     <span class='ocr_line' id='line_1_20' title="bbox 265 2326 1213 2416; baseline -0.005 -24"><span class='ocrx_word' id='word_1_134' title='bbox 265 2329 306 2416; x_wconf 75' lang='grc' dir='ltr'>τῷ</span> <span class='ocrx_word' id='word_1_135' title='bbox 317 2331 368 2394; x_wconf 83' lang='grc' dir='ltr'>οὐκ</span> <span class='ocrx_word' id='word_1_136' title='bbox 385 2329 441 2393; x_wconf 85' lang='grc' dir='ltr'>οἶδ’</span> <span class='ocrx_word' id='word_1_137' title='bbox 458 2331 487 2392; x_wconf 85' lang='grc' dir='ltr'>εί</span> <span class='ocrx_word' id='word_1_138' title='bbox 501 2329 551 2392; x_wconf 86' lang='grc' dir='ltr'>κέν</span> <span class='ocrx_word' id='word_1_139' title='bbox 569 2326 599 2409; x_wconf 88' lang='grc' dir='ltr'>μ’</span> <span class='ocrx_word' id='word_1_140' title='bbox 615 2327 718 2394; x_wconf 83' lang='grc' dir='ltr'>ἀνέσει</span> <span class='ocrx_word' id='word_1_141' title='bbox 734 2329 811 2404; x_wconf 88' lang='grc' dir='ltr'>θεός,</span> <span class='ocrx_word' id='word_1_142' title='bbox 828 2327 846 2406; x_wconf 85' lang='grc' dir='ltr'>ή</span> <span class='ocrx_word' id='word_1_143' title='bbox 863 2352 915 2391; x_wconf 96' lang='grc' dir='ltr'>κεν</span> <span class='ocrx_word' id='word_1_144' title='bbox 929 2328 1019 2391; x_wconf 83' lang='grc' dir='ltr'>ἀλόω</span> <span class='ocrx_word' id='word_1_145' title='bbox 1164 2339 1213 2401; x_wconf 81' lang='lat'>265</span> 
     </span>
     <span class='ocr_line' id='line_1_21' title="bbox 265 2430 1060 2520; baseline -0.003 -23"><span class='ocrx_word' id='word_1_146' title='bbox 265 2434 353 2498; x_wconf 77' lang='grc' dir='ltr'>αὐτοῦ</span> <span class='ocrx_word' id='word_1_147' title='bbox 370 2431 413 2497; x_wconf 77' lang='grc' dir='ltr'>ἐνὶ</span> <span class='ocrx_word' id='word_1_148' title='bbox 429 2434 533 2520; x_wconf 84' lang='grc' dir='ltr'>Τροίῃ·</span> <span class='ocrx_word' id='word_1_149' title='bbox 557 2430 607 2496; x_wconf 78' lang='grc' dir='ltr'>σοὶ</span> <span class='ocrx_word' id='word_1_150' title='bbox 623 2432 648 2496; x_wconf 88' lang='grc' dir='ltr'>δ’</span> <span class='ocrx_word' id='word_1_151' title='bbox 665 2430 770 2496; x_wconf 86' lang='grc' dir='ltr'>ένθάδε</span> <span class='ocrx_word' id='word_1_152' title='bbox 785 2431 883 2494; x_wconf 79' lang='grc' dir='ltr'>πάντα</span> <span class='ocrx_word' id='word_1_153' title='bbox 897 2431 1060 2511; x_wconf 83' lang='grc' dir='ltr'>μελόντων.</span> 
     </span>
     <span class='ocr_line' id='line_1_22' title="bbox 264 2533 1004 2619; baseline -0.005 -18"><span class='ocrx_word' id='word_1_154' title='bbox 264 2540 434 2619; x_wconf 83' lang='grc' dir='ltr'>μεμνῆσθαι</span> <span class='ocrx_word' id='word_1_155' title='bbox 448 2543 559 2618; x_wconf 88' lang='grc' dir='ltr'>πατρὸς</span> <span class='ocrx_word' id='word_1_156' title='bbox 575 2537 624 2600; x_wconf 88' lang='grc' dir='ltr'>καὶ</span> <span class='ocrx_word' id='word_1_157' title='bbox 638 2535 763 2616; x_wconf 88' lang='grc' dir='ltr'>μητέρος</span> <span class='ocrx_word' id='word_1_158' title='bbox 779 2535 811 2598; x_wconf 81' lang='grc' dir='ltr'>έν</span> <span class='ocrx_word' id='word_1_159' title='bbox 825 2533 1004 2618; x_wconf 77' lang='grc' dir='ltr'>μεγάροισιν</span> 
     </span>
    </p>

    <p class='ocr_par' dir='ltr' id='par_1_12' title="bbox 266 2637 1010 2720">
     <span class='ocr_line' id='line_1_23' title="bbox 266 2637 1010 2720; baseline 0.001 -16"><span class='ocrx_word' id='word_1_160' title='bbox 266 2642 305 2707; x_wconf 81' lang='grc' dir='ltr'>ὡς</span> <span class='ocrx_word' id='word_1_161' title='bbox 321 2647 382 2717; x_wconf 80' lang='grc' dir='ltr'>νῦν,</span> <span class='ocrx_word' id='word_1_162' title='bbox 397 2637 415 2718; x_wconf 81' lang='grc' dir='ltr'>ἢ</span> <span class='ocrx_word' id='word_1_163' title='bbox 433 2642 477 2703; x_wconf 82' lang='grc' dir='ltr'>ἔτι</span> <span class='ocrx_word' id='word_1_164' title='bbox 491 2645 612 2720; x_wconf 80' lang='grc' dir='ltr'>μᾶλλον</span> <span class='ocrx_word' id='word_1_165' title='bbox 627 2641 696 2720; x_wconf 84' lang='grc' dir='ltr'>έμεΰ</span> <span class='ocrx_word' id='word_1_166' title='bbox 711 2639 885 2717; x_wconf 85' lang='grc' dir='ltr'>ἀπονόσφιν</span> <span class='ocrx_word' id='word_1_167' title='bbox 900 2640 1010 2705; x_wconf 76' lang='grc' dir='ltr'>ἐόντος·</span> 
     </span>
    </p>

    <p class='ocr_par' dir='ltr' id='par_1_13' title="bbox 266 2741 925 2825">
     <span class='ocr_line' id='line_1_24' title="bbox 266 2741 925 2825; baseline -0.005 -17"><span class='ocrx_word' id='word_1_168' title='bbox 266 2745 359 2825; x_wconf 85' lang='grc' dir='ltr'>αύτάρ</span> <span class='ocrx_word' id='word_1_169' title='bbox 374 2744 450 2822; x_wconf 78' lang='grc' dir='ltr'>ἐπήν</span> <span class='ocrx_word' id='word_1_170' title='bbox 465 2744 499 2822; x_wconf 81' lang='grc' dir='ltr'>δή</span> <span class='ocrx_word' id='word_1_171' title='bbox 516 2749 607 2807; x_wconf 87' lang='grc' dir='ltr'>παῖδα</span> <span class='ocrx_word' id='word_1_172' title='bbox 622 2741 819 2823; x_wconf 85' lang='grc' dir='ltr'>γενειήσαντα</span> <span class='ocrx_word' id='word_1_173' title='bbox 835 2743 925 2820; x_wconf 86' lang='grc' dir='ltr'>ίδηαι,</span> 
     </span>
    </p>

    <p class='ocr_par' dir='ltr' id='par_1_14' title="bbox 266 2845 1214 3031">
     <span class='ocr_line' id='line_1_25' title="bbox 266 2845 1214 2932; baseline -0.002 -21"><span class='ocrx_word' id='word_1_174' title='bbox 266 2847 398 2928; x_wconf 88' lang='grc' dir='ltr'>γήμασθ’</span> <span class='ocrx_word' id='word_1_175' title='bbox 418 2845 440 2932; x_wconf 76' lang='grc' dir='ltr'>ᾧ</span> <span class='ocrx_word' id='word_1_176' title='bbox 457 2845 482 2910; x_wconf 91' lang='grc' dir='ltr'>κ’</span> <span class='ocrx_word' id='word_1_177' title='bbox 499 2846 658 2932; x_wconf 77' lang='grc' dir='ltr'>ἐθέλῃσθα,</span> <span class='ocrx_word' id='word_1_178' title='bbox 674 2851 741 2909; x_wconf 86' lang='grc' dir='ltr'>τεὸν</span> <span class='ocrx_word' id='word_1_179' title='bbox 757 2849 832 2909; x_wconf 78' lang='grc' dir='ltr'>κατὰ</span> <span class='ocrx_word' id='word_1_180' title='bbox 847 2851 929 2924; x_wconf 82' lang='grc' dir='ltr'>δῶμα</span> <span class='ocrx_word' id='word_1_181' title='bbox 944 2845 1096 2910; x_wconf 61' lang='grc' dir='ltr'>λιποῦσα]</span> <span class='ocrx_word' id='word_1_182' title='bbox 1166 2867 1214 2920; x_wconf 81' lang='lat'>270</span> 
     </span>
     <span class='ocr_line' id='line_1_26' title="bbox 267 2947 1034 3031; baseline -0.001 -17"><span class='ocrx_word' id='word_1_183' title='bbox 267 2956 364 3017; x_wconf 82' lang='grc' dir='ltr'>κεῖνος</span> <span class='ocrx_word' id='word_1_184' title='bbox 379 2951 437 3016; x_wconf 81' lang='grc' dir='ltr'>τὼς</span> <span class='ocrx_word' id='word_1_185' title='bbox 453 2950 586 3031; x_wconf 88' lang='grc' dir='ltr'>ἀγόρευε·</span> <span class='ocrx_word' id='word_1_186' title='bbox 610 2948 648 3012; x_wconf 83' lang='grc' dir='ltr'>τὰ</span> <span class='ocrx_word' id='word_1_187' title='bbox 663 2948 697 3026; x_wconf 80' lang='grc' dir='ltr'>δὴ</span> <span class='ocrx_word' id='word_1_188' title='bbox 714 2953 766 3011; x_wconf 82' lang='grc' dir='ltr'>νῦν</span> <span class='ocrx_word' id='word_1_189' title='bbox 780 2947 879 3012; x_wconf 81' lang='grc' dir='ltr'>πάντα</span> <span class='ocrx_word' id='word_1_190' title='bbox 894 2953 1034 3013; x_wconf 87' lang='grc' dir='ltr'>τελεῖται.</span> 
     </span>
    </p>
   </div>
   <div class='ocr_carea' id='block_1_5' title="bbox 267 3043 1214 3757">
    <p class='ocr_par' dir='ltr' id='par_1_15' title="bbox 267 3043 1071 3238">
     <span class='ocr_line' id='line_1_27' title="bbox 267 3043 1071 3134; baseline -0.001 -17"><span class='ocrx_word' id='word_1_191' title='bbox 267 3053 323 3130; x_wconf 78' lang='grc' dir='ltr'>νὺξ</span> <span class='ocrx_word' id='word_1_192' title='bbox 336 3054 361 3117; x_wconf 91' lang='grc' dir='ltr'>δ’</span> <span class='ocrx_word' id='word_1_193' title='bbox 378 3053 465 3117; x_wconf 82' lang='grc' dir='ltr'>ἔσται</span> <span class='ocrx_word' id='word_1_194' title='bbox 480 3053 530 3116; x_wconf 83' lang='grc' dir='ltr'>ὅτε</span> <span class='ocrx_word' id='word_1_195' title='bbox 546 3053 582 3132; x_wconf 76' lang='grc' dir='ltr'>δή</span> <span class='ocrx_word' id='word_1_196' title='bbox 600 3051 744 3134; x_wconf 85' lang='grc' dir='ltr'>στυγερὸς</span> <span class='ocrx_word' id='word_1_197' title='bbox 754 3049 851 3133; x_wconf 88' lang='grc' dir='ltr'>γόμος</span> <span class='ocrx_word' id='word_1_198' title='bbox 869 3043 1071 3133; x_wconf 88' lang='grc' dir='ltr'>ἀντιβολήσει</span> 
     </span>
     <span class='ocr_line' id='line_1_28' title="bbox 268 3149 1025 3238; baseline -0.001 -19"><span class='ocrx_word' id='word_1_199' title='bbox 268 3149 432 3238; x_wconf 83' lang='grc' dir='ltr'>οὐλομένης</span> <span class='ocrx_word' id='word_1_200' title='bbox 448 3157 563 3237; x_wconf 75' lang='grc' dir='ltr'>ἐμέθεν,</span> <span class='ocrx_word' id='word_1_201' title='bbox 580 3160 634 3236; x_wconf 78' lang='grc' dir='ltr'>τῆς</span> <span class='ocrx_word' id='word_1_202' title='bbox 646 3182 677 3221; x_wconf 89' lang='grc' dir='ltr'>τε</span> <span class='ocrx_word' id='word_1_203' title='bbox 694 3155 769 3222; x_wconf 85' lang='grc' dir='ltr'>Ζεὺς</span> <span class='ocrx_word' id='word_1_204' title='bbox 784 3157 883 3236; x_wconf 86' lang='grc' dir='ltr'>ὄλβον</span> <span class='ocrx_word' id='word_1_205' title='bbox 898 3156 1025 3236; x_wconf 84' lang='grc' dir='ltr'>ἀπηύρα.</span> 
     </span>
    </p>

    <p class='ocr_par' dir='ltr' id='par_1_16' title="bbox 268 3257 1214 3653">
     <span class='ocr_line' id='line_1_29' title="bbox 268 3257 1051 3342; baseline 0.003 -20"><span class='ocrx_word' id='word_1_206' title='bbox 268 3259 350 3323; x_wconf 85' lang='grc' dir='ltr'>ἀλλά</span> <span class='ocrx_word' id='word_1_207' title='bbox 365 3258 425 3324; x_wconf 91' lang='grc' dir='ltr'>τόδ’</span> <span class='ocrx_word' id='word_1_208' title='bbox 441 3261 524 3325; x_wconf 85' lang='grc' dir='ltr'>οίνδν</span> <span class='ocrx_word' id='word_1_209' title='bbox 540 3260 613 3342; x_wconf 82' lang='grc' dir='ltr'>ἀχος</span> <span class='ocrx_word' id='word_1_210' title='bbox 630 3262 752 3341; x_wconf 86' lang='grc' dir='ltr'>κραδίην</span> <span class='ocrx_word' id='word_1_211' title='bbox 768 3262 816 3323; x_wconf 87' lang='grc' dir='ltr'>καὶ</span> <span class='ocrx_word' id='word_1_212' title='bbox 835 3264 929 3340; x_wconf 83' lang='grc' dir='ltr'>θυμὸν</span> <span class='ocrx_word' id='word_1_213' title='bbox 945 3257 1051 3324; x_wconf 83' lang='grc' dir='ltr'>ἱκάνει·</span> 
     </span>
     <span class='ocr_line' id='line_1_30' title="bbox 268 3361 1214 3448; baseline -0.004 -22"><span class='ocrx_word' id='word_1_214' title='bbox 268 3361 447 3444; x_wconf 87' lang='grc' dir='ltr'>μνηστήρων</span> <span class='ocrx_word' id='word_1_215' title='bbox 462 3364 518 3448; x_wconf 79' lang='grc' dir='ltr'>οὐχ</span> <span class='ocrx_word' id='word_1_216' title='bbox 533 3364 586 3442; x_wconf 83' lang='grc' dir='ltr'>ἥδε</span> <span class='ocrx_word' id='word_1_217' title='bbox 602 3364 666 3442; x_wconf 86' lang='grc' dir='ltr'>δίκη</span> <span class='ocrx_word' id='word_1_218' title='bbox 682 3363 717 3427; x_wconf 85' lang='grc' dir='ltr'>τὸ</span> <span class='ocrx_word' id='word_1_219' title='bbox 733 3363 858 3444; x_wconf 86' lang='grc' dir='ltr'>πάροιθε</span> <span class='ocrx_word' id='word_1_220' title='bbox 873 3362 1004 3440; x_wconf 87' lang='grc' dir='ltr'>τέτυκτο,</span> <span class='ocrx_word' id='word_1_221' title='bbox 1166 3385 1214 3438; x_wconf 78' lang='lat'>²75</span> 
     </span>
     <span class='ocr_line' id='line_1_31' title="bbox 269 3465 1028 3550; baseline 0 -19"><span class='ocrx_word' id='word_1_222' title='bbox 269 3469 300 3531; x_wconf 81' lang='grc' dir='ltr'>οἵ</span> <span class='ocrx_word' id='word_1_223' title='bbox 312 3467 337 3529; x_wconf 91' lang='grc' dir='ltr'>τ’</span> <span class='ocrx_word' id='word_1_224' title='bbox 356 3466 473 3549; x_wconf 88' lang='grc' dir='ltr'>ἀγαθήν</span> <span class='ocrx_word' id='word_1_225' title='bbox 488 3494 521 3532; x_wconf 88' lang='grc' dir='ltr'>τε</span> <span class='ocrx_word' id='word_1_226' title='bbox 535 3474 661 3550; x_wconf 81' lang='grc' dir='ltr'>γυναῖκα</span> <span class='ocrx_word' id='word_1_227' title='bbox 677 3465 725 3532; x_wconf 76' lang='grc' dir='ltr'>καί</span> <span class='ocrx_word' id='word_1_228' title='bbox 742 3469 880 3549; x_wconf 85' lang='grc' dir='ltr'>ἀφνειοῖο</span> <span class='ocrx_word' id='word_1_229' title='bbox 897 3466 1028 3549; x_wconf 86' lang='grc' dir='ltr'>θύγατρα</span> 
     </span>
     <span class='ocr_line' id='line_1_32' title="bbox 268 3569 987 3653; baseline 0.001 -20"><span class='ocrx_word' id='word_1_230' title='bbox 268 3571 445 3650; x_wconf 87' lang='grc' dir='ltr'>μνηστεύειν</span> <span class='ocrx_word' id='word_1_231' title='bbox 461 3571 590 3635; x_wconf 80' lang='grc' dir='ltr'>ἐθέλωσι</span> <span class='ocrx_word' id='word_1_232' title='bbox 606 3570 653 3636; x_wconf 75' lang='grc' dir='ltr'>καί</span> <span class='ocrx_word' id='word_1_233' title='bbox 669 3569 816 3650; x_wconf 85' lang='grc' dir='ltr'>ἀλλήλοις</span> <span class='ocrx_word' id='word_1_234' title='bbox 831 3570 987 3653; x_wconf 91' lang='grc' dir='ltr'>ε’ρίσωσιυ·</span> 
     </span>
    </p>

    <p class='ocr_par' dir='ltr' id='par_1_17' title="bbox 269 3672 977 3757">
     <span class='ocr_line' id='line_1_33' title="bbox 269 3672 977 3757; baseline -0.001 -19"><span class='ocrx_word' id='word_1_235' title='bbox 269 3673 352 3739; x_wconf 83' lang='grc' dir='ltr'>αὐτοὶ</span> <span class='ocrx_word' id='word_1_236' title='bbox 367 3676 415 3738; x_wconf 87' lang='grc' dir='ltr'>τοί</span> <span class='ocrx_word' id='word_1_237' title='bbox 428 3674 457 3757; x_wconf 89' lang='grc' dir='ltr'>γ’</span> <span class='ocrx_word' id='word_1_238' title='bbox 473 3675 626 3755; x_wconf 83' lang='grc' dir='ltr'>ἀπάγουσι</span> <span class='ocrx_word' id='word_1_239' title='bbox 641 3679 720 3754; x_wconf 88' lang='grc' dir='ltr'>βόας</span> <span class='ocrx_word' id='word_1_240' title='bbox 737 3672 785 3740; x_wconf 80' lang='grc' dir='ltr'>καὶ</span> <span class='ocrx_word' id='word_1_241' title='bbox 800 3679 870 3756; x_wconf 84' lang='grc' dir='ltr'>ίφια</span> <span class='ocrx_word' id='word_1_242' title='bbox 883 3676 977 3752; x_wconf 82' lang='grc' dir='ltr'>μῆλα,</span> 
     </span>
    </p>
   </div>
   <div class='ocr_carea' id='block_1_6' title="bbox 0 0 1409 4230">
    <p class='ocr_par' dir='ltr' id='par_1_18' title="bbox 0 0 1409 4230">
     <span class='ocr_line' id='line_1_34' title="bbox 0 0 1409 4230; baseline 0 0"><span class='ocrx_word' id='word_1_243' title='bbox 0 0 1409 4230; x_wconf 95' lang='lat' dir='ltr'> </span> 
     </span>
    </p>
   </div>
  </div>
 </body>
</html>
