2746 4228
504 373 534 438 3·
559 359 729 419 ικικοον
753 361 786 420 r.

174 525 233 604 πδρ
248 522 283 586 δέ
297 525 326 587 οί
340 522 492 606 Ἀντήνωρ
511 525 699 606 περικαλλέα
714 525 831 606 βήσετο
847 529 965 609 δίφρον.

173 626 213 688 τὸ
230 624 287 704 μὲν
301 625 348 707 ἀρ’
364 627 494 709 ἀφορροι
511 631 599 710 προτὶ
613 628 711 694 Ἴλιον
726 630 900 695 ἀπονέοντο·
1017 713 1020 718 Δ

168 727 286 811 Ἕκτωρ
301 731 334 794 δὲ
350 729 500 810 Πριάμοιο
517 730 588 797 πάϊς
605 732 654 794 καὶ
669 736 733 798 δῖος
749 729 915 799 Ὀδυσσεὺς

172 838 272 913 χῶρον
285 837 342 912 μὲν
356 839 474 916 πρῶτον
491 835 670 916 διεμέτρεον,
688 835 779 917 αὐτὰρ
799 836 903 900 ἔπειτα
1069 864 1115 914 315

174 936 300 1018 κλήρους
315 942 349 1002 ἐν
365 937 452 1024 κυνέη
468 936 616 1020 χαλκήρεϊ
632 937 754 1003 πάλλον
771 940 900 1017 ἑλόντες,

173 1041 339 1121 ὁππότερος
351 1041 387 1120 δή
403 1041 537 1122 πρόσθεν
553 1041 645 1122 ἀφείη
661 1040 795 1124 χάλκεον
811 1042 911 1124 ἔγχος.

172 1143 242 1206 λαοὶ
257 1143 282 1205 δ’
299 1141 460 1224 ἠρήσαντο,
477 1147 576 1207 θεοῖσι
591 1147 625 1207 δὲ
640 1149 744 1225 χεῖρας
761 1142 903 1227 ἀνέσχον,

173 1246 228 1309 ὧδε
244 1247 278 1309 δέ
292 1270 338 1310 τις
353 1248 494 1309 εἴπεσκεν
508 1246 644 1328 Ἀχαιῶν
658 1272 693 1310 τε
707 1247 819 1326 Τρόων
833 1267 877 1310 τε·

174 1353 191 1381 “
202 1351 261 1410 Ζεῦ
276 1348 378 1428 πάτερ,
393 1347 511 1428 Ἴδηθεν
525 1349 649 1428 μεδέων,
666 1349 787 1413 κύδιστε
800 1349 934 1432 μέγιστε,
1068 1375 1116 1425 320

173 1450 339 1532 ὁππότερος
354 1449 425 1514 τάδε
440 1451 513 1533 ἔργα
527 1450 591 1529 μετ’
609 1449 827 1531 ἀμφοτέροισιν
842 1453 940 1532 ἔθηκε,

172 1551 224 1614 τὸν
239 1551 290 1617 δὸς
306 1553 515 1634 ἀποφθίμενον
529 1559 614 1616 δῦναι
629 1554 723 1634 δόμον
735 1554 838 1621 Ἀϊδος
853 1559 938 1629 είσω,

172 1652 242 1734 ἡμῖν
257 1655 282 1718 δ’
299 1656 336 1720 αὗ
351 1657 503 1738 φιλότητα
518 1658 567 1721 καὶ
583 1659 669 1738 όρκιο
684 1657 778 1721 πιστὰ
793 1656 969 1740 γενέσθαι.”

209 1756 273 1823 Ὣς
286 1759 331 1840 ἀρ’
348 1761 436 1841 ἔφαν,
453 1759 571 1824 πάλλεν
590 1762 623 1824 δὲ
637 1754 944 1842 μέγαςκορυθαίολος
956 1761 1074 1841 Ἕκτωρ

172 1860 219 1942 ἂψ
235 1863 338 1944 ὁρόων·
362 1862 477 1944 Πάριος
495 1863 528 1927 δὲ
543 1868 619 1928 θοῶς
635 1865 667 1926 ἐκ
684 1867 793 1944 κλήρος
808 1866 943 1944 ὄρουσεν.
1065 1889 1113 1938 3²5

173 1965 270 2042 οἱμὲν
285 1964 380 2029 ἔπειθ’
396 1966 495 2043 ἵζοντο
515 1969 591 2028 κατὰ
607 1966 725 2048 στίχας,
745 1967 798 2048 ἧχι
814 1965 931 2051 ἑκάστῳ

172 2071 258 2132 ίπποι
274 2070 452 2150 ἀερσίποδες
468 2070 516 2132 καὶ
535 2070 658 2132 ποικίλα
673 2068 769 2152 τείχε’
787 2069 893 2133 ἔκειτο·

173 2171 263 2251 αὐτὰρ
279 2173 296 2234 ό
311 2171 338 2254 γ’
356 2171 429 2253 ἀμφ’
447 2171 574 2250 ὤμοισιν
590 2171 714 2236 ἐδύσετο
729 2171 838 2254 τεύχεα
854 2174 933 2233 καλδ

172 2275 233 2338 δῖος
253 2268 461 2354 Ἀλέξανδρος,
475 2271 602 2350 Ἑλένης
618 2271 709 2338 πόσις
723 2271 877 2352 ἠϋκόμοιο.

172 2379 313 2454 κνημῖδας
326 2375 382 2455 μὲν
397 2380 499 2454 πρῶτα
514 2376 582 2455 περὶ
597 2372 746 2462 κνήμῃσιν
761 2376 850 2455 ἔθηκε
1064 2399 1113 2450 330

171 2477 276 2552 καλάς,
292 2476 484 2560 ἀργυρέοισιν
500 2480 693 2559 ἐπισφυρίοις
708 2478 858 2560 ἀραρυίας·

169 2582 308 2661 δεύτερον
322 2581 359 2642 αὖ
375 2580 493 2660 θώρηκα
507 2582 575 2661 περὶ
592 2579 760 2658 στήθεσσιν
776 2581 878 2644 ἔδυνεν

169 2687 215 2749 οἶα
231 2683 426 2769 κασιγνήτοιο
442 2683 602 2750 Λυκάονος·
624 2684 740 2765 ἥρμοσε
754 2683 779 2747 δ’
797 2684 886 2769 αὐτῷ.

168 2790 247 2868 ἀμφὶ
262 2787 287 2850 δ’
304 2786 350 2869 ἀρ’
366 2786 495 2865 ὤμοισιν
508 2785 625 2867 βάλετο
642 2785 731 2868 ξίφος
746 2787 935 2868 ἀργυρόηλον

166 2890 309 2974 χάλκεον,
326 2889 418 2970 αὐτὰρ
433 2890 537 2954 ἔπειτα
552 2888 645 2956 σάκος
659 2889 739 2971 μέγα
752 2913 785 2953 τε
801 2890 949 2970 στιβαρόν
965 2906 1006 2953 τε·
1061 2915 1110 2963 335

168 2995 252 3074 κρατὶ
267 2992 292 3057 δ’
309 2992 355 3056 ἐπ’
373 2994 486 3077 ἰφθίμῳ
503 2991 609 3071 κυνέην
626 2992 765 3057 εὔτυκτον
780 2992 888 3070 ἔθηκεν

167 3099 317 3175 ίππουριυ·
341 3093 440 3161 δεινὸν
455 3096 487 3159 δὲ
502 3101 601 3176 λόφος
617 3095 801 3175 καθύπερθεν
815 3095 926 3159 ἔνευεν·

167 3203 268 3265 είλετο
284 3197 308 3263 δ’
326 3199 455 3276 ἄλκιμον
472 3197 571 3280 ἔγχος,
589 3199 607 3260 ό
622 3199 651 3260 οί
666 3198 847 3278 παλάμηφιν
862 3196 974 3278 ἀρήρει.

167 3304 207 3370 ὣς
221 3302 246 3366 δ’
263 3302 358 3368 οὕτως
374 3300 533 3367 Μενέλαος
547 3299 669 3382 Ἀρήϊος
685 3299 759 3366 ἔντε’
776 3301 888 3366 ἔδυνεν.

210 3408 251 3470 Οἱ
265 3405 291 3468 δ’
308 3405 374 3470 ἐπεὶ
391 3404 442 3469 οὖν
457 3403 615 3484 ἑκάτερθεν
630 3405 737 3483 ὁμίλου
752 3402 963 3485 θωρήχθησαν,
1061 3429 1111 3480 340

165 3507 198 3574 ἐς
211 3506 328 3586 μέσσου
342 3507 455 3588 Τρόων
470 3508 519 3572 καί
533 3506 669 3589 Ἀχαιῶν
684 3507 869 3589 ἐστιχόωντο

165 3609 265 3673 δεινὸν
280 3610 462 3691 δερκόμενοι·
486 3608 604 3689 θάμβος
619 3608 643 3672 δ’
661 3609 732 3693 ἔχεν
748 3608 946 3688 εἰσορόωντας

164 3711 269 3792 Τρῶάς
285 3712 310 3775 θ’
329 3711 514 3791 ἱπποδάμους
531 3714 580 3778 καὶ
596 3710 772 3792 ἐϋκνήμιδας
787 3711 940 3793 Ἀχαιούς.
