2746 4228
491 365 520 413 ι.
546 353 716 412 ιΛιΑΔοΣ
741 353 773 413 ο.
1066 364 1107 433 35

163 523 256 600 ίομεν,
273 521 354 602 ὄφρα
368 544 403 583 κε
419 521 537 582 θᾶσσον
553 518 708 600 ἐγείρομεν
724 517 795 597 ὀξὺν
807 517 934 600 ΙἈρηα.”
1059 546 1108 591 440

200 623 263 689 Ὣς
280 621 376 704 ἔφατ’,
394 621 455 685 οὐδ’
473 622 623 700 ἀπίθησεν
639 620 717 700 άναξ
730 623 845 703 ἀνδρῶν
860 619 1066 704 Ἀγαμέμνων.

164 727 270 790 αὐτίκα
285 725 449 806 κηρύκεσσι
464 725 704 807 λιγυφθόγγοισι
722 723 849 790 κέλευσε

164 829 328 910 κηρύσσειν
342 828 511 908 πόλεμόνδε
527 826 600 909 κάρη
619 829 788 907 κομόωντας
802 828 955 910 Ἀχαιούς·

163 935 194 994 οἱ
206 934 263 1009 μέν
278 930 456 1014 ἐκήρυσσον,
472 933 520 995 τοί
535 931 560 995 δ’
576 931 733 1013 ἠγείροντο
747 929 819 1011 μάλ’
838 929 910 995 ὦκα.

164 1037 193 1098 οἰ
208 1034 233 1099 δ’
251 1033 325 1116 ἀμφ’
341 1033 505 1117 Ἀτρείωνα
520 1032 693 1116 διοτρεφέες
707 1037 859 1114 βασιλῆες
1059 1061 1108 1111 445

164 1142 254 1203 θῦνον
268 1138 427 1220 κρίνοντες,
443 1140 520 1217 μετδ
534 1140 567 1200 δέ
581 1142 756 1218 γλαυκῶπις
769 1135 893 1216 Ἀθήνη,

165 1240 254 1322 αἰγίδ’
271 1240 375 1324 έχουσ’
391 1241 524 1324 ἐρίτιμον
539 1239 658 1323 ἀγήρων
673 1238 825 1319 ἀθανάτην
838 1265 882 1313 τε,

164 1347 217 1422 τῆς
232 1344 339 1408 έκατδν
354 1343 480 1410 θύσανοι
495 1343 683 1427 παγχρύσεοι
698 1342 881 1426 ἠερέθονται,

165 1444 275 1514 πάντες
290 1445 459 1520 ἐϋπλεκέες,
477 1447 676 1526 ἑκατόμβοιος
691 1448 724 1510 δέ
740 1447 877 1518 ἕκαστος·

165 1547 221 1614 σὺν
235 1551 272 1636 τῇ
286 1549 511 1631 παιφάσσουσα
526 1549 669 1614 διέσσυτο
683 1549 761 1614 λαδν
774 1548 910 1632 Ἀχαιῶν
1060 1575 1109 1625 450

165 1652 319 1734 ὀτρύνονσ’
336 1652 422 1718 ἰέναι·
445 1656 480 1719 ἐν
493 1655 527 1718 δέ
543 1652 650 1720 σθένος
666 1651 766 1735 ὦρσεν
778 1652 896 1737 ἑκάστῳ

166 1756 269 1842 καρδίη
284 1757 439 1835 ἄλληκτον
453 1757 627 1836 πολεμίζειν
641 1756 694 1835 ήδέ
708 1755 872 1840 μάχεσθαι.

164 1863 245 1923 τοῖσι
260 1858 286 1923 δ’
302 1859 386 1942 άφαρ
401 1860 535 1940 πόλεμος
549 1860 682 1942 γλυκίων
696 1858 792 1942 γένετ’
808 1859 843 1938 ἠέ
858 1857 980 1925 νέεσθαι

166 1962 198 2026 έν
213 1963 302 2040 νηνσί
316 1963 495 2048 γλαφυρῇσι
510 1962 608 2043 φίλην
622 1963 654 2028 ἐς
668 1962 797 2044 πατρίδα
811 1966 910 2043 γαῖαν.

207 2061 302 2129 Ἠύτε
318 2069 376 2147 πῦρ
391 2062 518 2144 ἀίδηλον
533 2063 695 2147 ἐπιφλέγει
711 2065 845 2131 ἄσπετον
859 2067 936 2144 ὕλην
1058 2087 1108 2139 455

167 2167 267 2248 ούρεος
282 2169 317 2232 ἐν
330 2169 474 2254 κορυφῇς,
490 2168 598 2235 έκαθευ
613 2167 647 2232 δέ
661 2194 695 2234 τε
710 2169 852 2252 φαίνεται
867 2166 952 2252 αιἰγή,

167 2270 205 2334 ῶς
219 2275 280 2334 τῶν
295 2269 468 2353 ἐρχομένων
483 2271 543 2335 (ἰπδ
558 2277 676 2355 χαλκοῦ
691 2271 869 2336 θεσπεσίοιο

166 2373 256 2454 αἴγλη
271 2373 486 2454 παμφανόωσα
500 2374 538 2438 δι’
555 2373 674 2456 αἰθέρος
690 2374 816 2456 ούρανδν
831 2375 887 2438 ἰκε.

206 2480 276 2540 Τῶν
291 2475 327 2548 δ’,
344 2476 385 2541 ὥς
398 2476 424 2540 τ’
441 2477 568 2558 ὀρνίθων
582 2483 735 2556 πετεηνῶν
751 2478 840 2542 ἔθνεα
853 2473 966 2548 πολλά,

164 2583 266 2660 χηνῶν
279 2574 299 2656 ἢ
314 2577 450 2660 γεράνων
463 2576 482 2656 ἢ
499 2579 612 2645 κύκνων
628 2581 870 2663 δουλιχοδείρων,
1058 2589 1108 2650 460

164 2680 259 2744 Ἀσίω
276 2682 309 2746 ἐν
322 2687 457 2761 λειμῶνι,
475 2683 644 2764 Καϋστρίου
660 2683 738 2763 άμφί
752 2681 870 2765 ῥέεθρα,

165 2785 236 2850 ένθα
252 2783 302 2847 καί
318 2784 391 2849 ἔνθα
405 2789 555 2848 ποτῶνται
573 2785 774 2868 ἀγαλλόμενα
784 2784 977 2866 πτερύγεσσι,

165 2887 337 2970 κλαγγηδὸν
351 2888 603 2970 προκαθιζόντων,
621 2893 771 2971 σμαραγεῖ
785 2886 819 2952 δέ
833 2912 867 2952 τε
882 2886 1004 2966 λειμῶν,

165 2991 204 3056 ῶς
218 2995 278 3055 τῶν
293 2989 382 3055 έθνεα
396 2993 500 3053 πολλὰ
514 2997 590 3056 νεῶν
604 2991 664 3054 άπο
680 2993 729 3056 καί
744 2990 892 3057 κλισιάων

164 3095 195 3160 ἐς
211 3092 316 3158 πεδίον
329 3089 497 3176 προχέοντο
512 3092 727 3176 Σκαμάνδριον·
751 3093 843 3175 αύτδρ
857 3092 915 3156 ύτδ
930 3093 1014 3176 χθὼν
1057 3105 1105 3170 465

164 3193 354 3277 σμερδαλέον
369 3193 511 3275 κονάβιζε
526 3201 628 3261 ποδῶν
642 3196 739 3262 αὐτῶν
753 3221 787 3262 τε
802 3196 851 3259 καί
866 3197 976 3260 ἵππων.

165 3301 259 3364 έσταν
273 3299 298 3362 δ’
315 3301 348 3364 ἐν
362 3304 488 3378 λειμῶνι
503 3300 697 3385 Σκαμανδρίῳ
714 3300 889 3379 ἀνθεμόεντι

162 3401 272 3483 μυρίοι,
289 3401 372 3464 ὅσσα
386 3425 420 3466 τε
434 3400 540 3482 φύλλα
555 3403 604 3466 καὶ
620 3402 712 3467 άνθεα
726 3403 862 3485 γίγνεται
877 3403 947 3490 ὥρη.
1005 3403 1008 3410 ’

207 3500 301 3567 Ἠύτε
313 3499 429 3583 μυιάων
445 3501 573 3568 άδινάων
588 3504 677 3570 έθνεα
692 3503 805 3581 πολλά,

163 3603 199 3666 αἰ
213 3627 246 3667 τε
260 3607 334 3667 κατδ
349 3605 484 3685 σταθμὸν
499 3605 658 3686 ποιμνήϊον
672 3605 860 3685 ἠλάσκουσιν
1055 3631 1105 3684 470

165 3707 228 3790 ὥρη
242 3706 276 3772 ἐν
290 3709 415 3795 εἰαρινῇ,
432 3708 483 3772 ὅτε
498 3733 531 3773 τε
545 3707 661 3792 γλάγος
676 3709 772 3793 άγγεα
786 3708 874 3785 δεύει,

603 3816 624 3866 C
641 3819 659 3866 2
