2908 4232
539 947 932 1022 ΟΔΥΣΣΕΙΑΣ
992 947 1034 1020 Γ.

656 1302 708 1375 Τά
734 1306 772 1376 ἐν
795 1305 917 1400 Πύλῳ.

315 1509 439 1576 Ἠέλιος
455 1509 481 1573 δ’
498 1512 651 1591 ἀνόρουσε,
666 1512 766 1574 λιπὼν
781 1510 964 1592 περικαλλέα
978 1513 1095 1591 λίμνην,

315 1614 439 1693 οὐρανὸν
455 1615 485 1678 ἐς
500 1614 703 1694 πολύχαλκον,
720 1614 757 1678 ἵν’
773 1613 949 1678 ἀθανάτοισι
964 1617 1085 1695 φαείνοι

316 1717 364 1779 καὶ
381 1720 516 1793 θνητοῖσι
532 1721 691 1797 βροτοῖσιν
707 1714 756 1780 ἐπὶ
774 1718 912 1796 ζείδωρον
927 1717 1063 1798 ἄρουραν·

315 1821 342 1881 σί
361 1821 393 1882 δέ
408 1819 523 1895 Πύλον,
535 1822 658 1898 Νηλῆος
675 1821 846 1899 ἐϋκτίμενον
861 1822 1048 1901 πτολίεθρον,

315 1921 390 2001 ἷξον·
421 1925 468 1987 τοὶ
484 1921 509 1987 δ’
527 1925 577 1988 ἐπὶ
593 1923 654 1989 θινὶ
668 1922 826 2002 θαλάσσης
842 1923 907 2004 ἱερὰ
921 1923 1015 2006 ῥέζον.

315 2027 437 2105 ταύρους
454 2026 660 2107 παμμέλανας,
677 2029 850 2109 ἐνοσίχθονι
867 2028 1053 2113 κυανοχαίτῃ.

315 2129 398 2194 ἐννέα
414 2129 439 2193 δ’
456 2131 537 2211 ἕδραι
555 2130 638 2207 ἐσαν,
656 2131 847 2210 πεντηκάσιοι
863 2130 888 2194 δ’
904 2133 937 2194 ἐν
949 2129 1061 2216 ἑκάστῃ
1089 2131 1092 2154 “
1145 2185 1147 2192 .

315 2233 397 2310 ἥατο,
414 2231 462 2296 καὶ
477 2234 645 2316 προύχοντο
662 2233 802 2297 ἑκάστοθι
819 2233 905 2298 ἐννέα
920 2235 1054 2315 ταύρους.

316 2336 376 2400 εὖθ’
393 2339 422 2399 οἱ
440 2336 592 2418 σπλάγχν’
609 2336 771 2415 ἐπάσαντο,
788 2339 843 2420 θεῷ
859 2336 884 2400 δ’
902 2335 951 2400 ἐπὶ
966 2336 1049 2417 μηρί’
1067 2338 1177 2414 έκαιον,

315 2441 345 2502 οἱ
361 2439 386 2502 δ’
404 2440 467 2506 ἰθὺς
484 2439 655 2521 κατάγοντο,
672 2439 708 2505 ἰδ’
726 2441 806 2503 ἱστία
822 2440 892 2517 νηὸς
910 2438 996 2519 ἐΐσης
1233 2467 1265 2506 ιο

316 2548 441 2606 στεῖλαν
457 2544 618 2623 ἀείραντες,
634 2544 689 2623 τὴν
704 2542 729 2606 δ’
743 2545 890 2624 ὥρμισαν,
907 2545 940 2608 ἐκ
956 2542 980 2607 δ’
998 2544 1075 2622 ἔβαν
1091 2544 1182 2608 αὗταί·

316 2649 348 2708 ἐκ
365 2645 390 2709 δ’
407 2645 465 2727 άρα
478 2645 660 2730 Τηλέμαχος
675 2653 745 2725 νηὸς
762 2645 851 2724 θαῖν’,
870 2646 943 2727 ἦρχε
959 2645 985 2710 δ’
1001 2646 1121 2726 Ἀθήνη.

316 2756 369 2815 τὸν
385 2749 511 2832 προτέρη
527 2750 691 2829 προσέειπε
707 2749 762 2814 θεδ
775 2757 949 2832 γλαυκῶπις
964 2749 1087 2830 Ἀθήνη·

360 2861 375 2888 “
385 2853 552 2938 Τηλέμαχ’,
568 2854 601 2917 οὐ
616 2854 670 2934 μέν
686 2880 723 2917 σε
739 2854 796 2935 χρὴ
816 2853 856 2916 ἐτ’
874 2856 974 2920 αἰδοῦς
990 2853 1050 2918 οὐδ’
1066 2855 1186 2933 ἠβαιόν·

316 2959 439 3022 τούνεκα
455 2956 512 3040 γὰρ
528 2959 576 3021 καὶ
595 2959 707 3022 πόντον
721 2958 867 3034 ἐπέπλως,
887 2958 1092 3038 ὄφραπύθηαι
1236 2986 1264 3034 15

316 3063 437 3141 πατρός,
453 3063 529 3125 ὅπου
545 3061 615 3125 κύθε
629 3066 701 3144 γαῖα
717 3056 765 3122 καί
782 3062 815 3122 ὅν
831 3084 898 3123 τινα
915 3061 1029 3140 πότμον
1045 3059 1184 3124 ἐπέσπεν.

317 3163 387 3227 ἀλλ’
403 3163 458 3245 ἄγε
474 3169 526 3230 νῦν
543 3165 606 3230 ἰθὺς
625 3164 670 3227 κίε
687 3161 840 3235 Νέστορος
857 3163 1047 3244 ἱπποδάμοιο·

316 3269 436 3348 εἴδομεν
446 3267 484 3345 ἥν
500 3292 566 3332 τινα
580 3269 669 3344 μῆτιν
685 3268 728 3330 ἐνὶ
745 3265 894 3345 στήθεσσι
910 3266 1039 3331 κέκευθε.

316 3372 485 3435 λίσσεσθαι
500 3370 532 3434 δέ
546 3395 598 3450 μιν
615 3371 709 3444 αὐτάς,
726 3370 806 3436 ὅπως
822 3369 967 3450 νημερτέα
983 3368 1061 3455 είπη·

316 3479 428 3556 ψεῦδος
443 3473 468 3538 δ’
484 3474 535 3537 οὐκ
552 3475 635 3554 ἐρέει·
665 3471 748 3552 μάλα
763 3474 820 3555 γὰρ
835 3470 1022 3551 πεπνυμένος
1037 3471 1132 3536 ἐστί.”
1233 3501 1264 3535 ao

359 3578 424 3656 Τὴν
439 3576 465 3640 δ’
481 3578 518 3638 αὖ
532 3576 713 3658 Τηλέμαχος
728 3575 913 3657 πεπνυμένος
929 3576 1031 3640 άντίον
1045 3576 1129 3654 ηὔδα·

318 3691 334 3716 ⁹⁴
347 3679 477 3756 Μέντορ,
493 3685 556 3744 πῶς
571 3680 596 3740 τ’
612 3679 658 3758 ἄρ’
675 3685 720 3758 ίαν,
736 3688 799 3746 πῶς
815 3678 839 3742 τ’
856 3677 892 3758 ἂρ
908 3678 1135 3760 προσπτύξομαι
1151 3679 1263 3754 αύτόν;
