2760 4232
251 385 315 450 974
649 369 796 430 ΎΜΝΟΙ.

252 539 366 620 πόρπας
381 563 414 602 τε
427 537 584 620 γναμπτάς
600 535 625 601 θ’
642 538 746 605 ἕλικας
761 538 891 604 κόλυκός
907 564 939 602 τε
957 540 1006 602 καὶ
1021 539 1137 619 ὅρμους.

251 648 327 707 λῦσε
343 641 376 706 δέ
391 644 420 704 οἱ
438 643 532 718 ζόνην
547 644 590 706 ἰδὲ
605 643 711 720 είματα
727 640 909 725 σιγαλόεντα

252 749 337 811 ἔκδυε
353 746 400 809 καὶ
416 746 578 825 κατέθηκεν
594 743 643 810 ἐπὶ
662 744 768 827 θρόνου
784 745 971 828 ἀργυροήλου
1152 757 1199 822 165

250 850 408 934 Ἀγχίσης·
432 851 449 912 ὁ
464 849 488 914 δ’
506 850 610 913 ἔπειτα
625 854 702 914 θεῦν
718 852 814 928 ίότητι
830 852 879 914 καὶ
894 853 966 937 αἴσῃ
991 921 993 925 ,

252 952 384 1040 ἀθανάτῃ
400 954 566 1035 παρέλεκτο
582 953 637 1036 θεᾷ
651 957 772 1034 βροτός,
791 954 826 1016 οῦ
842 955 929 1034 σάφα
944 955 1039 1020 εἶδός.

292 1057 393 1138 Ἦμος
409 1059 434 1122 δ’
450 1056 498 1140 ἀφ
513 1059 557 1122 είς
573 1058 661 1120 αῦλιν
676 1058 875 1121 ἀποκλίνουσι
892 1061 999 1137 νομῆες

252 1166 328 1241 βοῦς
342 1187 376 1226 τε
392 1159 439 1225 καὶ
455 1162 524 1242 ίφια
541 1163 623 1240 μῆλα
638 1169 738 1239 νομῦν
753 1158 788 1239 ἐξ
805 1159 1019 1238 ἀνθεμοέντων,

253 1268 345 1344 τῆμος
361 1265 405 1347 ἀρ’
421 1262 553 1350 Ἀγχίσῃ
568 1268 625 1342 μὲν
640 1265 689 1328 ἐπὶ
705 1264 818 1345 γλυκῦν
831 1265 926 1329 ῦπνον
941 1265 1028 1347 ἔχευε
1151 1288 1201 1338 ιηο

254 1368 391 1450 νήδυμον,
408 1368 480 1446 αιἰτὴ
496 1371 529 1432 δὲ
543 1367 614 1451 χροῒ
628 1369 732 1432 ἕννυτο
749 1370 855 1449 είματα
871 1366 960 1430 καλά.

254 1472 404 1553 ἑσσαμένη
420 1471 445 1536 δ’
465 1472 496 1536 εῦ
512 1472 610 1537 πάντα
626 1470 693 1554 περὶ
708 1471 779 1556 χροὶ
792 1477 842 1535 δῖα
860 1470 958 1536 θεάων

255 1577 328 1653 ἔστη
344 1577 401 1656 ἀρα
416 1577 529 1660 κλισίῃ,
546 1575 714 1654 εῦποιήτοιο
727 1573 881 1657 μελάθρου

256 1684 323 1761 κῦρε
339 1678 422 1760 κάρη,
438 1677 551 1744 κάλλος
566 1683 599 1743 δὲ
615 1677 767 1759 παρειάων
781 1678 959 1760 ἀπέλαμπεν

255 1783 417 1864 ἄμβροτον,
433 1779 496 1846 οἶόν
511 1781 537 1844 τ’
554 1779 639 1846 ἐστίν
653 1781 841 1863 ἐϋστεφάνου
856 1783 1028 1862 Κυθερείης.
1152 1805 1200 1857 175

256 1885 292 1966 ἐξ
304 1889 397 1950 ὕπνου
413 1884 439 1948 τ’
454 1885 617 1970 ἀνέγειρεν,
635 1887 707 1953 ἔπος
723 1884 749 1948 τ’
765 1884 851 1967 ἔφατ’
866 1887 899 1950 ἔκ
915 1884 941 1951 τ’
955 1887 1109 1966 ὀνόμαζεν·

296 1989 421 2071 Ὀρσεο,
441 1993 621 2070 Δαρδανίδη·
643 1991 675 2054 τί
690 2017 725 2054 νυ
740 1988 884 2072 νήγρετον
899 1992 993 2055 όπνον
1009 1993 1120 2064 ἰαύεις,Ι
1207 1979 1211 1988 ’

257 2095 305 2158 καὶ
320 2094 446 2174 φράσαι,
464 2097 493 2158 εί
507 2120 553 2158 τοι
570 2094 655 2172 ὁμοίη
673 2095 750 2176 ἐγὼν
766 2093 944 2173 ἰνδάλλομαι
961 2095 1046 2170 εἶναι,

257 2198 324 2275 οίηυ
339 2197 374 2276 δή
388 2222 426 2275 με
440 2197 475 2262 τὸ
491 2205 610 2278 πρῶτον
629 2200 662 2261 ἐν
677 2199 866 2279 ὀφθαλμοῖσι
886 2199 1017 2277 νόησας,·

293 2299 356 2366 Ὣς
374 2299 460 2382 φάθ’·
485 2299 541 2365 ὁδ’
557 2299 593 2380 ἐξ
605 2304 712 2366 ῦπνοιο
726 2301 798 2382 μάλ’
815 2300 971 2381 ἐμμαπέως
986 2301 1166 2365 ὑπάκουσεν.

257 2405 296 2469 ὥς
315 2407 347 2468 δέ
361 2405 425 2468 ίδεν
441 2403 541 2486 δειρήν
559 2431 593 2470 τε
609 2407 659 2469 καὶ
675 2407 791 2485 ὄμματα
808 2403 875 2468 κάλ’
889 2403 1079 2485 Ἀφροδίτης,
1157 2423 1198 2470 181

257 2507 411 2588 τάρβησέν
426 2532 458 2572 τε
475 2506 523 2571 καὶ
539 2511 617 2573 όσσε
632 2515 817 2591 παρακλιδὸν
833 2509 961 2589 ἔτραπεν
975 2509 1064 2596 ἀλλῃ.

257 2611 305 2694 ἀφ
319 2610 344 2676 δ’
359 2611 441 2679 αῦτις
456 2613 568 2700 χλαίνῃ
584 2638 617 2676 τε
632 2613 791 2694 καλύψατο
808 2612 885 2676 καλά
900 2614 1056 2695 πρόσωπα,

259 2718 310 2779 καί
321 2743 373 2796 μιν
387 2717 572 2797 λισσόμενος
587 2716 662 2781 ἔπεα
676 2717 839 2797 πτερόεντα
854 2717 1019 2797 προσηύδα·

301 2820 420 2883 Αὐτίκα
436 2817 464 2881 α’
480 2820 519 2884 ὡς
535 2823 572 2883 τὰ
587 2826 696 2898 πρῦπα,
714 2818 778 2896 θεά,
793 2822 858 2884 ίδον
874 2820 1089 2900 ὀφθαλμοῖσιν,
1158 2835 1203 2896 185

259 2925 363 3005 ἔγνων,
380 2923 418 2987 ὣς
434 2927 501 2987 θεὸς
515 2921 604 3000 ἦσθα·
629 2924 668 2986 σὺ
683 2920 708 2986 δ’
723 2923 758 2985 οῦ
773 2926 913 3004 νημερτὲς
929 2924 1037 2990 ἔειπες.
1079 2988 1082 2994 ,

259 3024 341 3090 ἀλλά
357 3051 394 3088 σε
410 3031 484 3105 πρὸς
500 3030 596 3102 Ζηνὸς
610 3024 791 3108 γουνάζομαι
808 3028 970 3110 αἰγιόχοιο,

259 3127 299 3209 μή
313 3153 351 3206 με
368 3125 450 3204 ζῶντ’
466 3128 614 3208 ἀμενηνὸν
630 3132 663 3194 ἐν
680 3131 885 3209 ἀνθρώποισιν
901 3130 995 3217 ἐάσῃς

260 3233 365 3309 ναίειν,
380 3229 451 3295 ἀλλ’
467 3230 595 3313 ἐλέαιρ’·
617 3231 682 3296 ἐπεὶ
698 3233 733 3296 οὐ
747 3233 932 3313 βιοθάλμιος
947 3235 1021 3314 ἀνήρ

260 3339 405 3420 γίγνεται,
421 3336 454 3401 ός
469 3360 502 3400 τε
517 3341 599 3402 θεαῖς
616 3336 768 3414 εὐνάζεται
784 3339 960 3424 ἀθανάτῃσι.
1158 3365 1207 3416 ¹90

304 3440 366 3504 Τὸν
381 3436 407 3502 δ’
421 3437 557 3519 ἠμείβετ’
573 3439 677 3503 ἔπειτα
694 3441 767 3506 Διὸς
783 3441 912 3522 θυγάτηρ
928 3442 1103 3522 Ἀφροδίτη·

261 3543 401 3626 Ἀγχίση,
418 3543 537 3608 κύδιστε
553 3549 744 3624 καταθνητῶν
760 3545 931 3626 ἀνθρώπων,

262 3647 376 3729 θάρσει,
391 3649 467 3727 μηδέ
481 3672 509 3710 τι
526 3648 600 3732 σῇσι
615 3646 690 3727 μετὰ
705 3651 797 3731 φρεσὶ
813 3651 919 3714 δείδιθι
935 3650 1014 3729 λίην·

375 3794 419 3846 173
437 3779 563 3844 εὐποιήτου
574 3783 600 3832 δέ
614 3785 744 3835 Ruhnken.
838 3798 883 3850 175
901 3784 1047 3850 ίοστεφάνον
1060 3789 1097 3836 M.
