2834 4234
257 366 323 444 674
538 379 600 428 πο.
625 333 859 425 omnm
890 363 926 422 ιι.

256 533 374 623 [μηνῶν
388 533 567 615 φθινόντων,
583 534 651 616 περὶ
666 534 693 598 δ’
708 533 806 614 ήματα
819 535 918 614 μακρδ
931 528 1088 619 τελέσθη]
1155 555 1205 608 450

259 640 308 703 καὶ
323 639 392 701 τότε
407 637 437 718 μ’
454 635 672 703 ἐκκαλέσαντες
689 637 768 718 ἔφαν
783 637 896 718 ἐρίηρες
911 639 1034 717 ἔταῖροι·
1147 653 1150 658 “

299 745 319 776 “
330 740 477 820 Δαιμόνι’,
493 740 549 819 ήδη
566 746 618 804 νῦν
633 737 801 820 μιμνήσκεο
816 741 956 818 πατρίδος
973 741 1047 819 αίης,

259 846 287 907 εἴ
301 870 347 908 τοι
363 844 520 924 θέσφατόν
536 845 601 908 ἐστι
619 846 774 920 σαωθῆναι
790 845 838 907 καὶ
856 843 974 907 ἱκέσθαι

255 948 339 1010 οἶκον
356 949 529 1025 ἐϋκτίμενον
545 949 594 1011 καὶ
611 947 669 1025 σὴν
685 950 717 1012 ἐς
732 947 860 1028 πατρίδα
875 943 992 1026 γαῖαν.”

301 1048 380 1140 [Ὦς
395 1052 484 1131 ἔφαν,
500 1048 590 1131 αὐτὰρ
607 1051 675 1130 ἐμοί
687 1049 716 1132 γ’
732 1051 907 1114 ἐπεπείθετο
923 1054 1014 1129 θυμδς
1030 1049 1159 1132 ἀγήνωρ.

255 1156 294 1220 ὣς
310 1156 377 1218 τότε
392 1155 448 1234 μὲν
463 1154 582 1234 πρόπαν
597 1152 676 1234 ήμαρ
692 1155 723 1219 ἐς
738 1152 843 1232 ἠέλιον
858 1153 1024 1218 καταδύντα
1155 1165 1204 1229 45⁶

254 1259 358 1336 ἥμεθα,
374 1257 545 1338 δαινύμενοι
562 1258 631 1336 κρέα
646 1255 671 1319 τ’
687 1256 806 1319 ἄσπετα
822 1257 870 1321 καὶ
886 1257 959 1337 μέθυ
975 1257 1036 1335 ἡδύ.

256 1360 331 1441 ήμος
347 1361 372 1425 δ’
388 1360 490 1440 ἠέλιος
507 1350 613 1424 κατέδυ
629 1359 677 1421 καί
694 1357 743 1424 ἐπὶ
760 1360 871 1441 κνέφας
888 1359 991 1439 ήλθεν,

255 1465 283 1526 οἱ
298 1467 355 1544 μὲν
371 1462 554 1542 κοιμήσαντο
571 1461 645 1525 κατὰ
660 1461 776 1544 μέγαρα
792 1459 958 1551 σκιόεντα]

299 1568 396 1648 Αὐτὰρ
413 1568 471 1649 ἐγὼ
487 1569 598 1647 Κίρκης
615 1565 725 1644 ἐπιβὰς
740 1566 938 1647 περικαλλέος
955 1568 1040 1644 εὐνῆς
1155 1565 1205 1645 48ὀ

253 1673 369 1752 γούνων
385 1668 596 1748 ἐλλιτάνευσα,
613 1672 668 1734 θεὰ
685 1669 724 1758 δέ,
734 1696 786 1750 μοι
802 1671 909 1734 ἔκλυεν
924 1673 1021 1748 αύδῆς·

256 1767 322 1858 [καί
336 1797 387 1850 μιν
403 1768 548 1851 φωνήσας
565 1771 640 1834 ἔπεα
658 1771 824 1850 πτερόεντα
840 1767 1043 1858 προσηύδων]

298 1872 366 1935 “Ὠ
383 1874 487 1955 Κίρκη,
502 1872 631 1938 τέλεσόν
646 1900 696 1952 μοι
711 1875 883 1955 ὑπόσχεσιν
896 1874 935 1952 ήν
949 1899 1007 1955 περ
1021 1874 1161 1952 ῦπέστης,
1182 1875 1186 1880 ’

254 1981 355 2041 οἴκαδε
371 1975 572 2058 πεμψέμεναι·
604 1981 694 2055 θυμὸς
710 1977 743 2040 δέ
757 2001 808 2055 μοι
825 1977 952 2040 ἔσσυται
966 1975 1032 2056 ήδη,

253 2080 299 2158 ἠδ’
316 2081 421 2144 ἄλλων
437 2079 559 2162 ἑτάρων,
575 2082 605 2144 οἵ
618 2107 670 2160 μοι
685 2081 867 2161 φθινύθουσι
884 2081 978 2161 φίλον
994 2084 1048 2162 κῆρ
1155 2097 1203 2160 485

254 2183 330 2263 ἀμφ’
347 2184 392 2263 ἔμ’
408 2185 593 2266 ὀδυρόμενοι,
609 2185 660 2248 ὅτε
674 2209 733 2248 που
750 2184 839 2264 σύγε
855 2186 950 2264 νόσφι
965 2186 1098 2265 γένηαι.”

291 2287 355 2353 Ὣς
371 2287 501 2368 ἐφάμην,
517 2287 536 2366 ἡ
552 2287 578 2351 δ’
594 2287 688 2351 αὐτίκ’
705 2289 849 2368 ἀμείβετο
865 2293 914 2351 δῖα
931 2289 1035 2352 θεάων·

254 2396 273 2425 “
284 2394 417 2474 διογενές
435 2392 611 2470 Λαερτιάδη,
628 2389 819 2473 πολυμήχαν’
834 2391 994 2470 Ὀδυσσεῦ,

253 2495 359 2574 μηκέτι
375 2499 428 2558 νῦν
444 2496 582 2560 ἀέκοντες
597 2496 658 2579 ἐμῷ
675 2495 720 2558 ἐνὶ
735 2497 858 2575 μίμνετε
873 2499 960 2579 οίκῳ·,

254 2599 325 2662 ἀλλ’
342 2599 440 2676 άλλην
455 2597 513 2679 χρὴ
529 2604 649 2680 πρῶτον
665 2600 735 2663 ὁδὸν
750 2599 875 2664 τελέσαι
892 2597 939 2663 καὶ
954 2599 1074 2663 Ιἱκέσθαι
1154 2631 1205 2678 490

255 2706 298 2770 εἰς
314 2701 417 2765 Ἀίδαο
433 2702 540 2780 δόμους
556 2704 604 2766 καὶ
621 2703 746 2782 ἐπαινῆς
762 2704 1001 2784 Περσεφονείης,

252 2806 340 2892 ψυχῇ
354 2804 558 2887 χρησομένους
574 2809 716 2887 Θηβαίου
730 2806 902 2888 Τειρεσίαο,

253 2910 383 2989 μάντηος
400 2909 504 2983 ἀλαοῦ,
521 2913 574 2973 τοῦ
591 2933 624 2974 τε
640 2909 749 2991 φρένες
766 2911 892 2988 ἔμπεδοί
906 2911 976 2974 εἰσι·

253 3013 294 3098 τῷ
312 3014 360 3076 καὶ
375 3017 519 3092 τεθνηῶτι
535 3016 605 3078 νόον
622 3015 695 3093 πόρε
710 3015 925 3095 Περσεφόνεια

253 3119 305 3200 οίιρ
321 3120 500 3180 πεπνῦσθαι·
533 3119 580 3181 τοὶ
595 3121 628 3181 δέ
644 3119 727 3181 σκιαὶ
743 3116 935 3182 ἀίσσουσιν.“”
1153 3147 1203 3201 495

289 3219 352 3285 Ὠς
369 3220 464 3301 ἔφατ’,
480 3220 571 3300 αὐτὰρ
587 3221 655 3300 ἐμοί
668 3248 704 3304 γε
720 3221 911 3299 κατεκλάσθη
927 3222 1022 3301 φίλον
1037 3221 1117 3302 ήτορ·

252 3328 360 3389 κλαῖον
375 3325 400 3388 δ’
416 3327 449 3388 ἐν
465 3327 613 3409 λεχέεσσι
629 3323 805 3403 καθήμενος,
823 3325 891 3388 οὐδέ
908 3324 943 3388 νύ
956 3351 1008 3406 μοι
1025 3330 1078 3410 κῆρ
1110 3377 1114 3382 -

253 3427 336 3506 ἤθελ’
354 3429 398 3492 ἔτι
415 3429 500 3506 ζώειν
518 3431 566 3492 καὶ
583 3430 656 3509 δρῦν
671 3428 751 3509 φάος
766 3427 889 3507 ἠελίοιο.

252 3531 344 3612 οὗτδρ
361 3529 426 3595 ἐπεὶ
444 3534 558 3597 κλαίων
572 3558 605 3597 τε
621 3534 833 3612 κυλινδόμενός
849 3532 874 3594 τ’
889 3531 1061 3613 ἐκορέσθην,

253 3633 302 3699 καὶ
316 3637 384 3698 τότε
400 3633 436 3710 δή
451 3661 503 3712 μιν
519 3637 649 3700 ἔπεσσιν
665 3637 865 3716 ἆμειβόμενος
880 3639 1075 3719 προσέειπον·
1152 3667 1203 3715 500

297 3737 363 3802 “⁹ss
379 3738 480 3819 Κίρκη,
498 3739 543 3803 τίς
557 3739 615 3820 γὰρ
630 3739 739 3817 ταύτην
755 3738 825 3803 όδδν
840 3739 1061 3824 ήγεμονεύσει;
