2760 4232
270 373 354 456 1038
526 373 949 433 ΒΑ-ἸῬΑΧΟΜΎΟΜΑΧΙ-Α.
1063 442 1068 448 .

268 548 295 609 οἱ
312 548 344 609 δὲ
359 542 450 626 τάχος
465 545 618 610 δείσαντες
634 543 711 623 ἐβαν
724 541 835 608 πάντες
855 541 931 604 κατδν
943 541 1062 619 λίμνην·
1090 573 1093 578 ·

269 650 319 712 καί
334 648 369 712 νύ
385 673 438 712 κεν
452 645 688 725 ἐξετέλεσσενλ
688 671 740 710 πει
730 645 836 726 μέγα
849 646 879 708 οδ
896 641 1004 708 σθ’ἐυος
1019 641 1083 722 ήεν,

268 755 295 816 εί
310 779 350 831 μη
335 750 412 878 ἄρ’
429 749 535 828 όξδ’
500 775 592 828 νοησε
608 750 705 846 πατὴρ
720 751 833 830 ἀνδρῶν
847 775 882 813 τε
896 743 973 811 θεῶν
986 771 1030 811 τε.

269 858 317 919 καὶ
333 855 385 917 τότ
385 852 566 934 ’ἀπολλυμέ
567 877 635 920 νους
651 853 821 935 βατράχους
840 849 962 938 ηίκτειρε
978 849 1120 930 Κρονίων,
1163 819 1215 924 τγο

269 957 392 1037 κινήσας
409 961 442 1022 δέ
455 955 528 1039 κάρη
544 958 628 1034 τοίην
643 959 704 1038 ἐφθ
703 955 821 1039 ἐιγξοτο
820 953 944 1038 φωνήν·
1032 977 1034 984 ’

306 1061 352 1125 Ω
367 1051 470 1139 πόποι,
486 1059 504 1138 ή
518 1059 597 1143 μέγο
613 1065 710 1140 θαῦμα
725 1061 786 1124 τόδ’
801 1061 1009 1142 ὀφθαλμοῖσιν
1024 1059 1147 1138 δρῦμοι·

268 1168 303 1230 οὐ
318 1172 422 1246 μικρὸν
438 1164 605 1240 ἐκπλήσσει
622 1163 828 1244 Μεριδάρπαξ,
844 1162 878 1229 δυ
894 1165 969 1228 κοτδ
983 1161 1093 1239 λίμνην

269 1268 369 1352 ἅρπαξ
382 1271 414 1332 ἐν
429 1267 632 1351 βατράχοισιν
647 1269 813 1348 ἀμείβεται·
840 1265 925 1330 ἀλλά
938 1265 1072 1350 τάχιστοι

269 1369 420 1439 Παλλάδα
434 1371 603 1452 πέμψωμεν
618 1371 852 1448 πολεμόκλονον,
867 1366 891 1448 ἢ
903 1368 951 1432 καὶ
963 1363 1073 1448 Ἀρηα,
1165 1389 1214 1441 ²7⁵

269 1478 300 1540 οἵ
312 1501 363 1554 μιν
379 1472 584 1556 ἐπιοχήσουοι
599 1472 700 1556 μάχηο
715 1475 858 1555 κρατερόν·
870 1495 928 1554 περ
941 1472 1039 1536 ἐόντα.

305 1577 367 1644 Ὣς
382 1577 427 1659 ἀρ’
445 1577 503 1657 ἔφη
521 1579 676 1658 Κρονίδης*
699 1576 791 1658 Ἀρης
807 1577 833 1641 δ’
849 1578 1037 1656 ἀπαμείβετο
1051 1573 1154 1652 μθθοα·

269 1681 329 1747 οὔτ’
345 1678 390 1763 ἄρ’
403 1680 576 1758 Ἀθηναίης,
586 1681 727 1760 Κρονίδη,
744 1680 858 1756 σθένος,
876 1680 944 1744 οὔτε
957 1676 1073 1761 ’Ἄρηος

270 1785 370 1870 ἰσχύει
384 1782 593 1866 βατράχοισιν·
602 1781 750 1864 ἀμυνέμεν
765 1783 1007 1865 αδπδνόλεθρον.

270 1889 339 1954 ἀλλ’
357 1890 412 1972 ἄγε
427 1886 538 1974 πάντες
553 1891 645 1967 ίωμεν
660 1889 812 1977 ἀρηγόνες·
835 1886 853 1966 ἢ
872 1887 906 1952 τδ
922 1887 979 1951 σὸν
994 1887 1090 1950 όπλον
1165 1897 1213 1946 280

270 1995 410 2058 κινείσθω
425 1993 503 2074 μέγα
517 1993 736 2057 Τιτανοκτόνον
751 1992 960 2074 ὀβριμοεργόν·

269 2098 421 2162 κινείσθω·
445 2096 773 2178 οότωγδρᾶλοίσεται,
790 2095 823 2161 ὅς
838 2117 883 2161 τις
898 2095 1032 2175 ἀριστος,

269 2202 310 2266 ὥς
324 2225 398 2264 ποτε
414 2200 463 2263 καὶ
478 2203 626 2278 Καπανῆα
641 2197 818 2264 κατέκτανες
833 2201 961 2280 ὄβριμον
976 2196 1069 2278 άνδριι

270 2306 319 2368 καὶ
334 2298 430 2386 μέγαν
444 2301 665 2386 Ἔγκελάδοντο
681 2304 729 2367 καὶ
745 2304 833 2386 άγριο
848 2309 932 2384 φθλα
947 2301 1109 2385 Γιγάντων.

306 2406 370 2474 *Ως
386 2406 430 2489 ἀρ’
448 2407 517 2487 ἔφη·
540 2409 687 2487 Κρονίδης
702 2409 734 2470 δέ
750 2407 859 2487 βολιδν
873 2407 984 2490 ἀργῆτα
1002 2411 1144 2488 κεραυνὸν
1168 2420 1214 2480 285

270 2517 371 2594 πρῶτα
385 2513 440 2590 μέν
456 2511 633 2591 ἐβρόντησε,
648 2510 744 2593 μέγαν
758 2511 783 2574 δ’
798 2509 938 2589 ἐλέλιξεν
948 2507 1117 2588 Ὄλυμπον,

270 2614 363 2695 αιἰτδιρ
377 2615 482 2678 ἔπειτα
498 2616 650 2695 κεραυνόν,
667 2613 830 2694 δειμαλέον·
840 2613 1033 2691 Διδςόπλον,

269 2717 316 2797 ἧκ’
331 2715 516 2796 ἐπιδινήσας·
540 2720 556 2780 ὁ
574 2718 600 2780 δ’
615 2715 661 2800 ἀρ’
676 2719 785 2782 ἔπτατο
800 2724 899 2802 χειρὸς
914 2717 1048 2782 ἀνοκτος.

269 2820 382 2887 πάντας
397 2821 452 2903 μέν
465 2821 497 2904 ῤ’
515 2822 654 2903 ἐφόβησε
669 2823 778 2902 βαλὼν
793 2823 841 2885 ἐπὶ
857 2821 964 2885 τοόσδε
982 2813 1163 2908 [κεραυνόν]

270 2923 340 2990 ἀλλ’
355 2921 415 2990 οὐδ’
431 2926 470 2990 ὣς
486 2927 621 3008 ἀπέληγε
636 2932 718 3007 μνῶν
732 2926 870 3008 στρατός,
884 2924 953 2988 ἀλλ’
971 2925 1016 2989 ἐτι
1030 2928 1149 3006 μᾶλλον
1166 2949 1214 2998 τοο

270 3029 380 3094 ἔλπετο
395 3027 561 3109 πορθήσειν
575 3026 744 3114 βατράχων·
753 3028 843 3112 γένος
855 3027 1038 3112 αἰχμητάων,

271 3136 298 3196 εί
314 3134 355 3212 μὴ
372 3129 423 3196 ἀπ’
437 3133 602 3212 Οὐλύμπου
617 3132 790 3216 βατράχους
806 3133 916 3212 ἐλέησε
932 3134 1076 3215 Κρονίων,

270 3238 304 3302 ός
318 3239 357 3319 ῥα
372 3235 432 3300 τότ’
450 3238 483 3300 ἐν
498 3235 700 3319 βατράχοισιν
718 3237 851 3318 ἀρωγοὺς
866 3236 950 3304 εὐθὺς
967 3238 1113 3320 ἐπεμψεν»

309 3338 432 3404 Ἦλθον
448 3339 473 3405 δ’
490 3340 632 3422 ἐξαίφνης
647 3339 842 3422 νωτάκμονες,
857 3343 1086 3425 ἀγκυλοχεῖλαι,

271 3439 449 3523 λοξοβάτοι,
464 3446 622 3527 στρεβλοί,
638 3447 874 3526 ψολιδόστομοι,
889 3446 1134 3527 ἀστρακόδερμοι,
1168 3471 1217 3524 ²95

271 3547 442 3625 ὀστοφνεῖς,
457 3549 654 3628 πλατίνωτσι,
671 3550 912 3630 ἀποστίλβοντες
929 3551 961 3613 ἐν
977 3549 1079 3629 ὤμοις,

271 3649 410 3728 βλοισοί,
425 3652 658 3731 χειλοτένοντες,
675 3653 734 3716 ἀπὸ
750 3652 882 3734 στέρνων
897 3654 1071 3733 ἐσορῶντες,

271 3752 444 3829 ὀκτάποδες,
459 3751 609 3832 δικέραιοι,
625 3757 770 3839 ἀχειρέες,
785 3760 814 3820 οἱ
830 3758 864 3821 δέ
878 3761 1035 3822 καλεῦνται
