2874 4234
297 334 359 398 618
588 346 616 413 7.
650 337 883 398 οΔυΣΣΕιΑΣ
910 338 949 397 H.

291 507 370 570 ναίει
386 505 584 582 ἐϋπλόκαμος,
601 504 683 581 δεινή
700 505 777 570 θεός·
800 504 868 568 ούδέ
883 531 928 572 τις
942 505 1015 590 αὐτῇ

290 611 432 690 μίσγεται
448 608 516 672 οὔτε
533 612 610 671 θεῶν
628 607 695 672 ούτε
712 613 826 686 θνητῶν
843 609 1014 689 ἀνθρώπων.

292 712 363 775 ἀλλ’
379 714 430 791 ἐμὲ
446 712 499 774 τὸν
514 711 661 788 δύστηνον
676 710 821 790 ἐφέστιον
836 710 933 793 ήγαγε
949 711 1063 790 δαίμων

291 815 365 893 οἶον,
382 817 451 878 ἐπεί
464 839 515 894 μοι
532 817 588 891 νῆα
604 814 679 892 θοήν
696 815 801 896 ἀργῆτι
818 815 947 896 κεραυνῷ

291 917 366 984 Ζεὺς
381 919 476 983 έλσας
491 918 621 982 ἐκέασσε
637 918 720 1000 μέσῳ
736 918 782 981 ἐνὶ
797 921 898 982 οἴνοπι
913 919 1022 1001 πόντῳ.

291 1021 353 1086 ἐνθ’
369 1022 460 1085 ἀλλοι
475 1024 529 1101 μὲν
544 1019 654 1086 πάντες
671 1019 840 1100 ἀπέφθιθεν
857 1019 965 1084 ἐσθλοὶ
982 1025 1102 1101 ἑταῖροι,

291 1125 383 1205 αὐτὰρ
400 1126 459 1210 ἐγάι
473 1124 579 1204 τρόπιν
595 1124 689 1205 ἀγκὰς
706 1125 785 1190 ἑλὼν
802 1124 868 1190 νεὸς
885 1125 1094 1206 ἀμφιελίσσης

291 1231 420 1310 ἐννῆμαρ
436 1229 581 1310 φερόμην·
605 1227 714 1314 δεκάτῃ
729 1227 763 1292 δέ
777 1255 815 1308 με
831 1232 913 1294 νυκτὶ
928 1230 1056 1314 μελαίνῃ

291 1337 385 1412 νήσου
404 1336 434 1399 ἐς
449 1333 597 1414 Ὠγυγίην
611 1330 750 1395 πέλασαν
765 1334 838 1411 θεοί,
855 1334 928 1397 ἔνθα
944 1333 1081 1413 Καλυψὼ

291 1437 366 1500 ναίει
383 1437 578 1516 ἐϋπλόκαμος,
595 1437 676 1515 δεινή
695 1437 771 1514 θεός,
787 1437 807 1515 ἥ
822 1464 859 1517 με
875 1441 1018 1517 λαβοῦσα

291 1539 434 1605 ἐνδυκέως
450 1541 554 1620 ἐφίλει
572 1565 605 1602 τε
622 1540 671 1602 καὶ
686 1539 813 1620 ἔτρεφεν
831 1541 884 1619 ἠδὲ
900 1541 1017 1621 ἔφασκε

291 1641 395 1720 θήσειν
411 1641 560 1707 ἀθάνατον
577 1644 625 1707 καὶ
642 1641 762 1725 ἀγήρων
777 1643 876 1723 ἤματα
894 1643 999 1708 πάντα·

291 1747 361 1809 ἀλλ’
377 1747 450 1826 ἐμὸν
465 1747 500 1811 ού
515 1772 589 1811 ποτε
606 1747 698 1825 θυμὸν
714 1743 758 1811 ἐνὶ
775 1747 943 1826 στήθεσσιν
959 1747 1086 1811 ἔπειθεν.

291 1850 363 1914 ἔνθα
378 1853 433 1931 μέν
448 1851 589 1915 ἑπτάετες
604 1849 696 1930 μένον
712 1851 852 1930 ἔμπεδον,
870 1853 974 1929 εἵματα
989 1851 1015 1915 δ’
1032 1850 1092 1914 αἰεὶ

291 1953 416 2036 δάκρυσι
431 1955 584 2030 δεύεσκον,
600 1954 637 2017 τό
651 1979 703 2034 μοι
719 1955 857 2036 ἄμβροτα
872 1959 948 2018 δῶκε
964 1954 1112 2036 Καλυψώ·

292 2058 363 2120 ἀλλ’
378 2056 429 2122 ὅτε
445 2058 480 2137 δή
497 2059 606 2140 ὄγδοόν
621 2084 671 2138 μοι
688 2059 892 2138 ἐπιπλόμενον
908 2059 973 2124 έτος
991 2058 1076 2136 ήλθε,

290 2164 339 2226 καὶ
355 2163 422 2226 τότε
438 2161 473 2241 δή
489 2161 519 2241 μ’
535 2161 697 2226 ἐκέλευσεν
713 2160 918 2242 ἐποτρύνουσα
934 2162 1056 2227 νέεσθαι

291 2270 387 2342 Ζηνὸς
407 2263 455 2327 ὑπ’
473 2265 626 2346 ἀγγελίης,
642 2261 661 2342 ἢ
678 2260 726 2327 καὶ
742 2264 811 2330 νόος
829 2261 964 2344 ἐτράπετ’
981 2265 1079 2341 αὐτῆς.

288 2369 386 2446 πέμπε
406 2365 432 2432 δ’
448 2368 499 2432 ἐπὶ
515 2372 640 2450 σχεδίης
655 2364 857 2445 πολυδέσμου,
873 2367 975 2432 πολλὰ
992 2367 1017 2432 δ’
1034 2369 1136 2444 ἔδωκε,

290 2479 376 2536 σῖτον
392 2474 440 2536 καὶ
455 2472 530 2553 μέθυ
544 2473 609 2552 ἡδύ,
625 2469 672 2536 καὶ
688 2470 828 2551 ἄμβροτα
843 2473 950 2550 εἵματα
966 2472 1069 2551 ἕσσεν,

289 2576 376 2657 ούρον
393 2578 425 2640 δέ
440 2579 586 2659 προέηκεν
602 2574 742 2655 ἀπήμονά
757 2601 789 2638 τε
805 2577 911 2656 λιαρόν
926 2601 968 2640 τε.

291 2679 413 2744 ἑπτὰδὲ
430 2679 478 2744 καὶ
494 2679 563 2744 δέκα
578 2683 633 2759 μὲν
649 2679 745 2742 πλέον
760 2677 858 2758 ἤματα
874 2680 1115 2761 ποντοπορεύων,

289 2784 527 2871 ὀκτωκαιδεκάτῃ
543 2786 568 2848 δ’
584 2784 681 2863 ἐφάνη
702 2784 773 2863 ὄρεα
788 2785 929 2848 σκιόεντα

288 2890 375 2970 γαίης
390 2888 538 2971 ὑμετέρης,
554 2887 670 2970 γήθησε
687 2885 720 2950 δέ
735 2912 785 2966 μοι
802 2889 897 2967 φίλον
914 2887 983 2969 ήτορ

289 2993 436 3078 δυσμόρῳ·
460 2991 478 3072 ή
494 2995 550 3075 γὰρ
566 2992 696 3070 ἔμελλον
712 2990 757 3053 έτι
773 2989 954 3068 ξυνέσεσθαι
968 2992 1045 3068 ἀϊζυῖ
1189 3018 1236 3065 270

290 3097 401 3182 πολλῇ,
415 3094 469 3174 τήν
484 3121 535 3175 μοι
551 3095 670 3175 ἐπῶρσε
688 3095 865 3158 Ποσειδάων
882 3096 1061 3176 ἐνοσίχθων,

290 3201 323 3265 ός
338 3225 389 3278 μοι
405 3195 579 3281 ἐφορμήσας
595 3195 723 3275 ἀνέμους
739 3198 884 3274 κατέδησε
901 3197 1052 3274 κελεύθου,

194 3359 195 3364 ,
290 3304 395 3384 ὤρινεν
410 3305 442 3366 δέ
458 3301 620 3364 θάλασσαν
636 3300 820 3382 ἀθέσφατον,
836 3300 904 3366 οὐδέ
920 3325 947 3362 τι
963 3304 1038 3381 κῦμα

290 3408 337 3471 εία
352 3404 402 3471 ἐπὶ
421 3403 544 3486 σχεδίης
561 3404 648 3468 ἀδινὰ
664 3404 851 3486 στενάχοντα
867 3403 1024 3485 φέρεσθαι.

290 3511 345 3591 τήν
358 3512 414 3589 μὲν
430 3508 534 3571 ἔπειτα
553 3508 667 3572 θύελλα
683 3506 867 3573 διεσκέδασ’·
891 3505 984 3588 αύτδιρ
1000 3510 1059 3591 ἐγώ
1074 3536 1109 3591 γε
1188 3534 1235 3587 27⁵

289 3615 454 3698 νηχόμενος
470 3613 537 3676 τόδε
552 3616 665 3692 λαῖτμα
681 3611 851 3693 διέτμαγον,
867 3613 947 3692 ὄφρα
962 3638 999 3693 με
1015 3615 1086 3701 γαίῃ

288 3717 413 3802 ὑμετέρῃ
429 3714 583 3781 ἐπέλασσε
599 3716 701 3798 φέρων
716 3715 825 3796 ἄνεμός
840 3740 872 3780 τε
889 3716 937 3779 καὶ
953 3717 1040 3798 ὕδωρ.
