2738 4226
457 373 505 420 10.
529 359 700 420 mlAAoz
722 361 759 418 Κ.
1021 372 1082 438 195

140 523 228 588 νύκτα
243 521 485 604 φυλασσέμεναι,
502 524 624 609 καμότιρ
640 527 783 605 ἀδηκότες
798 521 903 609 αίνφ.”

174 625 237 692 *Ως
253 626 340 708 ἔφαθ’
342 675 352 700 ,
369 629 399 690 οἱ
413 626 439 690 δ’
455 628 513 708 θρα
527 626 638 694 πόντες
652 629 729 706 ιἰκήν
743 626 883 710 ἐγένοντο
899 631 1008 715 σιωπῇ.

140 729 175 806 ἦν
189 729 224 792 δέ
238 755 284 796 τις
300 732 335 795 έν
347 731 491 812 Τρόεσσι
506 732 627 803 Δόλων,
643 729 798 810 Εὐμήδεος
810 730 875 796 υἱὸς

140 828 263 911 κήρυκος
278 834 382 905 θείοιο,
398 833 592 916 πολύχρυσος
606 833 811 917 πολύχαλκος,
1032 861 1082 909 ³15

140 932 171 998 ὃς
185 933 223 1012 δή
238 960 284 998 τοι
299 936 380 1001 εἶδος
392 935 450 1015 μὲν
464 935 518 1013 έην
533 937 633 1008 κακός,
649 938 731 1000 ιἰλλιὶ
744 935 891 1015 ποδόκης·

139 1037 231 1116 αὐτὰρ
248 1039 389 1116 όμοῦνος
403 1037 458 1117 έην
470 1042 547 1118 μετὰ
561 1038 652 1103 πέντε
666 1036 895 1124 κασιγνήτῃσιν.

139 1142 171 1204 ός
183 1141 223 1220 ῥα
237 1141 307 1204 τότε
320 1141 444 1221 Τρωσίν
458 1167 493 1205 τε
506 1142 557 1205 καὶ
567 1140 692 1224 Ἕκτορι
705 1147 801 1222 μῦθον
815 1143 926 1206 ἔειπεν·

139 1242 281 1324 “Ἕκτορ,
298 1242 343 1322 ἔμ’
359 1243 477 1324 ὀτρύνει
491 1245 596 1326 κραδίη
612 1246 662 1308 καὶ
677 1245 769 1326 θυμὸς
783 1244 903 1327 όγήνωρ

139 1351 217 1422 νηόν
231 1345 524 1430 ὦκνπόρωνσχεδδν
539 1346 668 1428 ἐλθέμεν
683 1348 717 1412 έκ
731 1373 766 1412 τε
779 1348 939 1414 πυθέσθαι.
1032 1378 1082 1425 320

139 1447 209 1510 ἀλλ’
223 1448 280 1528 ἄγε
291 1474 345 1526 μοι
359 1448 396 1511 τδ
410 1450 564 1530 σκήπτρου
578 1448 726 1532 ιἰνόσχεο,
743 1450 795 1514 καί
805 1475 860 1530 μοι
873 1451 1011 1528 ὄμοσσον

138 1549 157 1628 ή
169 1551 227 1629 μὲν
240 1550 310 1616 τοὺς
324 1553 434 1617 ἵππους
448 1576 482 1616 τε
497 1553 547 1616 καὶ
562 1551 680 1632 ἅρματα
693 1553 819 1616 ποικίλα
832 1555 939 1638 χαλκηῖ

138 1652 281 1733 δωσέμεν,
298 1653 327 1716 οἳ
342 1653 507 1736 φορέουσιν
522 1655 659 1736 όμύμονα
672 1653 845 1734 Πηλεΐωνα,

138 1757 189 1820 σοὶ
203 1756 229 1820 δ’
245 1757 305 1839 έγδ
322 1758 379 1842 ούχ
394 1757 481 1824 θλιος
497 1758 612 1824 σκοπδς
627 1758 759 1838 ἔσσομαι
773 1758 835 1823 οὐδ’
852 1759 912 1824 όπδ
926 1757 1027 1837 δόξης·

136 1861 236 1941 τόφρα
245 1863 304 1942 γὰρ
316 1862 347 1926 ές
358 1860 489 1942 στρατὸν
500 1862 562 1940 εἶμι
573 1862 744 1944 διαμπερές,
755 1860 826 1945 ὄφρ’
839 1861 878 1926 δν
888 1865 998 1942 ἵκωμαι
1032 1887 1081 1937 3²5

136 1963 181 2040 νῆ’
195 1963 451 2044 Ἀγαμεμνονέην,
470 1966 519 2028 όθι
534 1991 593 2028 που
605 1965 778 2045 μέλλουσιν
792 1965 911 2048 ἄριστοι

135 2066 252 2146 βουλὰς
266 2069 439 2146 βουλεύειν,
453 2065 473 2146 ἢ
489 2068 649 2150 φευγέμεν,
665 2069 701 2148 ἠὲ
714 2067 898 2154 μόχεσθαι.”

171 2170 235 2236 *Ως
250 2169 333 2251 φάθ’,
344 2173 362 2233 ό
373 2171 399 2235 δ’
412 2173 446 2234 έν
458 2173 550 2254 χερσὶ
562 2176 717 2253 σκῆπτρον
728 2171 813 2252 λόβε
827 2171 880 2236 καί
891 2175 922 2236 οἶ
937 2174 1080 2250 ὄμοσσεν·

137 2277 239 2338 “zm
255 2280 307 2336 νῦν
323 2273 398 2340 Ζεδς
412 2274 511 2347 ατίτός,
528 2276 705 2357 ἐρίγδουπος
719 2276 811 2342 πόσις
821 2273 929 2358 Ἥρης,

134 2377 175 2455 μὴ
188 2381 246 2456 μὲν
260 2381 325 2443 τοῖς
338 2379 480 2442 ἵπποισω
494 2378 571 2460 ἁνήρ
586 2377 774 2462 ἐποχήσεται
788 2379 885 2444 ἄλλος
1029 2404 1080 2452 330

134 2481 254 2561 Τρόων,
271 2478 354 2544 όλλό
368 2479 407 2542 σέ
422 2488 501 2560 φημι
515 2484 676 2564 διαμπερὲς
691 2479 918 2564 ιἰγλαῖεῖσθαι.”

170 2582 235 2649 *Ως
249 2580 330 2663 φότο
345 2582 398 2646 καί
408 2583 446 2665 ῥ’
463 2584 605 2666 ἐπίορκον
619 2586 770 2666 έπόμοσε,
785 2584 879 2650 τόνδ’
895 2587 1047 2666 ὀρόθυνεν·

134 2687 240 2749 αὐτίκα
254 2687 280 2748 δ’
297 2685 373 2765 ἀμφ’
388 2687 518 2765 ὤμοισιν
532 2686 688 2768 ἐβάλλετο
702 2690 844 2770 καμπύλα
858 2687 941 2770 τόξα,

134 2792 249 2852 ἕσσατο
265 2788 290 2853 δ’
307 2788 453 2852 ἔκτοσθεν
465 2790 551 2872 ῥινὸν
565 2797 688 2856 πολιοῖο
701 2793 816 2871 λύκοιο,

135 2892 218 2970 κρατὶ
232 2889 259 2954 δ’
276 2891 327 2955 ἐπὶ
342 2890 461 2970 κτιδέην
474 2892 590 2970 κυνέην,
607 2894 659 2958 ἕλε
673 2894 699 2958 δ’
718 2893 791 2974 ὀξὺν
805 2895 926 2967 ἄκοντα,
1028 2919 1077 2970 33⁵

133 3098 231 3160 ἐλθὸν
246 3100 281 3161 ἐκ
294 3104 375 3176 νηόν
389 3096 438 3179 δφ
448 3097 572 3181 Ἕκτορι
584 3104 681 3180 μῦθον
695 3101 846 3165 ιἰποίσειν.

132 3199 203 3262 ἄλλ’
218 3201 271 3264 ὅτε
285 3199 323 3278 δή
335 3200 368 3283 ῥ’
384 3202 485 3264 ἵππων
499 3228 533 3267 τε
548 3205 598 3268 καὶ
613 3205 729 3285 ἆνδρῶν
743 3201 871 3285 κάλλιφ’
887 3205 1003 3282 ὅμιλον,

131 3305 175 3380 βῆ
186 3303 220 3386 ῥ’
238 3303 284 3368 ἀν’
301 3303 372 3367 όδδν
385 3304 515 3382 μεμαός·
538 3305 591 3368 τὸν
606 3309 639 3370 δὲ
654 3306 796 3387 φρόσατο
810 3309 977 3388 προσιόντα

131 3406 269 3488 διογενής
282 3406 440 3480 Ὀδυσεύς,
457 3407 612 3486 Διομήδεα
626 3411 660 3472 δὲ
674 3409 866 3490 προσέειπεν·
1026 3435 1076 3486 340

131 3508 247 3574 ιὀἶκτός
260 3533 316 3588 τις,
332 3511 492 3588 Διόμηδες,
506 3510 566 3574 ἇπδ
581 3515 711 3590 στρατοῦ
725 3512 847 3595 ἔρχεται
861 3511 945 3594 όιήρ,

130 3611 183 3673 οὐκ
197 3611 254 3674 οἶδ’
269 3608 288 3690 ἢ
304 3611 433 3690 νήεσσιν
447 3613 614 3679 ἐπίσκοπος
627 3612 819 3699 ἡμετέρῃσιν,

130 3713 149 3794 ἢ
163 3740 231 3778 τινα
245 3714 392 3795 συλήσων
410 3715 521 3780 νεκύων
536 3719 797 3795 κατατεθνηώτων.

558 3831 584 3878 H
606 3837 624 3880 2
