2908 4232
263 381 327 463 478
587 391 656 458 ¹23.
680 376 851 466 ΙΛΙΑΔΟΣ
873 377 910 438 Ψ.

264 545 380 611 ποσσὶν
395 543 594 628 ἐριδήσασθαι
609 544 756 626 Ἀχαιοῖς,
774 545 801 611 εί
814 543 856 623 μὴ
870 541 1043 627 Ἀχιλλεΐ.”

298 647 362 715 Ὣς
377 648 469 731 φάτο,
486 649 610 727 κύδηνεν
625 649 658 711 δὲ
674 648 811 711 ποδώκεα
826 646 999 726 Πηλείωνα.

262 752 315 817 τὸν
329 753 354 816 δ’
370 750 513 836 Ἀχιλεὺς
527 752 668 832 μύθοισιν
683 751 885 831 ἀμειβόμενος
901 749 1092 833 προσέειπεν·

264 855 456 938 “Ἀυτίλοχ’,
473 856 507 919 οῦ
524 855 582 935 μέν
595 881 642 918 τοι
656 853 767 935 μέλεος
783 852 935 935 εἰρήσεται
951 854 1044 927 αἶνος,
1163 879 1211 934 795

263 957 344 1021 ἀλλά
359 985 406 1022 τοι
420 957 625 1038 ἡμιτάλαντον
640 958 699 1039 ἐγὼ
715 962 831 1040 χρυσοῦ
847 954 1013 1034 έπιθήσω.”
1044 1007 1046 1014 .

299 1061 362 1129 Ὣς
378 1065 471 1127 εἰπὼν
486 1063 520 1127 έν
534 1060 624 1144 χερσὶ
639 1063 724 1134 τίθει,
742 1062 758 1123 ό
774 1059 799 1125 δ’
817 1059 940 1139 ἐδέξατο
955 1062 1081 1144 χαίρων.

263 1164 355 1246 αὗτδρ
370 1165 524 1245 Πηλεΐδης
540 1165 615 1228 κατὰ
630 1167 686 1245 μὲν
701 1165 904 1246 δολιχόσκιον.
915 1164 1007 1246 ἔγχος

263 1269 327 1347 θῆκ’
345 1271 376 1335 ές
392 1271 495 1352 ἀγῶνα
514 1269 625 1351 φέρων,
642 1271 718 1333 κατὰ
733 1267 758 1332 δ’
774 1269 890 1332 ἀσπίδα
905 1269 954 1332 καὶ
968 1266 1167 1350 τρυφάλειαν,

263 1373 372 1456 τεύχεα
387 1373 606 1456 Σαρπήδοντος,
623 1373 642 1436 ἀ
656 1399 708 1453 μιν
723 1372 902 1454 Πάτροκλος
917 1372 1045 1455 ἀπηύρα.
1162 1387 1212 1435 800

264 1477 320 1552 στῆ
336 1476 360 1540 δ’
378 1477 465 1559 ὀρθὸς
482 1478 530 1541 καὶ
545 1481 640 1558 μῦθον
656 1479 689 1540 έν
705 1475 890 1560 Ἀργείοισιν
905 1477 1015 1541 ἔειπεν·

264 1585 283 1614 “
293 1577 382 1660 ἄνδρε
397 1580 455 1643 δύω
472 1582 539 1661 περὶ
555 1585 648 1644 τῶνδε
665 1581 837 1661 κελεύομεν,
853 1581 876 1643 ὤ
892 1606 949 1662 περ
965 1581 1088 1663 ἀρίστω,

263 1681 372 1764 τεύχεα
387 1682 556 1764 ἑσσαμένω,
574 1684 762 1766 ταμεσίχροα
777 1683 894 1766 χαλκὸν
909 1684 1023 1762 ἑλόντε,

263 1783 409 1864 ἀλλήλων
424 1785 627 1868 προπάροιθεν
643 1787 752 1865 ὁμίλου
767 1790 954 1868 πειρηθῆναι.

264 1889 430 1970 ὁππότερός
445 1915 478 1953 κε
494 1889 612 1976 φθῇσιν
628 1887 809 1970 ὀρεξάμενος
822 1891 901 1973 χρόα
917 1890 1021 1962 καλόν,
1164 1903 1211 1966 8ος,

262 1993 369 2078 ψαύσῃ
386 1992 410 2057 δ’
428 1994 551 2058 ἐνδίνων
567 1992 617 2057 διά
631 1992 656 2056 τ’
674 1994 761 2059 ἔντεα
777 1994 826 2057 καὶ
840 1992 938 2074 μέλαν
949 1996 1033 2072 αἶμα,

263 2099 304 2182 τῷ
319 2099 376 2177 μὲν
391 2098 450 2180 έγδ
467 2098 555 2161 δώσω
570 2098 640 2162 τόδε
655 2097 818 2180 φάσγανον
833 2098 1021 2180 ἀργυρόηλον

264 2200 359 2266 καλδυ
374 2199 529 2282 Θρηίκιον,
545 2199 579 2264 τδ
593 2203 649 2280 μὲν
665 2198 885 2283 Ἀστεροπαῖον
900 2202 1048 2283 ἀπηύρων·

263 2304 373 2388 τεύχεα
388 2305 413 2368 δ’
429 2306 595 2386 ἀμφότεραι
610 2303 716 2383 ξυνήϊα
731 2311 824 2368 ταῦτα
839 2305 1008 2386 φερέσθων·

264 2410 317 2472 καί
329 2415 405 2489 σφιν
420 2408 494 2472 δαῖτ’
511 2407 628 2490 ἀγαθήν
644 2407 859 2491 παραθήσομεν
874 2411 907 2472 έν
924 2405 1109 2495 κλισίῃσιν.”
1162 2422 1211 2471 8ιο

300 2510 364 2576 Ὣς
380 2509 477 2592 ἔφατ’,
493 2509 570 2594 ἀρτο
586 2509 612 2575 δ’
629 2512 733 2576 ἔπειτα
747 2511 843 2595 μέγας
857 2513 1053 2591 Τελαμώνιος
1068 2514 1153 2590 Αἴας,

264 2613 302 2679 δυ
318 2612 342 2677 δ’
360 2614 418 2694 ἀρα
432 2613 577 2693 Τυδείδης
592 2613 678 2696 ὦρτο,
695 2615 835 2696 κρατερὸς
852 2614 1016 2696 Διομήδης.

264 2719 293 2780 οἱ
308 2717 333 2781 δ’
351 2715 416 2782 ἐπεὶ
432 2717 484 2781 οῦν
500 2716 658 2798 ἑκάτερθεν
673 2719 781 2799 ὁμίλου
797 2717 1007 2801 θωρήχθησαν,

265 2824 295 2886 ές
309 2819 406 2900 μέσον
421 2820 580 2903 ἀμφοτέρω
598 2823 722 2901 συνίτην
736 2825 874 2901 μεμαῶτε
887 2820 1051 2905 μάχεσθαι,

263 2924 362 2988 δεινὸν
376 2923 553 3005 δερκομένω·
577 2923 695 3004 θάμβος
710 2923 736 2987 δ’
753 2924 806 3006 έχε
822 2923 936 2992 πάντας
949 2924 1101 3007 Ἀχαιούς.
1161 2939 1211 3002 ⁸¹5

263 3027 333 3090 ἀλλ’
349 3029 400 3092 ὅτε
415 3029 452 3107 δὴ
468 3033 581 3110 σχεδὸν
596 3026 675 3106 ἦσαν
690 3027 737 3091 ἐπ’
754 3026 940 3106 ἀλλήλοισιν
956 3028 1060 3104 ἰόντες,
1104 3077 1106 3086 .

262 3128 325 3211 τρὶς
342 3131 397 3208 μὲν
413 3130 550 3210 ἐπήϊξαν,
565 3132 628 3211 τρὶς
643 3133 676 3194 δὲ
691 3135 805 3214 σχεδὸν
821 3129 1011 3212 ὡρμήθησαν.

264 3232 323 3297 ἔνθ’
342 3235 417 3300 Αἴας
430 3236 486 3313 μὲν
501 3232 605 3297 ἔπειτα
622 3231 683 3297 κατ’
700 3234 815 3300 ἀσπίδα
831 3232 956 3298 πάντοσ’
974 3231 1062 3312 ἐΐσην

263 3335 339 3415 νύξ’,
356 3337 425 3401 οὐδὲ
441 3335 512 3419 χρό’
530 3338 640 3400 ίκανεν·
665 3336 750 3416 ἔρυτο
764 3339 823 3418 γὰρ
839 3336 940 3403 ἔνδοθι
956 3335 1066 3418 θόρηξ·

261 3440 407 3520 Τυδείδης
422 3439 447 3504 δ’
463 3438 510 3522 ἀρ’
526 3440 630 3504 ἔπειτα
645 3441 718 3520 ὑπὲρ
734 3438 844 3506 σάκεος
857 3438 1005 3522 μεγάλοιο
1143 3443 1145 3448 ’
1163 3454 1213 3504 820

264 3550 329 3611 αἰὲν
344 3546 390 3609 ἔτ’
408 3545 513 3629 αὐχένι
529 3551 598 3626 κῦρε
612 3549 741 3626 φαεινοῦ
755 3543 860 3627 δουρδς
875 3546 984 3632 ἀκωκῇ.

264 3652 313 3715 καὶ
328 3652 398 3714 τότε
412 3648 448 3728 δή
463 3648 490 3731 ῥ’
508 3652 614 3714 Αἴαντι
633 3649 857 3730 περιδείσαντες
870 3647 995 3733 Ἀχαιοὶ

265 3753 475 3838 παυσαμένους
491 3753 656 3822 ἐκέλευσαν
671 3751 781 3821 ἀέθλια
794 3750 839 3818 ἵν’
854 3754 1029 3825 ἀνελέσθαι.
