2728 4230
262 315 320 377 126
585 313 616 378 6.
639 319 809 378 ΙΛΙΑΔΟΣ
833 321 868 380 Ζ.

257 487 349 550 αὐτίκ’
364 485 424 550 ἀπὸ
440 483 545 568 κρατδς
560 485 657 567 κόρυθ’
675 489 774 552 είλετο
790 489 932 568 φαίδιμοκ
943 487 1068 572 Ἕκτωρ,

126 587 129 594 ’
256 592 305 654 καὶ
320 590 374 670 τήν
387 593 444 669 μὲν
460 588 621 668 κατέθηκεν
636 592 686 655 ἐπὶ
701 593 791 674 χθονί
807 593 1046 674 παμφανόωσαν

255 693 346 776 αιἰτάρ
361 693 420 777 ὅγ’
434 692 657 774 δυφίλονυίδν
673 697 739 760 ἐπεὶ
754 693 828 761 κόσε
844 695 924 776 πῆλέ
938 722 972 761 τε
986 700 1103 781 χερσίν,

255 797 338 861 εἶπεν
354 783 555 876 ἐπευξάμενοι·
570 797 624 860 Διί
638 796 662 860 τ’
679 797 824 864 ἀλλοιοίν
838 823 871 864 τε
886 803 994 864 θεοῖσι·
1149 822 1198 875 475

256 905 273 932 “
283 903 342 962 Ζεῦ
357 899 448 963 ἄλλοι
463 925 496 964 τε
511 899 586 974 θεαί,
601 899 671 964 δότε
685 900 723 979 δή
738 901 788 964 καὶ
803 900 892 966 τόνδε
904 900 1049 984 γενέσθαι

254 1003 334 1066 παῖδ’
349 1004 430 1084 ἐμόν,
448 1003 488 1069 ὣς
503 1003 552 1067 καὶ
567 1003 627 1085 ἐγιί
641 1025 706 1084 περ,
723 1004 891 1087 ἀριπρεπέα
902 1005 1070 1086 Τρόεσσιν,

252 1109 310 1178 μἰδε
324 1107 399 1187 βίην
413 1105 438 1168 τ’
456 1106 582 1187 ἀγαθόν,
599 1107 648 1171 καὶ
662 1106 759 1171 Ἰλίου
772 1106 824 1189 ἶφι
839 1107 996 1172 ἀνάσσειν·

253 1211 302 1274 καὶ
317 1209 391 1274 ποτέ
405 1233 450 1276 τις
466 1211 545 1273 εἴποι
561 1210 691 1290 ιπατρός
704 1211 733 1292 γ’
750 1211 801 1275 ὅδε
816 1211 935 1276 πολλόν
950 1210 1090 1291 ἀμείνον’

252 1317 285 1378 ἐκ
301 1311 435 1391 πολέμου
450 1312 584 1376 ἀνιόντα·
605 1311 694 1394 φέροι
709 1313 734 1376 δ’
751 1313 844 1394 ἔναρα
857 1312 1026 1394 βροτόεντα
1148 1329 1198 1388 480

127 1419 130 1425 ’
252 1419 368 1483 κτείνας
382 1413 467 1495 δήϊον
482 1415 585 1496 ἄνδρα,
600 1417 707 1499 χαρείη
724 1417 757 1481 δέ
772 1415 870 1499 φρένα
883 1413 1010 1498 μήτηρ.”

287 1518 350 1585 Ὦς
365 1518 457 1582 είπδν
473 1517 600 1601 ἀλόχοιο
616 1519 711 1600 φίλης
727 1522 760 1583 ἐν
774 1520 884 1602 χερσὶν
900 1520 989 1598 ἔθηκε

250 1621 330 1686 παῖδ’
348 1622 408 1686 ἔόν·
430 1620 449 1700 ή
466 1620 491 1685 δ’
510 1620 569 1702 ἀρα
581 1646 633 1700 μιν
649 1623 758 1700 κηάδεῖ
771 1620 878 1700 δέξατο
894 1622 998 1707 κόλπῳ

249 1725 391 1804 δακρυόεν
406 1721 576 1805 γελάσασα·
598 1723 690 1789 πόσις
705 1721 731 1786 δ’
747 1723 859 1803 ἐλέησε
875 1723 996 1802 νοήσας,

248 1828 331 1911 χειρί
341 1823 375 1889 τέ
388 1851 440 1907 μιν
455 1823 613 1906 κατέρεξεν
628 1825 700 1892 ἔπος
715 1825 739 1887 τ’
761 1826 847 1908 ἔφαι)
865 1826 899 1890 ἔκ
913 1827 937 1889 τ’
955 1828 1091 1906 ὀνόμαζε·
1146 1843 1177 1899 48
1181 1857 1193 1902 5

249 1937 267 1966 “
276 1929 423 2009 δαιμονίη,
438 1925 479 2009 μή
494 1929 547 2007 μοί
560 1951 590 1991 τι
603 1928 675 2006 λίην
690 1928 832 2012 ἀκαχίζεο
848 1932 941 2014 θυμῷ·

248 2035 283 2098 οὐ
296 2033 354 2117 γάρ
369 2033 415 2098 τίς
427 2033 458 2112 μ’
473 2032 550 2113 ὑπὲρ
564 2031 656 2097 αἶσαν
671 2032 746 2114 ἀνὴρ
758 2031 842 2098 Ἀϊδι
858 2033 1012 2116 προϊάψει·

246 2141 354 2217 μοῖραν
368 2135 393 2200 δ’
409 2134 444 2199 αθ
458 2133 526 2198 τινά
540 2141 619 2216 φημι
633 2135 828 2218 πεφυγμένον
843 2137 966 2218 ἔμμεναι
981 2139 1105 2215 ἀνδρῶν,

248 2240 282 2303 οὔ
296 2239 397 2315 κακόν,
414 2237 482 2302 οὐδὲ
495 2239 552 2316 μὲν
566 2239 689 2314 ἐσθλόν,
707 2239 783 2318 ἐπήν
798 2243 835 2303 τά
850 2247 952 2322 πρῶτα
967 2239 1099 2322 γίνηται.

248 2342 316 2406 ἀλλ’
334 2341 475 2409 είοοῖκον
490 2343 579 2406 ίοῦσα
594 2342 634 2404 τδ
647 2340 675 2403 α’
693 2341 782 2420 αὐτῆς
799 2343 872 2425 ἔργα
887 2344 996 2421 κόμιζε,
1143 2372 1192 2420 490

248 2446 334 2510 ίστόν
348 2444 373 2507 τ’
390 2442 545 2523 ἠλακάτην
559 2468 600 2519 τε,
618 2444 667 2508 καί
682 2444 887 2525 ἀμφιπόλοισι
903 2444 1009 2510 κέλευε

246 2549 334 2630 ἔργον
349 2548 540 2630 ἐποίχεσθαι·
562 2549 695 2629 πόλεμος
710 2547 736 2612 δ’
752 2548 896 2629 άνδρεσσι
910 2547 1040 2627 μελήσει

245 2655 348 2730 πᾶσιν,
363 2651 430 2731 ἐμοὶ
445 2651 479 2714 δέ
492 2649 636 2726 μάλιστα,
652 2651 699 2715 τοὶ
713 2649 797 2735 Ἰλίῳ
814 2649 1027 2733 ἐγγεγάασιυ.”

280 2752 345 2821 Ὣς
359 2753 417 2835 ἆρα
431 2752 577 2834 φωνήσας
592 2751 690 2836 κόρυθ’
707 2755 807 2818 είλετο
823 2754 965 2834 φαίδιμος
975 2753 1094 2838 Ἕκτωρ

244 2860 394 2940 ίππουριυ·
417 2857 532 2941 ἀλοχος
547 2859 580 2921 δὲ
595 2857 673 2937 φίλη
689 2855 807 2920 οἶκόνδε
820 2855 954 2936 βεβήκει
1138 2888 1187 2937 ⁴95

244 2958 525 3043 ἐντροπαλιζομένη,
542 2958 672 3041 θαλερὸν
685 2961 762 3022 κατὰ
775 2957 866 3041 δάκρυ
880 2959 1006 3043 χέουσα.

244 3064 324 3144 αἶψα
338 3062 363 3126 δ’
380 3060 473 3126 ἔπειθ’
490 3063 575 3126 ίκανε
589 3061 697 3141 δόμους
712 3060 745 3125 εὖ
758 3060 950 3130 ναιετάοντας
1040 3089 1044 3096 ·

239 3162 384 3246 Ἕκτορος
399 3165 606 3247 ἀνδροφόνοιο,
624 3161 771 3246 κιχήσατο
786 3162 811 3226 δ’
828 3163 928 3228 ἔνδοθι
943 3167 1061 3232 πολλᾶν

243 3267 445 3349 ἀμφιπόλους,
460 3268 550 3354 τῇσιν
564 3267 597 3331 δέ
611 3266 687 3348 γόον
701 3264 839 3354 πάσῃσιν
857 3270 999 3349 ἐνῶρσεν.

243 3372 275 3433 αί
288 3370 344 3450 μὲν
359 3370 403 3435 ἔτι
419 3369 494 3448 ζωὸν
507 3369 584 3451 γόου
592 3366 724 3451 Ἕκτορα
739 3367 763 3454 ᾧ
778 3371 826 3434 ἔυὶ
838 3373 920 3454 οίκῳ·
1137 3399 1187 3450 ,τοο

243 3472 277 3535 οὐ
292 3471 349 3554 γάρ
363 3497 416 3552 μιν
429 3471 470 3536 ἔτ’
487 3471 600 3553 ἔφαντο
615 3471 785 3554 ὑπότροπον
801 3474 834 3534 ἐκ
849 3469 995 3550 πολέμοιο

242 3574 370 3654 ἵξεσθαι,
387 3576 582 3658 προφυγόντα
595 3574 686 3654 μένος
700 3577 750 3640 καὶ
764 3579 869 3657 χεῖρας
881 3575 1024 3658 Ἀχαιῶν.

285 3678 364 3742 Οθδέ
380 3676 476 3759 Πάρις
490 3676 617 3758 δήθυνεν
632 3683 665 3745 ἐν
679 3680 830 3762 ὑψηλοῖσι
845 3679 992 3757 δόμοισιν,
