2760 4232
502 321 506 325 ’
595 334 768 396 υιιιυιοι.ι
1077 329 1138 414 983

191 505 326 581 εἰναλίης
341 529 374 568 τε
390 503 519 585 Κύπρου·
543 509 593 569 δδς
608 503 634 567 δ’
651 505 833 583 ἱμερόεσσαν
849 503 963 581 ἀοιδήν.
1125 531 1139 579 5

192 607 284 687 αύτδρ
300 608 359 689 ἐγδ
375 605 423 671 καί
440 613 507 672 σεῖο
523 607 572 670 καὶ
586 607 685 687 άλλης
698 606 829 686 μνήσομ’
846 608 955 684 ἀοιδῆς.

625 925 699 998 ΧῙ.

536 1102 597 1180 Εἷς
621 1099 661 1174 ’A
669 1102 792 1198 θηνᾶν.

232 1259 373 1324 Παλλάδ’
387 1259 553 1337 Ἀθηναίην
568 1262 763 1341 ἐρυσίπτολιν
777 1258 883 1340 ἄρχομ’
901 1260 1021 1335 ἀείδειν,

187 1363 296 1443 δεινήν,
311 1361 330 1450 ᾗ
346 1363 403 1428 σὺν
414 1363 507 1444 'Aput
519 1363 607 1442 μέλει
622 1362 774 1445 πολεμήϊα
789 1365 862 1445 ἔργα

188 1468 375 1546 περθόμεναί
388 1492 421 1530 τε
435 1468 548 1545 πόληες
564 1465 638 1546 ἀϋτή
654 1491 687 1531 τε
702 1468 850 1549 πτόλεμοί
863 1491 905 1540 τε,

187 1574 238 1635 καί
252 1571 278 1633 τ’
294 1571 438 1652 ἐρρύσατο
453 1570 531 1634 λαδν
547 1572 630 1634 ίόντα
645 1595 677 1634 τε
692 1573 853 1652 νισόμενόν
868 1596 910 1634 τε.

230 1679 335 1754 Χαῖρε,
352 1673 418 1752 θεά,
432 1674 484 1740 δὸς
498 1673 525 1738 δ’
541 1675 614 1755 ἀμμι
630 1676 725 1758 τύχην
740 1675 929 1755 εὐδαιμονίην
943 1700 985 1738 τε.

611 1980 707 2055 XII.

554 2149 615 2227 Εἷς
636 2145 766 2248 Ἥραν.

223 2299 324 2380 Ἥρην
340 2301 429 2364 ἀείδω
445 2299 659 2381 χρυσόθρονον,
674 2295 712 2376 ήν
726 2296 794 2361 τέκε
809 2296 899 2375 Ῥείη,

182 2403 334 2482 ἀθανάτην
348 2405 527 2484 βασίλειαν,
542 2402 705 2485 ὑπείροχον
723 2402 801 2468 εἶδος
817 2402 961 2483 ἔχουσαν,

183 2513 281 2586 Ζηνὸς
298 2507 488 2591 ἐριγδούποιο
504 2503 689 2588 κασιγνήτην
704 2505 822 2588 ἄλοχόν
836 2531 879 2579 τε,
1019 2576 1022 2580 ,

176 2609 302 2692 κυδρήν,
315 2609 354 2690 ήν
369 2611 480 2676 πάντες
494 2609 624 2690 μάκαρες
640 2607 715 2672 κατὰ
729 2607 842 2691 μακρὸν
852 2605 1015 2684 Ὄλυμπον
1030 2612 1046 2668 .’

182 2716 320 2794 ἁζόμενοι
336 2716 453 2779 τίουσιν
469 2716 548 2792 δμῶς
566 2711 618 2776 Διὶ
632 2713 860 2798 τερπικεραύνῳ.
925 2769 927 2774 .
1119 2741 1132 2788 5

596 3045 717 3121 XIII.

451 3173 567 3294 ΧΕἰς

593 3215 801 3316 Δήμητραν.

227 3380 359 3468 Δήμητρ’
373 3381 515 3462 ἠύκομον,
531 3383 645 3462 σεμνὴν
660 3383 740 3456 θεόν,
755 3381 861 3467 ἄρχομ’
877 3382 998 3459 ἀείδειν,

181 3487 274 3564 αύτὴν
290 3484 338 3550 καὶ
354 3489 468 3567 κούρην,
484 3485 669 3567 περικαλλέα
685 3486 926 3567 Περσεφόνειαν.

223 3594 327 3671 Χαῖρε,
344 3590 407 3668 θεά,
425 3591 473 3654 καὶ
490 3587 579 3671 τήνδε
594 3590 659 3652 σάω
680 3590 780 3665 πόλιν,
797 3590 873 3672 ἀρχε
888 3587 914 3654 δ’
928 3593 1041 3666 ἀοιδῆς.

262 3742 276 3790 5
293 3724 334 3774 καί
346 3724 423 3790 πόσης
433 3725 523 3790 κύπρον
535 3741 578 3791 xp.
677 3727 751 3778 ΧΙῙΙ.
770 3743 783 3776 2
801 3727 979 3790 φεροεφόνεαιν
989 3743 1030 3790 κρ.
