2874 4234
286 341 351 419 604
584 345 611 406 6.
636 347 869 408 ΟΔῪΣΣΕΙΑΣ
897 347 931 407 Ζ.

287 509 366 576 εἶδός
381 535 414 575 τε
429 509 556 594 μέγεθός
570 538 604 576 τε
619 510 700 591 φυήν
714 509 741 574 τ’
756 511 890 593 ἄγχιστα
905 509 1007 574 ἐίσκω·

288 615 315 675 εί
330 613 363 676 δέ
378 615 423 680 τίς
439 616 510 678 ἐσσι
525 621 651 697 βροτῶν,
669 613 715 678 τοὶ
731 612 780 678 ἐπὶ
795 615 884 699 χθονὶ
899 613 1082 689 ναιετάουσι,

286 716 484 797 τρισμάκαρες
499 720 554 796 μὲν
570 720 622 781 σοί
639 745 674 801 γε
691 719 787 799 πατὴρ
803 717 852 781 καί
868 719 974 781 πότνια
989 715 1094 797 μήτηρ,

286 820 485 900 τρισμάκαρες
500 823 533 885 δέ
549 824 736 904 κασίγνητοι·
759 820 842 902 μάλα
858 822 915 885 πού
930 829 1024 902 σφισι
1040 825 1131 899 θυμὸς
1186 848 1233 898 1⁵5

288 924 352 986 αίέν
366 925 590 1010 ἐΰφροσύνησιν
605 927 731 989 ἰαίνεται
747 928 848 989 εἵνεκα
863 929 942 998 σεῖο,

287 1028 483 1093 λευσσόντων
496 1031 615 1093 τοιόνδε
632 1027 724 1093 θάλος
740 1029 833 1112 χορὸν
849 1031 1070 1110 εἰσοιχνεῦσαν.

288 1130 385 1192 κεῖνος
402 1124 427 1190 δ’
442 1127 479 1189 αὖ
494 1129 563 1207 περὶ
579 1131 646 1208 κῆρι
661 1127 848 1208 μακάρτατος
865 1126 973 1210 ἔξοχον
989 1127 1103 1200 ἄλλων,

288 1231 321 1295 ὅς
338 1228 371 1291 κέ
386 1228 416 1291 σ’
431 1231 562 1295 ἐέδνοισι
576 1232 688 1312 βρίσας
704 1229 813 1294 οἶκόνδ’
830 1230 986 1313 ἀγάγηται.

287 1333 321 1396 ού
336 1333 392 1413 γάρ
407 1360 454 1397 πω
470 1338 606 1399 τοιοῦτον
624 1335 683 1416 ἐγὼ
699 1335 764 1398 ίδον
781 1334 998 1415 ὀφθαλμοῖσιν,
1186 1345 1234 1395 160

287 1435 347 1499 οὔτ’
362 1435 444 1518 ἄνδρ’
460 1437 528 1501 ούτε
542 1442 677 1520 γυναῖκα·
702 1438 799 1516 σέβας
814 1435 844 1516 μ’
856 1438 920 1520 ἔχει
937 1437 1130 1517 εἰσορόωντα.

290 1538 382 1624 Δήλῳ
399 1539 435 1618 δή
451 1567 523 1605 ποτε
539 1547 622 1605 τοῖον
636 1539 832 1607 ’Λπόλλωνος
849 1544 929 1622 παρὰ
944 1541 1038 1624 βωμῷ

288 1645 424 1722 φοίνικος
440 1644 505 1709 νέον
522 1646 606 1725 ἔρνος
623 1646 825 1727 ἀνερχόμενον
841 1646 964 1722 ἐνόησα·

288 1746 384 1825 ἦλθον
399 1747 456 1829 γὰρ
472 1744 520 1812 καὶ
537 1754 629 1823 κεῖσε,
647 1751 742 1814 πολὺς
758 1748 791 1812 δέ
804 1773 856 1828 μοι
871 1748 982 1812 ἕσπετο
998 1747 1073 1813 λαδς

288 1850 343 1928 τήν
362 1851 433 1914 ὁδὸν
447 1851 467 1937 ᾖ
481 1853 517 1931 δη
533 1857 664 1931 ἔμελλεν
679 1850 746 1932 ἐμοὶ
763 1855 838 1915 κακὰ
855 1849 932 1930 κήδε’
948 1852 1083 1915 ἔσεσθαι.
1188 1863 1233 1928 1⁶5

289 1954 329 2019 ὣς
344 1952 369 2017 δ’
384 1955 479 2021 αύτως
495 1954 543 2019 καὶ
560 1963 641 2020 κεῖνο
657 1957 728 2020 ἰδὼν
743 1953 889 2034 ἐτεθήπεα
905 1957 986 2040 θυμῷ

289 2056 351 2136 δήν,
370 2057 435 2122 ἐπεὶ
451 2060 486 2121 ού
501 2085 546 2121 πω
561 2065 644 2123 τοῖον
660 2058 810 2138 ἀνήλυθεν
827 2063 859 2124 ἐκ
876 2061 945 2140 δόρυ
960 2063 1057 2141 γαίης,

290 2162 329 2227 ὣς
345 2161 392 2240 σέ,
408 2163 504 2245 γύναι,
520 2163 636 2245 ἄγαμαί
648 2188 681 2226 τε
696 2164 813 2241 τέθηπά
827 2187 860 2226 τε
876 2161 969 2226 δείδιά
984 2160 1009 2226 τ’
1025 2165 1115 2228 αίνῶς

288 2267 404 2347 γούνων
420 2266 568 2348 ἅψασθαι·
591 2266 731 2348 χαλεπὸν
746 2266 780 2329 δέ
793 2291 831 2344 με
846 2264 956 2329 πένθος
973 2265 1079 2330 ἱκάνει.

288 2370 392 2452 χθιζὸς
408 2371 551 2454 ἐεικοστῷ
567 2369 665 2451 φύγον
680 2367 770 2446 ἤματι
786 2369 893 2431 οἴνοπα
907 2369 1029 2432 πόντον·
1186 2394 1233 2444 170

289 2475 388 2554 τόφρα
404 2473 437 2536 δέ
451 2471 481 2553 μ’
497 2471 554 2536 αἰεί
571 2470 635 2552 κῦμ’
651 2472 754 2551 ἐφόρει
770 2472 913 2553 κραιπναί
927 2495 960 2533 τε
976 2471 1103 2536 θύελλαι

289 2575 384 2654 νήσου
400 2575 450 2640 ἀπ’
465 2575 620 2658 Ὠγυγίης·
643 2581 696 2639 νῦν
712 2573 737 2638 δ’
754 2574 858 2639 ἐνθάδε
875 2574 1019 2655 κάββαλε
1035 2577 1160 2655 δαίμων,

290 2680 371 2761 όφρα
386 2681 417 2742 τί
430 2704 488 2744 που
504 2677 551 2743 καὶ
566 2680 635 2764 τῇδε
649 2679 736 2743 πάθω
752 2679 852 2742 κακόν·
876 2677 910 2740 ού
926 2681 983 2759 γὰρ
999 2676 1052 2742 ὀίω

289 2782 444 2858 παύσεσθ’,
462 2781 532 2847 ἀλλ’
548 2784 591 2847 ἐτι
607 2782 711 2846 πολλὰ
728 2783 790 2846 θεοὶ
805 2781 945 2846 τελέουσι
960 2782 1111 2862 πάροιθεν.

290 2887 381 2961 ἀλλά,
396 2886 515 2962 άνασσ’,
531 2889 657 2968 ἐλέαιρε·
682 2889 719 2949 σὲ
734 2885 791 2968 γὰρ
807 2885 882 2949 κακὰ
898 2884 1001 2950 πολλὰ
1016 2884 1153 2967 μογήσας
1188 2911 1234 2962 175

291 2994 321 3056 ἐς
337 2992 458 3072 πρώτην
474 2992 591 3069 ἱκόμην,
605 2996 664 3054 τῶν
679 2987 705 3053 δ’
721 2991 826 3052 ἄλλων
842 2989 876 3051 ού
891 3015 959 3052 τινα
975 2990 1040 3052 οἶδα

290 3095 465 3175 ἆνθρόπων,
481 3096 509 3158 οἳ
524 3094 612 3173 τήνδε
627 3095 720 3159 πόλιν
737 3093 786 3157 καί
800 3097 891 3175 γαῖαν
908 3095 1041 3175 ἔχουσιν.

291 3197 368 3260 ἄστυ
383 3199 416 3262 δέ
429 3223 481 3277 μοι
496 3195 604 3276 δεῖξον,
619 3197 669 3263 δὸς
686 3199 718 3258 δέ
733 3196 822 3278 ῥάκος
839 3196 1081 3276 ἀμφιβαλέσθαι,

291 3304 319 3366 εί
332 3304 363 3366 τί
376 3327 434 3364 που
450 3303 556 3380 είλυμα
576 3301 710 3381 σπείρων
726 3299 796 3382 ἔχες
812 3297 912 3363 ἐνθάδ’
928 3302 1026 3363 ίοῢσα.

290 3407 341 3468 σοὶ
358 3406 390 3467 δὲ
406 3403 470 3469 θεοὶ
485 3405 561 3467 τόσα
576 3410 655 3468 δοῖεν
672 3404 732 3466 ὅσα
748 3404 842 3484 φρεσὶ
859 3407 934 3489 σῇσι
949 3404 1098 3486 μενοινᾷς,
1189 3418 1236 3466 180

290 3509 384 3588 ἄνδρα
398 3533 432 3572 τε
449 3509 497 3571 καὶ
513 3507 596 3571 οἶκον
608 3509 656 3571 καὶ
672 3507 885 3588 ὁμοφροσύνην
899 3507 1048 3568 ὀπάσειαν

290 3610 414 3689 ἐσθλήν·
438 3611 472 3674 ού
485 3613 541 3689 μὲν
556 3614 613 3692 γὰρ
628 3616 681 3674 τοῦ
696 3637 732 3693 γε
749 3615 891 3692 κρεῖσσον
907 3609 955 3670 καὶ
971 3606 1083 3686 ἄρειον,

290 3714 309 3796 ἢ
325 3714 370 3780 ὅθ’
385 3714 606 3797 ὁμοφρονέοντε
622 3712 771 3794 νοήμασιν
786 3712 868 3776 οἶκον
884 3711 993 3793 ἔχητον
