2834 4234
496 372 543 431 14
567 356 804 416 οΔςΣΣυιΑΣ
835 353 873 416 Ξ.
1094 351 1153 428 731

209 530 229 559 “
239 523 321 603 ξεῖν’,
341 525 375 588 οὔ
389 550 441 604 μοι
457 523 541 602 θέμις
557 522 630 601 ἔστ’,
646 521 707 587 οὐδ’
723 526 751 588 εἰ
766 524 876 586 κακίων
891 521 982 584 σέθεν
997 521 1093 596 ἔλθοι,

208 628 308 706 ξεῖνον
323 629 475 707 άτιμῆσαι·
499 634 573 708 πρὸς
587 627 645 710 γὰρ
661 631 736 693 Διός
752 630 832 690 εἰσιν
847 627 976 690 ἅπαντες

208 732 302 810 ξεῖνοί
316 757 350 796 τε
364 734 481 814 πτωχοί
495 753 538 796 τε·
561 733 646 796 δόσις
661 729 686 795 δ’
704 732 794 812 ὀλίγη
810 757 843 794 τε
859 730 935 809 φίλη
951 753 984 790 τε

208 840 343 917 γίγνεται
357 836 495 916 ἡμετέρη·
518 835 611 916 ἡγὰρ
626 837 731 912 δμώων
748 836 814 912 δίκη
831 832 916 898 ἐστὶν

207 938 267 1004 ald
281 942 443 1015 δειδιότων,
460 938 502 1002 ὅτ’
517 941 733 1020 ἐπικρατέωσιν
748 939 874 1002 ἄνακτες
1124 947 1157 994 60

208 1047 237 1106 οἱ
253 1044 323 1108 νέοι.
367 1043 386 1121 ἦ
401 1042 459 1125 γὰρ
474 1049 526 1106 τοῦ
540 1070 576 1125 γε
592 1045 656 1106 θεοὶ
672 1043 746 1105 κατὰ
762 1043 873 1105 νόστον
888 1041 1010 1116 έδησαν,

208 1150 241 1212 ὃς
257 1172 310 1210 κεν
324 1145 369 1227 ἔμ’
384 1147 527 1213 ἐνδυκέως
544 1149 647 1228 ἐφίλει
664 1145 713 1209 καὶ
730 1148 835 1223 κτῆσιν
850 1147 1001 1219 ὄπασσεν,

208 1250 258 1314 οῖά
272 1275 305 1314 τε
322 1248 345 1336 ᾧ
361 1253 440 1329 οἰκῆϊ
455 1249 534 1329 ὀναξ
548 1251 674 1328 εὔθυμος
689 1251 808 1324 ἔδωκεν,

208 1355 292 1417 οἶκόν
306 1380 339 1418 τε
356 1357 468 1436 κλῆρόν
482 1381 517 1419 τε
531 1353 749 1433 πολυμνήστην
763 1379 797 1416 τε
811 1357 948 1436 γυναῖκα,

208 1459 242 1523 ὅς
257 1460 286 1521 οἱ
301 1459 404 1522 πολλὰ
421 1458 542 1543 κάμῃσι,
560 1459 628 1525 θεδς
643 1457 669 1521 δ’
684 1455 734 1521 ἐπὶ
750 1458 840 1539 ἔργον
855 1455 940 1542 άέξη,
1125 1465 1157 1526 65

208 1562 248 1627 ὡς
264 1559 312 1624 καῖ
329 1561 393 1640 ἐμοὶ
408 1563 477 1626 τόδε
493 1564 582 1645 ἔργον
598 1561 723 1640 ἀέξεται,
740 1559 763 1647 ᾧ
780 1562 938 1640 ἐπιμίμνω.

208 1667 251 1748 τῷ
268 1665 301 1728 κέ
314 1691 353 1744 με
369 1664 460 1730 πόλλ’
475 1667 594 1744 ὤνησεν
613 1665 698 1744 ἄναξ,
714 1668 741 1730 εί
757 1663 857 1728 αὐτόθ’
873 1663 975 1746 ἐγήρα·

209 1767 279 1832 ἀλλ’
293 1767 460 1836 ὄλεθ’-ὦς
475 1767 593 1849 ὤφελλ’
606 1769 736 1848 Ἑλένης
752 1771 812 1832 άπὸ
828 1774 927 1848 φῦλον
943 1769 1072 1830 ὀλέσθαι

208 1873 332 1954 πρόχνυ,
344 1872 411 1937 ε’πελ
425 1879 551 1937 πολλῶν
567 1875 683 1952 ἀνδρῶν
697 1873 756 1936 ὑπὸ
771 1870 890 1953 γούνατ’
905 1872 1007 1934 ἔλυσε·

208 1974 329 2057 καὶγὰρ
345 1981 443 2042 κεῖνος
458 1977 517 2055 ἔβη
533 1973 760 2055 Ἀγαμέμνονος
775 1977 874 2038 εἵνεκα
890 1976 977 2053 τιμῆς
1127 1999 1158 2048 70

205 2081 302 2143 Ἴλιον
317 2081 360 2145 είς
376 2080 525 2156 εὔπωλον,
541 2081 591 2142 ἵνα
605 2080 746 2160 Τράεσσι
760 2077 916 2162 μόχοιτο.”

245 2182 310 2250 Ὣς
324 2185 418 2247 εἰπὸν
434 2185 563 2264 ζωστῆρι
579 2188 655 2250 θοῶς
671 2184 815 2264 συνέεργε
830 2187 955 2264 χιτῶυα,

209 2290 251 2366 βῆ
267 2285 293 2350 δ’
308 2287 373 2366 ίμεν
389 2290 421 2353 ές
436 2287 579 2367 συφεούς,
599 2289 649 2350 ὅθι
664 2288 755 2351 ἔθνεα
770 2292 881 2370 ἔρχατο
895 2289 1016 2368 χοίρων.

210 2391 296 2454 ἔνθεν
312 2392 392 2454 ἑλὼν
406 2389 449 2454 δύ
465 2391 560 2455 ἔνεικε
576 2392 624 2454 καὶ
640 2392 828 2472 ἀμφοτέρους
845 2389 987 2472 ἱέρευσεν,

210 2495 280 2558 εὗσέ
295 2521 329 2559 τε
342 2495 509 2575 μίστυλλέν
523 2521 557 2559 τε
573 2492 621 2558 καὶ
636 2494 712 2575 ἄμφ’
727 2497 889 2575 ὀβελοῖσιν
903 2495 1031 2574 ἔπειρεν.
1129 2517 1159 2567 55

210 2598 346 2677 ὀπτήσας
361 2599 386 2663 δ’
400 2600 457 2680 όρα
472 2598 571 2663 πάντα
586 2600 688 2679 φέρων
702 2597 845 2681 παρέθηκ’
859 2598 987 2676 Ὀδυσῆι·

211 2701 293 2783 θέρμ’
307 2703 409 2769 αὐτοῖς
423 2704 595 2783 ὀβελοῖσιν·
619 2705 636 2765 ό
651 2701 677 2766 δ’
691 2704 809 2784 ἄλφιτα
822 2701 914 2766 λευκὰ
930 2702 1073 2766 πάλυνεν·

211 2808 243 2869 έν
257 2804 283 2869 δ’
297 2808 354 2887 άρα
369 2808 522 2890 κισσυβίῳ
540 2809 623 2886 κίρνη
639 2807 784 2885 μελιηδέα
799 2808 892 2884 οἶνον,

211 2910 298 2976 αι’πδς
313 2909 338 2974 δ’
354 2913 457 2975 άντίον
471 2912 543 2988 ῖζεν,
559 2912 728 2992 ἐποτρύνων
744 2912 777 2974 δέ
791 2912 956 2991 προσηύδα·

211 3021 227 3048 “
240 3014 325 3078 ἔσθιε
341 3019 404 3092 νῦν,
420 3011 444 3078 ὦ
460 3012 550 3092 ξεῖνε,
565 3013 603 3077 τά
618 3039 651 3079 τε
666 3016 802 3093 δμώεσσι
820 3013 961 3095 πάρεστι,
1127 3029 1160 3075 80

211 3115 317 3200 χοίρε’·
340 3119 415 3199 ἀτὰρ
430 3117 557 3183 σιάλους
572 3145 608 3195 γε
623 3119 698 3184 σύας
712 3121 882 3199 μνηστῆρες
897 3119 1027 3196 ἔδουσιν,

211 3222 263 3284 ούκ
278 3223 366 3285 ὄπιδα
382 3221 563 3302 φρονέοντες
582 3220 626 3285 ἐνὶ
641 3225 752 3302 φρεσὶν
767 3219 829 3285 οόδ’
843 3221 977 3300 ἐλεητύν.

212 3325 246 3388 οὐ
260 3326 316 3404 μὲν
331 3325 459 3408 σχέτλια
474 3326 547 3406 ἔργα
563 3323 625 3389 θεοῖ
639 3323 768 3404 μάκαρες
784 3324 955 3406 φιλέουσιν,

212 3430 294 3490 ἀλλὰ
309 3429 394 3506 δίκην
407 3431 506 3494 τίουσι
522 3427 571 3492 καὶ
586 3430 693 3508 αἴσιμα
709 3430 771 3510 ἔργ’
787 3430 961 3509 ἀνθρώπων.

212 3531 259 3593 καὶ
273 3533 329 3611 μὲν
341 3532 503 3611 δυσμενέες
518 3531 567 3596 καῖ
582 3532 731 3612 ἀνάρσιοι,
747 3535 780 3596 οῖ
792 3530 818 3594 τ’
834 3530 883 3596 ἐπὶ
897 3537 986 3614 γαίης
1129 3549 1160 3608 85

212 3637 373 3716 ἀλλοτρίης
388 3643 489 3716 βῶσιν
504 3637 557 3700 καί
569 3645 629 3718 σφι
645 3637 720 3702 Ζεὺς
731 3635 823 3715 ληίδα
838 3637 907 3724 διάη.

211 3738 401 3817 πλησάμενοι
416 3739 449 3803 δέ
463 3766 497 3804 τε
512 3743 585 3817 νῆας
602 3742 680 3820 ἔβαν
693 3741 813 3805 οἶκόνδε
827 3740 958 3819 νέεσθαι,
