2728 4230
261 295 320 380 136
578 309 614 378 η.
638 301 809 361 ιλικλον
835 302 875 362 H.

258 471 290 532 ἐν
305 469 340 553 τῇ
356 463 383 530 δ’
400 462 551 551 ἑβδομάτῃ
566 467 639 550 ῥινῷ
657 479 760 549 σχέτο·
783 465 920 547 δεότερος
935 465 1006 532 αὖτε

257 574 331 634 Αἴας
346 568 483 650 διογενὴς
498 567 596 648 προίει
611 570 809 652 δολιχόσκιον
825 569 926 652 ἔγχος,

258 674 305 736 καὶ
320 671 586 754 βάλεΠριαμίδοο
603 669 666 736 κατ’
684 673 799 736 ἀσπίδα
815 669 943 734 πάντοσ’
959 669 1054 750 ἐίσην.
1152 700 1200 749 250

257 775 305 838 διὰ
319 776 375 855 μὲν
390 775 518 838 ἀσπίδος
534 773 609 853 ἦλθε
624 761 751 854 φαεινῆς
768 777 897 855 ὄβριμον
912 775 1012 858 ἔγχος,

258 879 306 942 καὶ
322 880 372 941 διά
387 876 518 956 θώρηκος
534 876 759 940 πολυδαιδάλου
773 876 943 959 ἠρήρειστο·

257 980 376 1061 ἀντικρὺ
391 983 424 1044 δὲ
440 980 531 1066 παραὶ
546 978 686 1058 λαπάρην
701 979 830 1060 διάμησε
844 987 960 1064 χιτῶνα

257 1083 356 1165 ἔγχος·
379 1084 396 1144 ά
410 1079 436 1146 δ’
451 1083 574 1161 ἐκλίνθη
591 1083 639 1145 καὶ
655 1082 783 1147 ἀλεύατο
799 1086 875 1163 κῆρα
888 1069 1044 1162 μέλαιναν.

257 1186 297 1248 τὼ
313 1183 339 1248 δ’
355 1184 597 1265 ἐκσπασσαμένω
613 1183 712 1268 δολίχ’
729 1185 823 1268 έγχεα
837 1187 947 1269 χερσὶν
961 1185 1010 1264 ἀμ’
1027 1187 1118 1267 άμφω
1152 1215 1198 1262 ²55

257 1289 313 1354 σάν
326 1286 359 1370 ῥ’
375 1289 487 1353 ἔπεσον
499 1289 637 1352 λείουσιν
652 1289 783 1353 ἐοικότες
799 1287 1020 1371 ὠμοφάγοισιν,

255 1391 274 1470 ἢ
290 1392 362 1456 σνσὶ
378 1391 548 1472 κάπροισιν,
564 1397 623 1456 τῶν
637 1417 670 1456 τε
686 1391 793 1457 σθένος
809 1391 861 1455 οάκ
877 1393 1062 1458 ἀλαπαδνόν.

256 1496 422 1576 Πριαμίδης
436 1495 492 1574 μὲν
507 1494 611 1557 ἔπειτα
624 1493 722 1574 μέσον
736 1493 829 1561 σάκος
845 1493 956 1558 οὔτασε
972 1497 1063 1576 δουρί,

256 1595 317 1662 οὐδ’
333 1595 455 1680 ἔρρηξεν
472 1597 598 1686 χαλκόν,
616 1596 811 1679 ἀνεγνάμφθη
828 1595 861 1661 δέ
877 1599 906 1660 οἱ
922 1595 1024 1680 αἰχμή.

256 1705 331 1768 Αἴας
346 1699 372 1765 δ’
388 1701 503 1764 ἀσπίδα
519 1697 605 1778 νάξεν
621 1699 799 1781 ἐπάλμενος·
821 1699 840 1778 ἡ
857 1704 891 1764 δὲ
907 1700 1015 1782 διαπρδ
1152 1715 1200 1764 260

255 1806 365 1884 ήλυθεν
380 1804 494 1886 ἐγχείη,
515 1800 681 1883 στυφέλιξε
696 1803 729 1866 δέ
742 1828 794 1883 μιν
808 1809 958 1884 μεμαώτο,

256 1907 369 1991 τμήδην
384 1905 411 1971 δ’
426 1903 526 1988 αὐχέν’
544 1908 667 1985 ἐπῆλθε,
682 1905 780 1986 μέλαν
794 1903 821 1970 δ’
836 1905 992 1985 ἀνεκήκιεν
1007 1909 1089 1986 αἷμα.

256 2009 326 2074 ἀλλ’
341 2008 404 2074 οὐδ’
421 2010 464 2076 ὣς4
475 2008 610 2092 ἀπέληγε
623 2008 723 2093 μάχης
739 2010 934 2091 κορυθαίολος
945 2008 1074 2090 Ἕκτωρ,

255 2111 326 2178 ἀλλ’
342 2110 594 2196 ἀναχασσάμενος
609 2112 697 2176 λίθον
713 2114 813 2176 είλετο
827 2113 908 2196 χειρὶ
924 2114 1036 2198 παχείῃ

256 2221 391 2298 κείμενον
406 2218 440 2281 ἐν
453 2218 555 2302 πεδίῳ,
570 2215 697 2297 μέλανα,
714 2217 825 2301 τρηχόν
840 2241 873 2280 τε
886 2215 983 2298 μέγαν
997 2237 1040 2280 τε·
1153 2231 1200 2293 265

255 2323 295 2406 τῷ
311 2320 411 2401 βάλεν
427 2322 555 2386 Αἴαντος
571 2319 669 2384 δεινδν
685 2319 777 2386 σάκος
794 2320 976 2399 ἑπταβόειον

253 2423 373 2506 μέσσον
386 2421 589 2508 ἐπομφάλιον·
611 2420 797 2505 περιήχησεν
813 2419 839 2486 δ’
855 2423 912 2503 ἀρα
925 2421 1052 2504 χαλκός.

255 2526 390 2607 δεύτερος
406 2522 468 2589 αὖτ’
484 2527 560 2608 Αἴας
575 2523 654 2587 πολὺ
669 2524 791 2603 μείζονα
807 2527 887 2588 λᾶαν
902 2525 1003 2605 ἀείρας

254 2630 299 2709 ἦκ’
317 2628 500 2708 ἐπιδινήσας,
516 2627 654 2709 ἐπέρεισε
669 2630 702 2691 δὲ
716 2627 754 2691 ἶν’
771 2627 949 2710 ἀπέλεθρον,

256 2735 328 2796 εἴσω
347 2731 372 2796 δ’
389 2731 493 2796 ἀσπίδ’
507 2728 576 2809 ἔαξε
590 2731 699 2810 βαλὸν
712 2729 866 2810 μυλοειδέϊ
881 2730 989 2817 πέτρῳ,
1152 2759 1201 2808 270

254 2835 363 2918 βλάψε
378 2834 412 2898 δέ
426 2837 455 2899 οἱ
471 2835 549 2916 φίλα
563 2833 693 2916 γούναθ’·
716 2834 733 2897 ά
749 2832 773 2897 δ’
789 2834 894 2900 ὕπτιος
909 2831 1090 2912 ἐξετανύσθη

255 2939 360 3002 ἀσπίδι
376 2937 581 3020 ἐγχριμφθείς·
605 2935 657 3000 τὸν
672 2933 699 2999 δ’
715 2934 782 3017 αἶψ’
799 2935 941 3017 ὤρθωσεν
953 2935 1127 3000 Ἀπόλλων.

255 3043 306 3104 καί
318 3040 353 3104 ντί
368 3067 401 3105 κε
416 3040 452 3120 δή
469 3038 608 3132 ξιφέεσσ’
625 3038 811 3121 αὐτοσχεδὸν
827 3037 995 3117 οὐτάζοντο,

255 3147 282 3208 εἰ
296 3143 337 3224 μή
353 3142 484 3224 κήρυκες,
501 3139 575 3208 Διδς
589 3141 716 3224 ἄγγελοι
730 3141 783 3220 ἠδὲ
799 3141 847 3204 καὶ
862 3143 985 3223 ἀνδρῶν,

254 3247 359 3327 ἦλθον,
376 3248 461 3326 ὁμὲν
474 3246 595 3327 Τρώων,
612 3246 629 3307 ὁ
644 3243 668 3306 δ’
684 3244 819 3326 Ἀχαιῶν
832 3242 1078 3327 χαλκοχιτώνων,
1153 3269 1200 3318 255

253 3349 428 3429 Ταλθύβιός
442 3374 475 3413 τε
491 3349 539 3412 καὶ
552 3347 670 3423 Ἰδαῖος,
688 3345 864 3426 πεπνυμένω
880 3347 980 3426 ἀμφω·

253 3452 359 3537 μέσσῳ
375 3449 399 3516 δ’
417 3450 593 3532 ἀμφοτέρων
609 3452 746 3526 σκῆπτρα
761 3448 884 3532 σχέθον,
902 3446 967 3512 εἶπέ
982 3473 1016 3512 τε
1030 3451 1126 3530 μῦθον

255 3552 348 3637 κῆρυξ
361 3551 478 3630 Ἰδαῖος,
494 3550 666 3633 πεπνυμένα
680 3551 776 3631 μήδεα
791 3551 887 3617 εἰδώς·
945 3550 948 3579 ¹

256 3670 275 3696 ‘⁴
283 3656 397 3739 μηκέτι,
414 3662 502 3721 παῖδε
518 3657 610 3736 φίλω,
627 3656 804 3736 πολεμίζετε
817 3657 893 3736 μηδὲ
907 3653 1074 3739 μάχεσθον·
