2792 4232
483 371 532 434 14
563 357 734 418 ΙΛΙΑΔΟΣ
758 357 796 420 Ξ.
1048 359 1110 440 ο89

168 523 236 595 οὐδὲ
250 522 309 605 γὰρ
323 521 342 602 ἦ
358 521 537 607 Προμάχοιο
552 523 649 605 δάμαρ
657 523 903 608 ,Ἀλεγηνορίδαο

169 627 252 707 ἀνδρὶ
268 627 350 712 φίλῳ
367 628 488 692 ἐλθόντι
502 628 700 710 γανύσσεται,
717 629 832 693 ὁππότε
848 655 898 693 κεν
913 628 949 707 δὴ

170 731 202 792 ἐκ
215 730 327 811 Τροίης
342 729 399 794 σδν
415 732 503 810 νηυσί
520 732 654 810 νεώμεθα
670 737 770 812 κοῦροι
784 731 945 814 Ἀχαιῶν.”
1064 759 1111 808 505

204 831 269 899 Ὣς
283 831 373 914 φάτο,
386 833 454 899 τοὺς
465 833 490 896 δ’
507 833 565 916 άρα
577 833 691 900 πάντας
701 834 760 898 ὑπὸ
775 835 884 915 τρόμος
896 834 1014 914 ἔλλαβε
1031 841 1111 917 γυῖα,

168 932 322 1013 πάπτηνεν
337 938 371 1000 δὲ
384 935 510 1002 ἕκαστος
525 937 586 1020 ὅπῃ
601 935 693 1018 φύγοι
709 936 799 1000 αἰπὺν
814 939 951 1016 ὄλεθρον.

209 1036 345 1102 Ἕσπετε
360 1043 413 1101 νῦν
426 1063 487 1117 μοι,
504 1042 629 1102 Μοῦσαι
643 1038 800 1117 Ὀλύμπια
815 1038 924 1118 δώματ’
942 1037 1079 1122 ἔχουσαι,

169 1141 202 1206 ός
218 1165 262 1206 τις
277 1140 313 1219 δὴ
329 1145 446 1220 πρῶτος
461 1141 616 1222 βροτόεντ’
633 1121 784 1222 ἀνδράγρι’
799 1140 936 1223 Ἀχαιῶν

168 1241 261 1322 ἤρατ’,
278 1245 346 1307 ἐπεί
358 1243 385 1325 ῥ’
402 1243 501 1308 ἔκλινε
515 1241 617 1327 μάχην
633 1245 739 1310 κλυτὸς
755 1245 953 1323 ἐννοσίγαιος.
1064 1267 1113 1319 5¹0

169 1348 241 1412 Αἴας
255 1347 294 1428 ῥα
309 1352 424 1427 πρῶτος
438 1345 633 1424 Τελαμόνιος
644 1344 767 1427 Ὕρτιον
782 1346 854 1410 οὖτα

169 1441 341 1522 Γυρτιάδην,
358 1446 474 1506 Μυσῶν
488 1441 622 1524 ἡγήτορα
637 1447 870 1528 καρτεροθύμων·

169 1543 336 1623 Φάλκην,δ’
350 1543 533 1628 Ἀντίλοχος
547 1549 597 1611 καὶ
616 1548 776 1630 Μέρμερον
790 1548 932 1630 ἐξενάριξ
948 1569 956 1587 ·

170 1648 323 1727 Μηριόνης
339 1651 371 1711 δὲ
387 1647 493 1729 Μόρυν
506 1674 539 1713 τε
554 1652 603 1714 καὶ
618 1650 800 1716 Ἱπποτίωνα
815 1652 952 1725 κατέκτα,

168 1755 297 1830 Τεῦκρος
313 1752 346 1815 δέ
361 1750 528 1832 Προθόωνά
542 1751 566 1814 τ’
583 1751 710 1833 ἐνήρατο
725 1756 775 1818 καὶ
790 1754 976 1836 Περιφήτην·
1064 1782 1111 1834 515

168 1849 322 1933 Ἀτρείδης
337 1853 362 1917 δ’
378 1853 422 1934 ἄρ’
440 1853 535 1918 ἔπειθ’
549 1853 744 1936 Ὑπερήνορα,
760 1856 889 1936 ποιμένα
903 1863 994 1932 λοῶν,

169 1954 240 2018 οὖτα
256 1959 332 2019 κατὰ
346 1955 493 2038 λαπάρην,
509 1961 559 2022 διδ
573 1956 601 2022 δ’
619 1959 723 2040 ἔντερα
737 1959 854 2042 χαλκὸς
870 1959 994 2039 ἄφυσσε

169 2058 297 2142 δῃώσας·
320 2058 407 2141 ψυχὴ
423 2061 455 2122 δὲ
470 2059 532 2122 κατ’
549 2059 715 2140 οὐταμένην
730 2061 858 2141 ὠτειλὴν

170 2160 272 2223 ἔσσυτ’
288 2160 475 2243 ἐπειγομένη,
492 2162 545 2226 τὸν
560 2165 593 2226 δέ
608 2164 718 2228 σκότος
736 2165 814 2228 ὄσσε
829 2163 959 2246 κάλυψε.

169 2263 331 2329 πλείστους
346 2261 372 2327 δ’
387 2266 463 2329 Αίος
478 2266 569 2342 εἶλεν,
585 2263 712 2343 Ὀϊλῆος
725 2264 818 2350 ταχὺς
832 2266 906 2332 υἱός·
1062 2291 1111 2344 ⁵²0

170 2363 204 2425 οὐ
217 2364 275 2445 γάρ
290 2367 322 2430 οί
335 2389 381 2431 τις
396 2367 497 2444 ὁμοῖος
513 2364 699 2430 ἐπισπέσθαι
714 2368 808 2432 ποσὶν
822 2365 876 2446 ἦεν

169 2469 283 2550 ἀνδρῶν
298 2467 503 2549 τρεσσάντων,
518 2471 570 2536 ὅτε
584 2494 618 2534 τε
632 2469 708 2536 Ζεδς
723 2471 757 2536 ἐν
773 2471 877 2551 φόβον
893 2471 981 2558 ὄρσῃ.
