2834 4234
156 398 161 404 ,
277 351 338 413 712
574 351 623 397 12.
646 336 880 398 ΟΔΎΣΣΕΙΑΣ
912 337 954 396 Μ.

275 507 431 590 κεκληγὼς
447 506 590 589 Ζέφυρος,
606 507 725 594 μεγάλῃ
740 507 798 572 σὺν
813 511 943 573 λαίλαπι
961 506 1047 582 θύων,

275 613 360 674 ἱστοῦ
376 613 408 674 δέ
427 613 590 693 προτόνους
609 609 706 693 ἔρρηξ’
721 611 842 693 ἀνέμοιο
859 611 973 676 θύελλα

275 715 471 796 ἀμφοτέρους·
497 718 580 781 ῖστδς
596 715 621 779 δ’
639 715 739 778 ὀπίσω
754 715 858 794 πέσεν,
874 717 956 778 ὅπλα
972 741 1005 778 τε
1020 714 1118 780 πάντα
1171 741 1221 790 410

276 820 318 884 είς
333 816 446 882 άντλον
462 817 632 901 κατέχυνθ’·
657 821 674 881 ὄ
689 816 713 882 δ’
729 818 786 900 ἀρα
802 820 918 906 πρύμνῃ
934 820 978 883 ἐνὶ
994 813 1043 896 νηί

274 920 373 1000 πλῆξε
388 919 576 1002 κυβερνήτεω
593 919 739 1001 κεφαλήν,
756 921 812 986 σδν
828 923 853 986 δ’
869 923 952 988 ὀστέ’
966 922 1059 1004 άραξε

274 1024 359 1089 πάντ’
376 1026 480 1102 ἄμυδις
496 1029 640 1106 κεφαλῆς·
665 1027 680 1087 ὁ
696 1025 721 1089 δ’
737 1025 783 1106 ἀρ’
798 1027 954 1109 ἀρνευτῆρι
970 1029 1071 1092 ἐοικὼς

276 1127 406 1192 κάππεσ’
423 1129 472 1192 ἀπ’
491 1130 630 1209 ἰκριόφιν,
646 1130 718 1192 λίπε
734 1129 758 1192 δ’
776 1130 868 1193 ὀστέα
883 1131 974 1210 θυμδς
990 1129 1119 1211 ἀγήνωρ.

274 1232 349 1297 Ζεδς
365 1231 390 1295 δ’
407 1233 511 1312 ἄμυδις
527 1233 680 1313 βρόντησε
697 1230 744 1296 καὶ
760 1233 879 1313 ἔμβαλε
894 1234 944 1312 νηί
959 1236 1110 1315 κεραυνόν·
1169 1260 1218 1309 415

271 1334 289 1412 ἡ
307 1335 332 1399 δ’
348 1337 493 1416 ἐλελίχθη
510 1340 595 1398 πᾶσα
613 1342 685 1402 Διὸς
700 1342 854 1418 πληγεῖσα
871 1341 1010 1422 κεραυνῷ,

273 1441 305 1501 ἐν
321 1441 356 1501 δέ
371 1439 470 1502 θεείου
486 1442 594 1517 πλῆτο·
637 1439 734 1504 πέσον
749 1439 775 1504 δ’
789 1443 821 1504 ἐκ
838 1441 908 1518 νηδς
924 1445 1044 1522 έταῖροι.

273 1544 301 1604 οἱ
317 1545 349 1606 δὲ
366 1542 532 1629 κορώνῃσιν
546 1544 643 1607 ίκελοι
657 1541 725 1625 περὶ
741 1549 798 1623 νῆα
812 1545 960 1624 μέλαιναν

272 1646 402 1724 κύμασιν
417 1646 609 1728 ἐμφορέοντο,
623 1647 690 1714 θεὸς
707 1649 731 1712 δ’
747 1650 909 1713 ἀποαίνυτο
924 1652 1045 1714 νόστον.

315 1748 415 1831 Αὐτὰρ
432 1751 491 1833 ἐγὼ
508 1750 557 1815 διὰ
572 1758 643 1830 νηὸς
660 1752 797 1833 ἐφοίτων,
814 1750 883 1833 ὄφρ’
898 1754 958 1816 ἀπὸ
973 1755 1093 1835 τοίχους
1168 1781 1218 1828 420

270 1858 347 1916 λῦσε
365 1854 480 1918 κλύδων
496 1857 626 1935 τρόπιος·
650 1857 705 1934 τὴν
720 1859 753 1920 δέ
768 1857 867 1940 ψιλὴν
882 1857 957 1938 φέρε
973 1863 1057 1942 κῦμα.

270 1959 303 2019 ἐκ
319 1956 353 2020 δέ
369 1961 398 2021 οἱ
415 1958 501 2022 ίστδν
516 1958 608 2041 ἄραξε
623 1958 692 2023 ποτὶ
707 1961 822 2041 τρόπιν·
846 1960 939 2038 αὐτὰρ
955 1960 1000 2026 ἐπ’
1016 1962 1094 2045 αὐτῷ

270 2063 405 2129 ἐπίτονος
421 2063 572 2144 βέβλητο,
588 2064 664 2146 βοὸς
678 2067 774 2148 ῥινοῖο
789 2066 946 2148 τετευχώς.

268 2170 308 2252 τῷ
320 2166 349 2249 ῥ’
366 2169 455 2248 ἀμφω
472 2169 635 2250 συνέεργον
650 2170 724 2248 ὁμοῦ
739 2171 845 2249 τρόπιν
860 2171 913 2248 ήδέ
930 2172 977 2234 καὶ
993 2171 1087 2249 ἱστόν,

270 2273 409 2350 ἑζόμενος
424 2270 448 2335 δ’
464 2269 513 2334 ἐπὶ
528 2277 591 2337 τοῖς
609 2273 744 2353 φερόμην
760 2273 862 2338 ὀλοοῖς
879 2274 1045 2352 ἀνέμοισιν.
1166 2303 1215 2352 4²5

309 2373 397 2440 Ἔνθ’
412 2374 431 2454 ῆ
447 2401 493 2438 τοι
511 2376 647 2457 Ζέφυρος
662 2379 718 2456 μὲν
735 2377 886 2440 ἐπαύσατο
903 2381 1031 2441 λαίλαπι
1048 2379 1136 2455 θύων,

270 2479 345 2558 ἦλθε
361 2476 386 2542 δ’
402 2480 452 2542 ἐπὶ
468 2481 565 2546 Νότος
581 2477 651 2555 ἀικα,
668 2478 769 2558 φέρων
786 2481 846 2564 ἐμῷ
863 2481 961 2562 άλγεο
977 2483 1065 2567 θυμῷ,

270 2579 339 2661 ὄφρ’
355 2581 399 2644 ἐτι
414 2582 469 2660 τῆν
484 2583 579 2662 ὀλοήν
594 2580 831 2662 ἀναμετρήσαιμι
846 2584 1012 2666 Χάρυβδιν.

269 2686 433 2769 παννύχιος
449 2688 594 2767 φερόμην,
610 2686 671 2764 ἅμα
686 2683 711 2750 δ’
726 2686 818 2772 ήελίιρ
835 2689 948 2752 ἀνιόντι

269 2789 363 2867 ἦλθον
379 2792 428 2854 ἐπὶ
445 2792 581 2867 Σκύλλης
600 2791 752 2854 σκόπελον
768 2789 869 2868 δεινήν
885 2818 917 2855 τε
933 2791 1097 2873 Χάρυβδιν.
1164 2823 1216 2872 430

268 2893 285 2971 ἡ
302 2895 358 2972 μὲν
374 2894 592 2975 ἀνερροίβδησε
609 2893 767 2973 θαλάσσης
785 2897 917 2975 ἀλμυρδν
932 2898 1018 2978 ὕδωρ·

269 2998 360 3078 αὐτὰρ
378 3001 436 3079 ἐγὼ
451 2997 520 3060 ποτὶ
535 2997 649 3078 μακρὸν
666 3001 779 3079 ἐρινεὸν
794 2997 889 3079 ὀφόσ’
904 3001 1019 3080 ἀερθεὶς

229 3111 234 3120 ’
267 3101 309 3184 τῷ
323 3101 464 3183 προσφὺς
480 3101 592 3182 ἐχόμην
609 3101 648 3168 ὧς
663 3103 803 3183 νυκτερίς·
827 3103 898 3168 οὐδέ
911 3130 953 3191 πῃ
970 3105 1055 3188 εῖχον

269 3205 336 3268 οὔτε
352 3201 491 3282 στηρίξαι
506 3203 598 3269 ποσὶν
614 3205 743 3284 ἔμπεδον
759 3204 819 3268 οὔτ’
835 3209 986 3288 ἐπιβῆναι·

266 3309 344 3391 ῥίζαι
358 3307 416 3390 γὰρ
433 3310 502 3374 έκάς
518 3309 612 3394 εἶχον,
629 3307 763 3390 ἀπήωροι
779 3311 804 3374 δ’
824 3311 898 3374 ἔσαν
914 3312 988 3390 ὄζοι,
1164 3342 1213 3391 455

267 3411 375 3494 μακροί
389 3436 421 3473 τε
436 3411 565 3493 μεγάλοι
582 3439 622 3492 τε,
638 3417 817 3480 κατεσκίαον
831 3419 865 3479 δέ
880 3414 1046 3497 Χάρυβδιν.

268 3513 422 3595 νωλεμέως
439 3513 463 3578 δ’
479 3517 602 3600 ἐχόμην,
618 3515 687 3599 ὄφρ’
703 3518 874 3599 ἐξεμέσειεν
889 3521 1010 3584 ὀπίσσω

269 3619 355 3682 ἱστὸν
370 3617 419 3680 καὶ
436 3622 543 3699 τρόπιν
559 3621 651 3688 αὖτις·
674 3623 840 3705 ἐελδομένῳ
856 3623 890 3687 δέ
904 3649 956 3705 μοι
972 3624 1067 3704 ἦλθον

172 3755 177 3795 ‚¹
274 3719 333 3801 ὄψ’·
359 3719 433 3799 ἦμος
447 3721 472 3785 δ’
490 3724 539 3786 ἐπὶ
555 3726 667 3806 δόρπον
683 3727 755 3808 ἀνὴρ
771 3728 919 3808 ἀγορῆθεν
935 3729 1045 3806 ἀνέστη
