2834 4234
498 365 547 424 14.
572 350 805 410 οιςςςςιις
830 349 867 412 α·
1100 361 1163 430 743

213 525 234 554 “
244 519 303 583 αἴθ’
319 521 422 595 οὕτως,
439 519 563 600 Εὔμαιε,
579 521 671 600 φίλος
688 521 741 582 Διὶ
755 517 844 599 πατρὶ
859 518 958 602 γένοιο
1112 531 1164 598 4'40

211 623 251 688 ὡς
267 625 342 702 ἐμοί,
360 624 423 686 ὅττι
438 649 476 703 με
491 627 573 686 τοῖον
590 623 665 686 ἐόντ’
683 625 824 704 ἀγαθοῖσι
841 620 1017 705 γεραίρεις.”

254 730 316 791 Τὸν
332 726 356 790 δ’
377 729 621 806 ἀπαμειβόμενος
636 725 805 807 προσέφης,
823 727 936 803 Εὔμαιε
952 733 1086 808 συβῶτα·

211 835 232 863 “
242 832 334 906 ἔσθιε,
350 832 486 908 δαιμόνιε
501 829 617 909 ξείνων,
635 826 682 893 καὶ
697 829 805 911 τέρπεο
821 835 932 908 τοῖσδε,

212 936 261 998 οἶα
276 934 413 1014 πάρεστι·
437 939 505 1000 θεὸς
521 938 554 998 δὲ
571 940 605 996 τδ
619 935 675 1011 μὲν
691 935 792 1012 δύσει,
808 933 843 996 τὸ
858 934 882 997 δ’
901 935 996 1009 ἐάσει,

152 1025 153 1030 ¹
211 1038 274 1101 ὅττι
291 1064 342 1102 κεν
359 1035 381 1124 ᾧ
398 1038 478 1121 θυμῷ
497 1037 596 1123 ἐθέλῃ·
620 1039 744 1101 δύναται
758 1040 816 1119 γάρ
833 1033 980 1100 άπαντα.”
1111 1065 1161 1116 445

250 1139 295 1203 Ἦ
313 1143 350 1224 ῥα
366 1143 415 1206 καὶ
431 1140 567 1222 ἄργματα
583 1146 657 1204 θΰσε
674 1146 753 1206 θεοῖς
770 1140 981 1227 αἰειγενέτῃσι,

211 1246 341 1310 σπείσας
357 1245 383 1308 δ’
401 1247 513 1309 αἴθοπα
528 1245 611 1311 οἶνον
625 1242 778 1322 Ὀδυσσῆϊ
793 1245 988 1329 πτολιπόρθῳ

211 1351 244 1412 ἐν
258 1351 417 1432 χείρεσσιν
433 1349 549 1427 έθηκεν·
573 1350 589 1411 ἀ
605 1346 630 1412 δ’
647 1349 730 1425 ἕζετο
745 1346 764 1433 ᾗ
781 1347 861 1430 παρὰ
876 1349 974 1433 μοίρῃ.

211 1457 297 1515 σῖτον
314 1450 347 1515 δέ
361 1458 438 1532 σφιν
455 1453 553 1530 ἔνειμε
570 1451 755 1526 Μεσαύλιος,
773 1452 808 1514 ὅν
821 1453 861 1534 ῥα
876 1452 1017 1530 σνβιότης

209 1556 295 1622 αὐτὸς
313 1555 444 1636 κτήσατο
459 1554 521 1622 οἶος
537 1554 754 1638 ἀποιχομένοιο
769 1556 905 1634 ἄνακτος,
1107 1584 1161 1634 450

210 1659 324 1740 νόσφιν
340 1660 502 1739 δεσποίνης
518 1661 568 1724 καὶ
583 1658 717 1740 Λαέρταο
734 1657 883 1742 γέροντος·

210 1766 270 1843 πάρ
285 1761 310 1826 δ’
326 1763 382 1845 ἀρα
397 1789 449 1843 μιν
463 1765 592 1844 Ταφίων
608 1765 714 1844 πρίατο
735 1762 914 1827 κτεάτεσσιν
931 1766 1036 1827 ἑοῖσιν.

210 1867 239 1930 οἱ
255 1865 281 1930 δ’
296 1867 343 1930 ἐπ’
358 1866 470 1930 ὀνείαθ’
488 1871 593 1947 ἑτοῖμα
607 1868 789 1947 προκείμενα
803 1871 907 1949 χεῖρας
922 1867 1039 1931 ἴαλλον.

209 1963 301 2050 αὐτὰρ
317 1967 382 2033 ἐπεὶ
398 1972 506 2035 πόσιος
522 1967 570 2033 καὶ
586 1969 706 2046 ἐδητύος
722 1967 758 2047 ἐξ
772 1969 841 2051 ἔρον
855 1969 934 2047 ἕντο,

209 2077 296 2136 σῖτον
310 2074 366 2154 μέν
381 2082 458 2154 σφιν
473 2075 583 2154 ἀφεῖλε
599 2073 787 2150 Μεσαύλιος,
803 2075 833 2136 οί
848 2070 875 2136 δ’
891 2074 942 2136 ἐπὶ
959 2077 1059 2137 κοῖτον
1111 2099 1161 2152 455

210 2176 295 2239 σίτου
312 2177 360 2240 καὶ
377 2183 483 2259 κρειῶν
500 2176 691 2258 κεκορημένοι
709 2177 885 2240 ἐσσεύαντο.

254 2279 322 2359 Νὺξ
334 2280 360 2344 δ’
375 2281 422 2361 ἀρ’
437 2283 553 2358 ἐπῆλθε
568 2279 653 2357 κακή,
674 2278 882 2360 σκοτομήνιος·
906 2279 939 2342 ὗε
958 2277 984 2342 δ’
1002 2277 1058 2360 ἀρα
1075 2281 1152 2346 Ζεὺς

208 2384 371 2468 πάννυχος,
388 2384 480 2464 αὐτὰρ
496 2384 533 2462 ἀη
551 2383 687 2465 Ζέφυρος
702 2385 796 2465 μέγας
812 2385 878 2447 αίέν
894 2383 1031 2464 ἔφυδρος.

209 2495 272 2554 τοῖς
287 2487 313 2552 δ’
327 2488 476 2554 Ὀδυσεὺς
493 2487 641 2567 μετέειπε,
660 2489 804 2564 συβώτεω
820 2487 1008 2565 πειρητίζων,

210 2593 238 2654 εί
251 2593 314 2657 πώς
330 2594 359 2654 οἱ
375 2591 459 2657 ἐκδὺς
473 2597 606 2674 χλαῖναν
621 2591 718 2670 πόροι,
733 2590 753 2670 ἥ
768 2588 823 2654 τιν’
840 2591 965 2672 ἑταίρων
1107 2603 1159 2668 460

209 2695 306 2758 ἄλλον
321 2695 518 2775 ἐποτρύνειεν,
536 2696 605 2758 ἐπεί
621 2698 652 2758 ἑο
669 2694 775 2772 κήδετο
791 2695 872 2772 λίην·

210 2806 227 2833 “
238 2799 360 2865 κέκλυθι
376 2802 437 2875 νῦν,
453 2798 567 2876 Εὔμαιε
583 2797 632 2862 καὶ
646 2798 739 2861 ἄλλοι
753 2798 865 2864 πάντες
882 2801 1003 2877 ἐταῖροι,

210 2900 368 2980 εὐξάμενός
383 2927 413 2966 τι
429 2902 501 2968 έπος
517 2901 599 2982 ἐρέω·
623 2902 704 2967 οἶνος
719 2902 777 2984 γὰρ
794 2901 905 2983 ἀνοίγει

208 3004 307 3083 ήλεός,
323 3006 356 3072 ὅς
372 3003 397 3068 τ’
415 3003 525 3086 ἐφέηκε
541 3003 718 3086 πολύφρονά
733 3029 789 3085 περ
804 3001 877 3085 μάλ’
895 3004 997 3067 ἀεῖσαι

210 3109 259 3172 καί
275 3109 301 3171 θ’
317 3111 437 3173 ἀπαλδν
451 3107 593 3190 γελάσαι,
609 3109 660 3172 καί
669 3106 694 3170 τ’
710 3106 902 3190 ὀρχήσασθαι
917 3108 1019 3186 ἀνῆκε,
1110 3123 1159 3185 465

210 3213 260 3275 καί
272 3237 302 3276 τι
318 3213 390 3278 έπος
406 3210 549 3294 προέηκεν
565 3214 582 3274 ό
597 3212 654 3293 πέρ
669 3212 695 3274 τ’
711 3213 838 3295 ἄρρητον
853 3210 984 3289 ἀμεινον.

209 3315 279 3378 ἀλλ’
295 3317 360 3379 ἐπεὶ
375 3316 427 3382 οὖν
442 3322 476 3379 τὸ
495 3323 614 3394 πρῶτον
629 3315 805 3399 ἀνέκραγον,
821 3315 873 3378 οὐκ
889 3314 1049 3380 ἐπικεύσω.

209 3419 264 3482 εἴθ’
280 3420 319 3485 ὣς
333 3419 465 3500 ἡβώοιμι
481 3421 537 3500 βίη
552 3418 585 3482 τέ
598 3445 650 3499 μοι
666 3420 794 3501 ἔμπεδος
811 3420 841 3482 εί
860 3469 868 3497 ,

209 3523 248 3588 ὡς
264 3522 308 3585 ὅθ’
323 3525 382 3586 ὑπὸ
396 3525 508 3603 Τροίην
522 3524 620 3606 λόχον
635 3521 750 3604 ἤγομεν
764 3522 953 3604 ἀρτύναντες.

208 3626 354 3709 ἡγείσθην
370 3624 394 3690 δ’
409 3626 554 3694 Ὀδυσεύς
570 3653 602 3691 τε
619 3628 668 3690 καὶ
683 3624 837 3708 Ἀτρείδης
854 3624 1019 3703 Μενέλαος,
1108 3646 1159 3702 470

210 3736 289 3795 τοῖσι
306 3728 331 3795 δ’
347 3729 408 3810 δμα
423 3733 520 3812 τρίτος
536 3731 631 3817 ἦρχον
646 3731 734 3815 ἐγών·
759 3731 844 3794 αὐτοὶ
859 3728 917 3814 γὰρ
933 3731 1060 3812 ἄνωγον.
