2738 4226
431 325 434 330 '
478 332 526 379 11.
551 318 721 380 ΙΛΙΑΔΟΣ
745 316 780 377 Λ.
1042 333 1098 378 221

164 483 199 548 ἀς
214 480 260 565 ἀρ’
276 480 330 564 ἀφ’
346 483 474 549 ἱππείων
493 483 613 550 ὁπλέων
627 482 810 567 ῥαθάμιγγες
826 481 963 562 ἔβαλλον

165 588 197 651 οἵ
210 584 236 649 τ’
252 586 302 651 ἀπ’
319 587 526 670 ἐπισσώτρων.
550 590 566 651 δ
581 589 615 652 δέ
630 588 693 651 ίετο
709 591 793 652 δῦναι
809 587 916 666 ὅμιλον

165 691 328 772 ἀνδρόμεον
341 689 432 775 ῥῆξαί
445 716 479 756 τε
492 690 687 773 μετάλμενος·
712 691 745 753 ἐν
760 692 793 753 δέ
809 690 948 769 κυδοιμὸν

164 793 217 872 ἧκε
232 794 324 859 κακὸν
339 797 498 873 Δαναοῖσι,
511 796 637 875 μίνυνθα
653 797 686 858 δέ
700 792 810 876 χάζετο
825 793 939 873 δουρός.

164 896 255 979 αὐτὰρ
271 899 287 960 ὁ
302 903 362 962 τῶν
377 897 482 962 ἀλλων
497 899 685 962 ἐπεπωλεῖτο
701 897 810 980 στίχας
825 897 940 978 ἀνδρῶν
1055 925 1104 972 540

164 999 249 1082 ἐγχεῖ
264 999 288 1061 τ’
306 1000 375 1081 ἀορί
387 1025 420 1064 τε
434 998 599 1082 μεγάλοισί
613 1025 647 1064 τε
661 1000 881 1083 χερμαδίοισιν,

164 1107 291 1170 Αἴαντος
305 1103 332 1167 δ’
348 1102 469 1169 ἀλέεινε
483 1101 585 1186 μάχην
599 1103 848 1182 Τελαμωνιάδαο.

165 1203 255 1294 [Ζεὺς
269 1207 327 1290 γάρ
342 1209 372 1271 οί
387 1207 538 1286 νεμεσᾶθ,
555 1207 601 1270 ὑπ’
617 1207 753 1287 ἀμείνονι
768 1209 847 1288 φωτὶ
862 1203 1016 1293 μάχοιτο]

207 1309 281 1376 Ζεὺς
296 1311 328 1373 δέ
343 1311 440 1391 πατὴρ
456 1308 562 1374 Αἴανθ’
576 1311 722 1393 ὑψίζυγος
737 1313 771 1375 ἐν
786 1311 888 1392 φόβον
903 1309 992 1392 ἀρσε·

165 1415 220 1489 στῆ
236 1412 269 1475 δέ
283 1412 398 1493 ταφών,
415 1414 521 1476 ὄπιθεν
535 1413 568 1475 δέ
585 1411 677 1479 σάκος
692 1411 792 1493 βάλεν
807 1415 998 1493 ἑπταβόειον,
1057 1440 1103 1486 555

164 1513 273 1593 τρέσσε
289 1517 321 1578 δέ
336 1514 493 1594 παπτήνας
513 1513 563 1596 ἐφ’
580 1516 696 1595 ὁμίλου,
714 1516 781 1597 θηρὶ
797 1517 911 1592 ἐοικός,

164 1618 457 1699 ἐντροπαλιζόμενος,
474 1619 580 1701 ὀλίγον
594 1619 668 1701 γόνυ
683 1618 791 1702 γουνδς
806 1620 950 1699 ἀμείβων.

164 1721 202 1785 ὣς
218 1718 244 1783 δ’
262 1723 377 1785 αίθωνα
389 1720 502 1785 λέοντα
516 1727 601 1801 βοῶν
618 1721 677 1786 ἀπὸ
691 1722 881 1800 μεσσαύλοιο

164 1823 330 1888 ἐσσεύαντο
347 1822 430 1889 κύνες
445 1848 478 1888 τε
494 1824 542 1888 καὶ
558 1822 660 1904 ἀνέρες
676 1826 846 1906 ἀγροιῶται,

164 1925 196 1988 οί
207 1929 240 1988 τέ
254 1951 307 2005 μιν
321 1924 374 1989 οὑκ
390 1928 475 1990 είῶσι
489 1932 575 2006 βοῶν
590 1930 623 1990 ἐκ
638 1932 711 2010 πῖαρ
726 1927 851 1992 ἑλέσθαι
1056 1952 1105 2000 550

164 2025 310 2112 πάννυχοι
324 2027 537 2112 ἐγρήσσοντες·
561 2031 578 2094 δ
593 2032 625 2094 δέ
642 2036 748 2111 κρειῶν
763 2029 904 2110 ἐρατίζων

165 2130 248 2207 ἰθύει,
264 2129 335 2195 ἀλλ’
351 2131 386 2195 ού
400 2157 429 2196 τι
444 2131 586 2213 πρήσσει·
609 2131 719 2212 θαμέες
732 2130 789 2215 γὰρ
805 2131 929 2196 άκοντες

164 2233 265 2296 ἀντίον
280 2231 427 2300 ἀΐσσουσι
442 2234 611 2316 θρασειάων
627 2234 686 2298 ἀπὸ
701 2239 819 2317 χειρῶν,

166 2336 322 2415 καιόμεναί
332 2361 366 2400 τε
381 2339 473 2410 δεταί,
489 2336 543 2402 τάς
558 2361 591 2400 τε
606 2341 670 2419 τρεῖ
684 2334 852 2418 ἐσσύμενός
867 2355 932 2416 περ·

164 2437 259 2515 ἠῶθεν
275 2436 301 2502 δ’
317 2439 491 2520 ἀπονόσφιν
507 2440 565 2518 ἔβη
581 2440 712 2517 τετιηότι
728 2441 821 2524 θυμῷ·
1060 2465 1105 2514 555

166 2541 203 2607 ὣς
218 2544 294 2608 Αίας
308 2539 370 2604 τότ’
387 2543 446 2607 ἀπὸ
460 2542 573 2625 Τρώων
586 2541 758 2622 τετιημένος
773 2541 845 2623 ήτορ

164 2642 210 2721 ήϊε
225 2643 317 2708 πόλλ’
335 2643 441 2709 ἀέκων·
464 2646 532 2727 περὶ
546 2647 604 2728 γάρ
620 2647 665 2709 δίε
681 2647 788 2725 νηυσὶν
802 2645 945 2728 Ἀχαιῶν.

166 2746 204 2813 ὡς
218 2748 243 2812 δ’
259 2747 303 2811 ὅτ’
320 2749 388 2815 ὄνος
403 2748 471 2829 παρ’
488 2749 616 2830 ἄρουραν
632 2749 684 2812 ίδν
700 2747 847 2829 ἐβιήσατο
863 2753 971 2812 παῖδας

166 2850 269 2931 νωθής,
286 2849 310 2937 ᾧ
326 2851 363 2931 δή
378 2853 481 2914 πολλὰ
496 2853 564 2934 περὶ
577 2852 686 2934 ῥόπαλ’
704 2853 799 2933 ἀμφὶς
814 2850 896 2938 ἐάγῃ,

167 2957 254 3035 κείρει
269 2952 294 3015 τ’
312 2954 460 3018 εἰσελθὼν
473 2955 555 3033 βαθὺ
568 2952 667 3032 λήϊον·
691 2957 720 3017 οί
735 2952 769 3018 δέ
783 2978 816 3017 τε
831 2957 936 3018 παῖδες
1059 2970 1106 3028 560

167 3057 326 3121 τύπτουσιν
339 3054 514 3140 ῥοπάλοισι·
536 3057 591 3136 βίη
608 3055 642 3119 δέ
657 3081 689 3120 τε
704 3057 796 3137 νηπίη
813 3054 917 3120 αὑτῶν·

168 3163 280 3247 σπουδῇ
295 3157 322 3222 τ’
337 3157 523 3238 ἐξήλασσαν,
541 3159 609 3224 ἐπεί
621 3159 646 3220 τ’
664 3159 848 3232 ἐκορέσσατο
863 3162 990 3239 φορβῆς·

168 3265 205 3328 δς
218 3262 279 3326 τότ’
296 3261 388 3327 ἔπειτ’
405 3264 520 3326 Αίαντα
536 3262 640 3345 μέγαν,
656 3261 852 3342 Τελαμύνιον
866 3263 940 3337 υἱόν,

167 3368 265 3446 Τρῶες
278 3364 442 3448 ὑπέρθυμοι
456 3362 656 3447 πολυηγερέες
670 3365 695 3427 τ’
712 3367 864 3447 ἐπίκουροι

169 3470 329 3535 νύσσοντες
344 3467 483 3548 ξυστοῖσι
497 3467 593 3547 μέσον
608 3467 701 3535 σάκος
717 3471 782 3534 αἰὲν
796 3471 914 3533 ἕποντο.
1056 3483 1104 3544 565
1154 3521 1156 3528 .

169 3573 241 3638 Αἶας
255 3570 280 3636 δ’
296 3571 410 3634 ἄλλοτε
423 3572 479 3650 μέν
492 3571 686 3651 μνησάσκετο
701 3570 835 3654 θούριδος
853 3573 947 3650 ἀλκῆς

169 3673 248 3741 αὑτις
262 3675 491 3757 ὑποστρεφθείς,
508 3675 556 3738 καὶ
572 3674 758 3756 ἐρητύσασκε
773 3674 935 3760 φάλαγγας
