2788 4230
242 283 304 349 ιιι
528 302 575 366 19.
599 289 832 348 οληνςαιλς
859 289 896 349 τ.

240 454 330 536 γυρδς
345 456 378 519 ἐν
394 455 529 533 ὤμοισιν,
545 458 758 539 μελανόχροος,
773 455 983 537 οὐλοκάρηνος,

243 557 418 639 Εὐρυβάτης
435 556 461 622 δ’
476 557 558 637 ὄνομ’
574 560 655 624 ἐσκε·
678 561 742 626 τίεν
757 560 790 624 δέ
804 586 855 639 μιν
871 558 980 641 ἐξοχον
996 557 1100 622 ἄλλων

242 665 283 725 ὧν
300 661 412 742 ἑτάρων
426 660 582 736 Ὀδυσεύς,
599 665 645 728 ότι
662 666 691 727 οἱ
707 661 819 745 φρεσὶν
834 664 921 744 ἄρτια
938 661 1025 750 ᾔδη.”

280 763 343 832 Ὣς
358 765 448 847 φάτο,
466 771 502 854 τῇ
517 766 542 832 δ’
559 769 601 832 ἐτι
617 773 738 849 μᾶλλον
752 765 805 849 ὑφ’
821 769 923 849 ἵμερον
938 765 1018 848 ὦρσε
1034 767 1127 848 γόοιο,

243 868 350 948 σήματ’
366 871 538 958 ἀναγνούσῃ
554 870 590 934 τά
606 874 635 935 οἶ
652 873 766 952 ἔμπεδα
780 869 907 953 πέφραδ’
920 870 1097 937 Ὀδυσσεύς.
1138 898 1189 946 250

241 972 259 1051 ἡ
276 971 302 1036 δ’
317 970 383 1037 ἐπεὶ
398 973 451 1038 οὖν
466 973 585 1055 τάρφθη
602 974 837 1055 πολυδακρύτοιο
852 976 946 1056 γόοιο,

243 1073 292 1140 καὶ
308 1080 375 1141 τότε
391 1103 442 1158 μιν
456 1077 597 1156 μύθοισιν
612 1079 800 1159 ἀμειβομένη
812 1077 985 1158 προσέειπε·

243 1185 259 1214 “
271 1185 323 1245 νῦν
338 1184 394 1260 μὲν
409 1179 446 1260 δή
460 1207 522 1261 μοι,
537 1179 625 1260 ξεῖνε,
641 1180 736 1263 πάρος
752 1207 807 1262 περ
822 1182 880 1245 ἐδν
895 1181 1038 1258 ἐλεεινός,

243 1286 275 1347 ἐν
289 1283 467 1365 μεγάροισιν
482 1287 582 1365 ἐμοῖσι
597 1286 690 1366 φίλος
706 1283 732 1347 τ’
748 1285 804 1372 ἐσῃ
821 1286 935 1351 αἰδοῖός
950 1305 992 1349 τε·

243 1388 316 1467 αιἰτὴ
331 1390 390 1468 γδρ
405 1386 476 1451 τάδε
493 1386 589 1468 εἵματ’
604 1390 662 1470 ἐγὼ
680 1389 783 1469 πόρον,
800 1386 842 1452 ot’
858 1389 1021 1471 ἀγορεύεις,
1139 1414 1188 1462 255

241 1487 369 1568 πτύξασ’
385 1492 416 1553 ἐκ
434 1490 581 1571 θαλάμου,
598 1492 727 1572 περόνην
741 1489 767 1554 τ’
782 1491 915 1571 ἐπέθηκα
931 1491 1059 1570 φαεινήν

244 1597 330 1679 κείνῳ
346 1594 457 1676 ἄγαλμ’
474 1595 585 1674 έμεναι·
608 1595 661 1659 τδν
676 1594 700 1659 δ’
716 1597 771 1677 οὐχ
785 1594 968 1673 ὑποδέξομαι
984 1594 1067 1662 αιἰτις

233 1702 344 1766 Ιοἴκαδε
359 1698 550 1778 νοστήσαντα
565 1700 662 1780 φίλην
677 1701 707 1764 ἐς
722 1701 850 1780 πατρίδα
864 1704 963 1781 γαῖαν.

243 1807 284 1888 τῳ
298 1804 336 1886 ῥα
353 1804 427 1888 κακῇ
442 1803 515 1888 αἴσῃ
532 1804 635 1880 κοίλης
651 1799 701 1867 ἐπὶ
718 1803 789 1883 νηδς
804 1800 972 1868 Ὀδυσσεὺς

244 1904 332 1993 ᾤχετ’
348 1908 539 1988 ἐποψόμενος
557 1906 723 1972 Κακοΐλιον
739 1908 791 1971 ούκ
807 1905 1007 1986 ὀνομαστήν.”
1142 1921 1190 1970 260

285 2010 350 2090 Τήν
369 2009 393 2074 δ’
411 2010 655 2090 ἀπαμειβόμενος
671 2011 812 2093 προσέφη
828 2013 995 2090 πολύμητις
1013 2007 1188 2077 Ὀδυσσεύς·

244 2113 295 2178 “ὧ
310 2114 397 2196 γύναι
414 2115 510 2193 αἰδοίη
527 2113 714 2195 Λαερτιάδεω
729 2113 887 2192 Ὀδυσῆος,

242 2217 345 2297 μηκέτι
362 2223 414 2282 νῦν
428 2220 505 2300 χρόα
520 2223 613 2281 καλδν
628 2219 743 2299 ἐναίρεο
754 2218 829 2298 μηδέ
844 2244 872 2281 τι
889 2218 982 2297 θυμδν

243 2327 314 2402 τῆκε
329 2323 420 2386 πόσιν
434 2323 567 2402 γοόωσα·
590 2323 787 2400 νεμεσσῶμαί
798 2347 835 2403 γε
848 2324 904 2398 μὲν
919 2322 1015 2388 οὐδέν·

245 2423 292 2489 καὶ
307 2425 365 2506 γάρ
381 2427 426 2490 τίς
442 2423 466 2485 τ’
482 2425 608 2488 ἀλλοῖον
624 2425 759 2506 ὀδύρεται
774 2424 855 2505 ἄνδρ’
871 2426 1009 2490 ὀλέσασα
1141 2439 1189 2502 265

244 2530 400 2609 κουρίδιον,
416 2527 457 2612 τῷ
472 2527 561 2591 τέκνα
577 2527 647 2614 τέκῃ
663 2529 804 2609 φιλότητι
819 2533 951 2611 μιγεῖσα,

243 2631 262 2711 ἢ
277 2629 410 2710 Ὀδυσῆ’,
426 2632 462 2695 ἄν
480 2638 558 2712 φασι
576 2636 654 2697 θεοῖς
670 2632 842 2713 ἐναλίγκιον
857 2632 943 2697 εἶναι.

244 2737 328 2799 ἀλλά
341 2735 415 2818 γόου
429 2736 485 2815 μὲν
501 2741 626 2809 παῦσαι,
643 2737 728 2820 ἐμεῖο
743 2737 773 2799 δέ
791 2736 899 2800 σύνθεο
912 2741 1015 2815 μῦθον·

245 2839 411 2919 νημερτέως
429 2837 486 2921 γάρ
502 2864 548 2901 τοι
563 2836 733 2918 μυθήσομαι
750 2838 810 2904 οὐδ’
830 2839 979 2904 ἐπικεύσω

245 2942 283 3008 ὡς
298 2941 354 3020 ήδη
370 2939 520 3020 Ὀδυσῆος
536 2943 594 3025 ἐγὼ
614 2943 683 3022 περὶ
698 2941 807 3005 νόστου
822 2941 937 3007 ἄκουσα
1140 2969 1190 3020 ²70

245 3047 352 3127 ἀγχοῦ,
369 3050 564 3125 Θεσπρωτῶν
579 3047 695 3125 ἀνδρῶν
711 3047 744 3109 ἐν
760 3045 842 3109 πίονι
858 3045 951 3131 δήμῳ,

246 3150 329 3227 ζωοῦ·
354 3149 445 3229 αὐτὰρ
461 3149 529 3231 ἄγει
545 3148 686 3227 κειμήλια
702 3148 806 3213 πολλά
823 3151 871 3214 καὶ
887 3152 986 3214 ἐσθλδ

244 3253 365 3330 αἰτίζων
380 3252 438 3318 ἀνδ
455 3256 557 3331 δῆμον·
579 3251 653 3333 ἀτδρ
669 3254 787 3334 ἐρίηρας
804 3255 937 3334 ἑταίρους

142 3381 144 3385 ’
245 3357 344 3420 ὤλεσε
360 3354 408 3420 καὶ
424 3360 480 3436 νῆα
497 3357 658 3439 γλαφυρὴν
674 3354 718 3424 ἐνὶ
732 3360 833 3422 οίνοπι
848 3359 957 3441 πόντῳ,

245 3462 410 3543 Θρινακίης
426 3461 486 3524 ἄπο
503 3460 597 3541 νήσου
614 3463 675 3526 ίύν·
701 3462 847 3526 ὀδύσαντο
861 3465 920 3543 γδρ
935 3461 1013 3547 αὐτῷ
1141 3485 1189 3539 275

245 3564 320 3631 Ζεύς
335 3590 367 3630 τε
384 3565 432 3629 καὶ
447 3563 580 3632 Ἠέλιος·
603 3571 656 3629 τοῦ
671 3569 730 3649 γδρ
745 3566 823 3646 βόας
839 3566 928 3630 έκταν
945 3568 1065 3648 ἑταῖροι.

245 3671 273 3732 οἱ
292 3672 347 3750 μὲν
363 3667 470 3741 πάντες
487 3668 596 3733 ὄλοντο
612 3668 811 3753 πολυκλύστῳ
827 3670 869 3734 ἐνὶ
885 3669 993 3753 πόντῳ·
