2874 4234
465 881 864 966 ΟΔΥΣΣΕΙΑΣ
915 889 957 964 Ε.

637 1141 792 1152 --..-..η

522 1287 737 1370 Ὀδυσσέως
763 1287 909 1392 σχεδία.

238 1473 319 1541 Ἠὼς
334 1473 360 1538 δ’
376 1477 409 1538 ἐκ
423 1473 540 1558 λεχέων
555 1473 624 1556 παρ’
638 1477 752 1557 ἀγαυοῦ
765 1481 912 1540 Τιθωνοῖο

239 1575 353 1657 ὤρνυθ’,
369 1576 407 1641 ἵν’
423 1577 600 1641 ἀθανάτοισι
616 1580 699 1659 φόως
716 1580 804 1660 φέροι
819 1580 871 1658 ἠδὲ
886 1582 1055 1659 βροτοῖσιν·

238 1683 267 1746 αἱ
283 1685 314 1744 δὲ
332 1683 395 1744 θεοὶ
414 1683 546 1746 θῶκόνδε
562 1684 730 1760 καθίζανον,
747 1686 780 1746 ἐν
795 1681 821 1746 δ’
836 1683 894 1763 ἄρα
909 1687 990 1745 τοῖσι

239 1785 313 1851 Ζεὺς
329 1785 546 1866 ὑψιβρεμέτης,
563 1787 597 1849 οὗ
611 1811 645 1850 τε
661 1785 766 1867 κράτος
783 1787 850 1850 ἐστὶ
865 1786 1020 1867 μέγιστον.

236 1894 315 1951 τοῖσι
331 1887 356 1952 δ’
370 1886 514 1967 Ἀθηναίη
531 1889 603 1971 λέγε
619 1888 710 1967 κήδεα
725 1889 816 1953 πόλλ’
832 1887 982 1968 Ὀδυσῆος
1169 1914 1182 1962 5

238 1991 423 2072 μνησαμένη·
447 1992 519 2071 μέλε
534 1991 592 2072 γάρ
601 1994 636 2054 οἱ
652 1994 709 2056 ἐὸν
725 1993 889 2072 ἐνδύμασι
905 1993 1032 2072 νύμφης·

282 2103 303 2136 “
314 2103 373 2162 Ζεῦ
389 2098 482 2175 πάτερ
495 2095 543 2176 ἠδ’
554 2097 648 2160 άλλοι
664 2094 794 2174 μάκαρες
810 2094 873 2160 θεοὶ
885 2097 955 2159 αἰὲν
970 2097 1080 2171 ἐόντες,

238 2201 278 2280 μή
295 2227 340 2267 τις
355 2202 400 2266 ἔτι
416 2202 560 2282 πρόφρων
576 2202 688 2282 ἀγανὸς
704 2201 753 2263 καὶ
766 2198 857 2278 ,ἤπιος
873 2200 952 2264 ἔστω

238 2309 427 2389 σκηπτοῦχος
442 2304 601 2384 βασιλεύς,
617 2303 692 2382 μηδὲ
708 2302 818 2384 φρεσὶν
833 2305 942 2382 αἴσιμα
957 2302 1051 2380 εἶδός,

236 2407 306 2472 ἀλλ’
321 2408 380 2473 αἰεὶ
394 2409 530 2492 χαλεπός
545 2406 570 2470 τ’
586 2409 630 2485 εἴη
648 2409 695 2470 καὶ
711 2409 823 2472 αἴσυλα
836 2407 925 2489 ῥέζοι·
1153 2431 1185 2467 10

237 2515 275 2578 ὡς
291 2512 327 2577 ού
340 2537 385 2579 τις
402 2512 548 2592 μέμνηται
563 2510 732 2587 Ὀδυσσῆος
748 2512 842 2574 θείοιο

234 2625 316 2680 λαῶν
331 2619 413 2682 οἶσιν
428 2617 554 2692 άνασσε,
570 2616 667 2696 πατὴρ
682 2612 707 2678 δ’
723 2615 763 2681 ὣς
777 2613 868 2692 ἤπιος
883 2611 945 2692 θεν.

235 2720 307 2786 ἀλλ’
321 2724 338 2784 ὁ
353 2723 408 2800 μὲν
424 2723 456 2783 έν
471 2718 555 2804 νήσῳ
572 2725 667 2783 κεῖται
683 2717 797 2799 κρατέρ’
813 2716 910 2799 ἄλγεα
925 2715 1065 2799 πάσχων,

237 2826 352 2906 νύμφης
368 2826 401 2889 έν
415 2822 574 2905 μεγάροισι
590 2812 799 2903 Καλυψοῦς,ἥ
814 2847 865 2901 μιν
880 2820 994 2905 ιἰνάγκῃ

236 2931 327 3012 ἴσχει·
351 2930 367 2990 ὁ
383 2925 408 2991 δ’
424 2927 458 2990 σύ
473 2927 595 2990 δύναται
610 2924 648 3004 ἣν
663 2929 789 3006 πατρίδα
805 2930 895 3007 γαῖαν
912 2923 1038 2988 ἱκέσθαι·
1153 2950 1181 2998 ¹5

153 3062 160 3084 ¹
237 3033 270 3096 ού
285 3031 342 3114 γάρ
357 3033 386 3095 οἱ
404 3029 483 3111 πάρα
498 3031 565 3106 νῆες
582 3028 742 3110 ἐπήρετμοι
758 3029 807 3091 κἀὶ
823 3031 943 3108 ἑταῖροι,

236 3137 266 3198 οἵ
281 3133 329 3199 κέυ
343 3160 395 3215 μιν
411 3133 558 3214 πέμποιεν
574 3130 619 3196 ἐπ’
635 3133 723 3213 εὐρέα
737 3139 817 3196 νῶτα
833 3131 1002 3209 θαλάσσης.

237 3241 289 3303 νῦν
305 3238 341 3300 αὖ
356 3235 436 3301 παῖδ’
452 3239 608 3319 ἀγαπητὸν
625 3237 798 3300 ἀποκτεῖναι
814 3235 968 3316 μεμάασιν

236 3343 335 3406 οἴκαδε
351 3342 520 3419 νισόμενον·
544 3341 560 3402 ὁ
577 3337 602 3402 δ’
618 3338 676 3418 έβη
691 3343 767 3419 μετὰ
782 3345 893 3420 πατρὸς
909 3339 1021 3417 ιἰκουῆυ

236 3447 267 3511 ές
284 3445 387 3508 Πύλον
403 3444 535 3526 ἠγαθέην
548 3441 594 3522 ἠδ’
610 3443 640 3508 ές
655 3444 863 3522 Λακεδαίμονα
878 3439 974 3506 δῖαν.”
1154 3470 1184 3505 20

279 3549 345 3627 Τὴν
358 3545 384 3611 δ’
400 3548 643 3628 ἀπαμειβόμενος
661 3544 802 3627 προσέφη
820 3545 1044 3628 νεφεληγερέτα
1063 3546 1148 3612 Ζεύς·

236 3657 256 3686 “
266 3651 372 3717 τέκνον
388 3651 471 3730 έμόν,
487 3652 575 3716 ποῖόν
591 3677 629 3714 σε
643 3648 716 3714 ἔπος
732 3649 829 3731 φύγεν
845 3649 929 3730 ἕρκος
943 3650 1085 3714 ὀδόντων·

235 3756 268 3822 ού
284 3754 343 3839 γὰρ
358 3755 394 3833 δὴ
410 3759 515 3820 τοῦτον
528 3757 585 3835 μὲν
603 3756 791 3836 ἐβούλευσας
807 3754 879 3817 νόον
893 3752 975 3832 αὐτή,
