<?xml version="1.0" encoding="UTF-8"?>
<!DOCTYPE html PUBLIC "-//W3C//DTD XHTML 1.0 Transitional//EN"
    "http://www.w3.org/TR/xhtml1/DTD/xhtml1-transitional.dtd">
<html xmlns="http://www.w3.org/1999/xhtml" xml:lang="en" lang="en">
 <head>
  <title>
</title>
<meta http-equiv="Content-Type" content="text/html;charset=utf-8" />
  <meta name='ocr-system' content='tesseract 3.04.00' />
  <meta name='ocr-capabilities' content='ocr_page ocr_carea ocr_par ocr_line ocrx_word'/>
</head>
<body>
  <div class='ocr_page' id='page_1' title='image "./homerioperaetre00homegoog_0891.png"; bbox 0 0 2758 4228; ppageno 0'>
   <div class='ocr_carea' id='block_1_1' title="bbox 254 310 918 394">
    <p class='ocr_par' dir='ltr' id='par_1_1' title="bbox 254 310 918 394">
     <span class='ocr_line' id='line_1_1' title="bbox 254 310 918 394; baseline -0.003 -21"><span class='ocrx_word' id='word_1_1' title='bbox 254 310 316 374; x_wconf 85' lang='lat'>886</span> <span class='ocrx_word' id='word_1_2' title='bbox 544 327 596 394; x_wconf 82' lang='lat'>23·</span> <span class='ocrx_word' id='word_1_3' title='bbox 618 311 852 373; x_wconf 74' lang='grc' dir='ltr'>οΔυΣΣυιΑΣ</span> <span class='ocrx_word' id='word_1_4' title='bbox 882 312 918 371; x_wconf 76' lang='grc' dir='ltr'>ψ.</span> 
     </span>
    </p>
   </div>
   <div class='ocr_carea' id='block_1_2' title="bbox 247 479 1217 3778">
    <p class='ocr_par' dir='ltr' id='par_1_2' title="bbox 247 479 1217 3778">
     <span class='ocr_line' id='line_1_2' title="bbox 253 479 1203 563; baseline -0.004 -19"><span class='ocrx_word' id='word_1_5' title='bbox 253 480 430 546; x_wconf 74' lang='grc' dir='ltr'>ἀθανάτοισι</span> <span class='ocrx_word' id='word_1_6' title='bbox 449 485 556 558; x_wconf 82' lang='grc' dir='ltr'>θεοῖσι,</span> <span class='ocrx_word' id='word_1_7' title='bbox 571 481 618 544; x_wconf 86' lang='grc' dir='ltr'>τοὶ</span> <span class='ocrx_word' id='word_1_8' title='bbox 632 481 757 561; x_wconf 81' lang='grc' dir='ltr'>οὐρανὸν</span> <span class='ocrx_word' id='word_1_9' title='bbox 773 479 857 562; x_wconf 74' lang='grc' dir='ltr'>εὐρὺν</span> <span class='ocrx_word' id='word_1_10' title='bbox 872 480 988 563; x_wconf 88' lang='grc' dir='ltr'>έχουσι,</span> <span class='ocrx_word' id='word_1_11' title='bbox 1152 491 1203 540; x_wconf 82' lang='grc' dir='ltr'>ι8ο</span> 
     </span>
     <span class='ocr_line' id='line_1_3' title="bbox 252 582 1033 667; baseline -0.004 -19"><span class='ocrx_word' id='word_1_12' title='bbox 252 589 328 648; x_wconf 79' lang='grc' dir='ltr'>πᾶσι</span> <span class='ocrx_word' id='word_1_13' title='bbox 342 583 414 665; x_wconf 90' lang='grc' dir='ltr'>μάλ’</span> <span class='ocrx_word' id='word_1_14' title='bbox 430 582 536 664; x_wconf 79' lang='grc' dir='ltr'>ἑξείης·</span> <span class='ocrx_word' id='word_1_15' title='bbox 560 583 685 651; x_wconf 87' lang='grc' dir='ltr'>θάνατος</span> <span class='ocrx_word' id='word_1_16' title='bbox 702 583 735 648; x_wconf 93' lang='grc' dir='ltr'>δέ</span> <span class='ocrx_word' id='word_1_17' title='bbox 749 610 801 664; x_wconf 91' lang='grc' dir='ltr'>μοι</span> <span class='ocrx_word' id='word_1_18' title='bbox 816 582 852 662; x_wconf 79' lang='grc' dir='ltr'>ἐξ</span> <span class='ocrx_word' id='word_1_19' title='bbox 865 583 939 648; x_wconf 82' lang='grc' dir='ltr'>ἁλὸς</span> <span class='ocrx_word' id='word_1_20' title='bbox 955 583 1033 667; x_wconf 71' lang='grc' dir='ltr'>αὐτῷ</span> 
     </span>
     <span class='ocr_line' id='line_1_4' title="bbox 253 685 1051 772; baseline 0.003 -24"><span class='ocrx_word' id='word_1_21' title='bbox 253 687 410 772; x_wconf 80' lang='grc' dir='ltr'>ἀβληχρὸς</span> <span class='ocrx_word' id='word_1_22' title='bbox 424 687 508 766; x_wconf 88' lang='grc' dir='ltr'>μάλα</span> <span class='ocrx_word' id='word_1_23' title='bbox 523 692 603 756; x_wconf 82' lang='grc' dir='ltr'>τοῖος</span> <span class='ocrx_word' id='word_1_24' title='bbox 619 688 787 762; x_wconf 90' lang='grc' dir='ltr'>ἐλεύσεται,</span> <span class='ocrx_word' id='word_1_25' title='bbox 803 688 836 755; x_wconf 85' lang='grc' dir='ltr'>ὅς</span> <span class='ocrx_word' id='word_1_26' title='bbox 853 685 886 752; x_wconf 95' lang='grc' dir='ltr'>κέ</span> <span class='ocrx_word' id='word_1_27' title='bbox 900 713 937 767; x_wconf 93' lang='grc' dir='ltr'>με</span> <span class='ocrx_word' id='word_1_28' title='bbox 949 686 1051 772; x_wconf 83' lang='grc' dir='ltr'>πέφνη</span> 
     </span>
     <span class='ocr_line' id='line_1_5' title="bbox 253 787 943 877; baseline -0.001 -23"><span class='ocrx_word' id='word_1_29' title='bbox 253 789 329 876; x_wconf 74' lang='grc' dir='ltr'>γήρᾳ</span> <span class='ocrx_word' id='word_1_30' title='bbox 344 793 401 855; x_wconf 87' lang='grc' dir='ltr'>θπο</span> <span class='ocrx_word' id='word_1_31' title='bbox 416 794 533 877; x_wconf 72' lang='grc' dir='ltr'>λιπαρῷ</span> <span class='ocrx_word' id='word_1_32' title='bbox 550 790 707 872; x_wconf 86' lang='grc' dir='ltr'>ἀρημένον·</span> <span class='ocrx_word' id='word_1_33' title='bbox 731 788 809 872; x_wconf 84' lang='grc' dir='ltr'>ἀμφὶ</span> <span class='ocrx_word' id='word_1_34' title='bbox 825 794 858 854; x_wconf 76' lang='grc' dir='ltr'>δέ</span> <span class='ocrx_word' id='word_1_35' title='bbox 873 787 943 854; x_wconf 80' lang='grc' dir='ltr'>λαοὶ</span> 
     </span>
     <span class='ocr_line' id='line_1_6' title="bbox 253 890 1110 976; baseline -0.001 -20"><span class='ocrx_word' id='word_1_36' title='bbox 253 896 356 975; x_wconf 89' lang='grc' dir='ltr'>ὄλβιοι</span> <span class='ocrx_word' id='word_1_37' title='bbox 372 897 524 960; x_wconf 91' lang='grc' dir='ltr'>ἔσσονται·</span> <span class='ocrx_word' id='word_1_38' title='bbox 547 898 586 959; x_wconf 86' lang='grc' dir='ltr'>τά</span> <span class='ocrx_word' id='word_1_39' title='bbox 601 894 634 959; x_wconf 91' lang='grc' dir='ltr'>δέ</span> <span class='ocrx_word' id='word_1_40' title='bbox 648 921 699 976; x_wconf 91' lang='grc' dir='ltr'>μοι</span> <span class='ocrx_word' id='word_1_41' title='bbox 716 894 796 975; x_wconf 92' lang='grc' dir='ltr'>φάτο</span> <span class='ocrx_word' id='word_1_42' title='bbox 811 894 909 958; x_wconf 88' lang='grc' dir='ltr'>πάντα</span> <span class='ocrx_word' id='word_1_43' title='bbox 924 890 1110 957; x_wconf 82' lang='grc' dir='ltr'>τελεῖσθαι.”</span> 
     </span>
     <span class='ocr_line' id='line_1_7' title="bbox 295 997 1201 1080; baseline -0.003 -20"><span class='ocrx_word' id='word_1_44' title='bbox 295 999 358 1061; x_wconf 89' lang='grc' dir='ltr'>Τὸν</span> <span class='ocrx_word' id='word_1_45' title='bbox 373 998 398 1062; x_wconf 95' lang='grc' dir='ltr'>δ’</span> <span class='ocrx_word' id='word_1_46' title='bbox 414 999 484 1064; x_wconf 82' lang='grc' dir='ltr'>αὖτε</span> <span class='ocrx_word' id='word_1_47' title='bbox 499 999 662 1080; x_wconf 78' lang='grc' dir='ltr'>προσέειπε</span> <span class='ocrx_word' id='word_1_48' title='bbox 677 1001 831 1080; x_wconf 85' lang='grc' dir='ltr'>περίφρων</span> <span class='ocrx_word' id='word_1_49' title='bbox 845 997 1050 1075; x_wconf 87' lang='grc' dir='ltr'>Πηνελόπεια·</span> <span class='ocrx_word' id='word_1_50' title='bbox 1152 1010 1201 1072; x_wconf 83' lang='grc' dir='ltr'>τ85</span> 
     </span>
     <span class='ocr_line' id='line_1_8' title="bbox 253 1100 966 1185; baseline 0 -21"><span class='ocrx_word' id='word_1_51' title='bbox 253 1106 272 1135; x_wconf 86' lang='grc'><strong>“</strong></span> <span class='ocrx_word' id='word_1_52' title='bbox 282 1104 309 1165; x_wconf 81' lang='grc' dir='ltr'>εἰ</span> <span class='ocrx_word' id='word_1_53' title='bbox 323 1105 380 1179; x_wconf 76' lang='grc' dir='ltr'>μὲν</span> <span class='ocrx_word' id='word_1_54' title='bbox 395 1103 431 1180; x_wconf 77' lang='grc' dir='ltr'>δὴ</span> <span class='ocrx_word' id='word_1_55' title='bbox 447 1101 538 1185; x_wconf 79' lang='grc' dir='ltr'>γῆράς</span> <span class='ocrx_word' id='word_1_56' title='bbox 553 1127 590 1184; x_wconf 88' lang='grc' dir='ltr'>γε</span> <span class='ocrx_word' id='word_1_57' title='bbox 606 1104 669 1170; x_wconf 88' lang='grc' dir='ltr'>θεοὶ</span> <span class='ocrx_word' id='word_1_58' title='bbox 684 1100 841 1166; x_wconf 82' lang='grc' dir='ltr'>τελέουσιν</span> <span class='ocrx_word' id='word_1_59' title='bbox 856 1105 966 1182; x_wconf 79' lang='grc' dir='ltr'>ἄρειον,</span> 
     </span>
     <span class='ocr_line' id='line_1_9' title="bbox 252 1203 1005 1286; baseline 0 -19"><span class='ocrx_word' id='word_1_60' title='bbox 252 1203 373 1286; x_wconf 78' lang='grc' dir='ltr'>ἐλπωρή</span> <span class='ocrx_word' id='word_1_61' title='bbox 387 1231 432 1268; x_wconf 94' lang='grc' dir='ltr'>τοι</span> <span class='ocrx_word' id='word_1_62' title='bbox 449 1207 552 1270; x_wconf 86' lang='grc' dir='ltr'>ἔπειτα</span> <span class='ocrx_word' id='word_1_63' title='bbox 572 1214 670 1271; x_wconf 80' lang='grc' dir='ltr'>κακῶν</span> <span class='ocrx_word' id='word_1_64' title='bbox 684 1204 833 1283; x_wconf 80' lang='grc' dir='ltr'>ὑπάλυξιν</span> <span class='ocrx_word' id='word_1_65' title='bbox 849 1203 1005 1269; x_wconf 91' lang='grc' dir='ltr'>ἔσεσθαι.”</span> 
     </span>
     <span class='ocr_line' id='line_1_10' title="bbox 287 1307 1032 1390; baseline 0.003 -20"><span class='ocrx_word' id='word_1_66' title='bbox 287 1307 351 1374; x_wconf 65' lang='grc' dir='ltr'>Ὠς</span> <span class='ocrx_word' id='word_1_67' title='bbox 366 1311 395 1372; x_wconf 82' lang='grc' dir='ltr'>οἱ</span> <span class='ocrx_word' id='word_1_68' title='bbox 409 1310 465 1387; x_wconf 77' lang='grc' dir='ltr'>μὲν</span> <span class='ocrx_word' id='word_1_69' title='bbox 480 1314 601 1373; x_wconf 84' lang='grc' dir='ltr'>τοιαῦτα</span> <span class='ocrx_word' id='word_1_70' title='bbox 617 1309 690 1389; x_wconf 85' lang='grc' dir='ltr'>πρὸς</span> <span class='ocrx_word' id='word_1_71' title='bbox 706 1307 861 1386; x_wconf 80' lang='grc' dir='ltr'>ἀλλήλους</span> <span class='ocrx_word' id='word_1_72' title='bbox 877 1308 1032 1390; x_wconf 89' lang='grc' dir='ltr'>ἀγόρευον·</span> 
     </span>
     <span class='ocr_line' id='line_1_11' title="bbox 249 1410 1082 1494; baseline 0.005 -22"><span class='ocrx_word' id='word_1_73' title='bbox 249 1413 348 1493; x_wconf 90' lang='grc' dir='ltr'>τόφρα</span> <span class='ocrx_word' id='word_1_74' title='bbox 364 1411 389 1475; x_wconf 94' lang='grc' dir='ltr'>δ’</span> <span class='ocrx_word' id='word_1_75' title='bbox 405 1410 450 1492; x_wconf 86' lang='grc' dir='ltr'>ἀρ’</span> <span class='ocrx_word' id='word_1_76' title='bbox 467 1413 621 1492; x_wconf 84' lang='grc' dir='ltr'>Εὐρυνόμη</span> <span class='ocrx_word' id='word_1_77' title='bbox 638 1438 671 1477; x_wconf 91' lang='grc' dir='ltr'>τε</span> <span class='ocrx_word' id='word_1_78' title='bbox 687 1415 730 1476; x_wconf 81' lang='grc' dir='ltr'>ίδέ</span> <span class='ocrx_word' id='word_1_79' title='bbox 746 1419 858 1494; x_wconf 82' lang='grc' dir='ltr'>τροφὸς</span> <span class='ocrx_word' id='word_1_80' title='bbox 875 1412 978 1476; x_wconf 81' lang='grc' dir='ltr'>ἔντυον</span> <span class='ocrx_word' id='word_1_81' title='bbox 992 1411 1082 1490; x_wconf 75' lang='grc' dir='ltr'>εὐνήν</span> 
     </span>
     <span class='ocr_line' id='line_1_12' title="bbox 251 1513 1201 1595; baseline -0.001 -18"><span class='ocrx_word' id='word_1_82' title='bbox 251 1517 378 1594; x_wconf 80' lang='grc' dir='ltr'>ἐσθῆτος</span> <span class='ocrx_word' id='word_1_83' title='bbox 391 1519 537 1594; x_wconf 84' lang='grc' dir='ltr'>μαλακῆς,</span> <span class='ocrx_word' id='word_1_84' title='bbox 553 1514 662 1580; x_wconf 81' lang='grc' dir='ltr'>δαΐδων</span> <span class='ocrx_word' id='word_1_85' title='bbox 676 1517 735 1579; x_wconf 81' lang='grc' dir='ltr'>ὕπο</span> <span class='ocrx_word' id='word_1_86' title='bbox 750 1513 983 1595; x_wconf 79' lang='grc' dir='ltr'>λαμπομενάων.</span> <span class='ocrx_word' id='word_1_87' title='bbox 1150 1540 1201 1594; x_wconf 84' lang='lat'>²90</span> 
     </span>
     <span class='ocr_line' id='line_1_13' title="bbox 250 1616 1058 1700; baseline 0 -20"><span class='ocrx_word' id='word_1_88' title='bbox 250 1617 342 1698; x_wconf 84' lang='grc' dir='ltr'>αὐτὰρ</span> <span class='ocrx_word' id='word_1_89' title='bbox 358 1616 422 1682; x_wconf 81' lang='grc' dir='ltr'>ἐπεὶ</span> <span class='ocrx_word' id='word_1_90' title='bbox 440 1620 590 1699; x_wconf 89' lang='grc' dir='ltr'>στόρεσαν</span> <span class='ocrx_word' id='word_1_91' title='bbox 605 1625 729 1682; x_wconf 91' lang='grc' dir='ltr'>πυκινὸν</span> <span class='ocrx_word' id='word_1_92' title='bbox 743 1617 837 1700; x_wconf 92' lang='grc' dir='ltr'>λέχος</span> <span class='ocrx_word' id='word_1_93' title='bbox 851 1617 1058 1700; x_wconf 90' lang='grc' dir='ltr'>ἐγκονέουσαι,</span> 
     </span>
     <span class='ocr_line' id='line_1_14' title="bbox 249 1719 945 1803; baseline -0.001 -18"><span class='ocrx_word' id='word_1_94' title='bbox 249 1719 339 1803; x_wconf 75' lang='grc' dir='ltr'>γρηῢς</span> <span class='ocrx_word' id='word_1_95' title='bbox 353 1724 409 1800; x_wconf 76' lang='grc' dir='ltr'>μὲν</span> <span class='ocrx_word' id='word_1_96' title='bbox 424 1723 548 1786; x_wconf 85' lang='grc' dir='ltr'>κείουσα</span> <span class='ocrx_word' id='word_1_97' title='bbox 563 1721 657 1787; x_wconf 87' lang='grc' dir='ltr'>πάλιν</span> <span class='ocrx_word' id='word_1_98' title='bbox 673 1722 788 1786; x_wconf 82' lang='grc' dir='ltr'>οἶκόνδε</span> <span class='ocrx_word' id='word_1_99' title='bbox 804 1720 945 1801; x_wconf 81' lang='grc' dir='ltr'>βεβήκει,</span> 
     </span>
     <span class='ocr_line' id='line_1_15' title="bbox 249 1825 989 1907; baseline 0.003 -21"><span class='ocrx_word' id='word_1_100' title='bbox 249 1830 348 1889; x_wconf 85' lang='grc' dir='ltr'>τοῖσιν</span> <span class='ocrx_word' id='word_1_101' title='bbox 363 1825 388 1890; x_wconf 89' lang='grc' dir='ltr'>δ’</span> <span class='ocrx_word' id='word_1_102' title='bbox 408 1826 560 1907; x_wconf 82' lang='grc' dir='ltr'>Εὐρυνόμη</span> <span class='ocrx_word' id='word_1_103' title='bbox 577 1827 794 1905; x_wconf 86' lang='grc' dir='ltr'>θαλαμηπόλος</span> <span class='ocrx_word' id='word_1_104' title='bbox 807 1826 989 1907; x_wconf 83' lang='grc' dir='ltr'>ἡγεμόνευεν</span> 
     </span>
     <span class='ocr_line' id='line_1_16' title="bbox 249 1926 1033 2013; baseline 0.004 -22"><span class='ocrx_word' id='word_1_105' title='bbox 249 1930 441 2012; x_wconf 82' lang='grc' dir='ltr'>ἐρχομένοισι</span> <span class='ocrx_word' id='word_1_106' title='bbox 455 1928 597 2013; x_wconf 79' lang='grc' dir='ltr'>λέχοσδε,</span> <span class='ocrx_word' id='word_1_107' title='bbox 613 1928 683 1995; x_wconf 91' lang='grc' dir='ltr'>δάος</span> <span class='ocrx_word' id='word_1_108' title='bbox 697 1928 774 2007; x_wconf 83' lang='grc' dir='ltr'>μετὰ</span> <span class='ocrx_word' id='word_1_109' title='bbox 788 1926 896 2012; x_wconf 80' lang='grc' dir='ltr'>χερσὶν</span> <span class='ocrx_word' id='word_1_110' title='bbox 911 1931 1033 2011; x_wconf 89' lang='grc' dir='ltr'>ἔχουσα·</span> 
     </span>
     <span class='ocr_line' id='line_1_17' title="bbox 249 2030 1198 2115; baseline 0 -21"><span class='ocrx_word' id='word_1_111' title='bbox 249 2033 280 2097; x_wconf 88' lang='grc' dir='ltr'>ἐς</span> <span class='ocrx_word' id='word_1_112' title='bbox 296 2030 432 2111; x_wconf 91' lang='grc' dir='ltr'>θάλαμον</span> <span class='ocrx_word' id='word_1_113' title='bbox 448 2033 472 2094; x_wconf 94' lang='grc' dir='ltr'>δ’</span> <span class='ocrx_word' id='word_1_114' title='bbox 488 2035 645 2115; x_wconf 79' lang='grc' dir='ltr'>ἀγαγοῦσα</span> <span class='ocrx_word' id='word_1_115' title='bbox 660 2031 754 2097; x_wconf 87' lang='grc' dir='ltr'>πάλιν</span> <span class='ocrx_word' id='word_1_116' title='bbox 771 2033 846 2098; x_wconf 70' lang='grc' dir='ltr'>κίεν.</span> <span class='ocrx_word' id='word_1_117' title='bbox 886 2035 915 2097; x_wconf 81' lang='grc' dir='ltr'>οἱ</span> <span class='ocrx_word' id='word_1_118' title='bbox 929 2035 983 2115; x_wconf 73' lang='grc' dir='ltr'>μὲν</span> <span class='ocrx_word' id='word_1_119' title='bbox 1000 2035 1104 2098; x_wconf 92' lang='grc' dir='ltr'>ἔπειτα</span> <span class='ocrx_word' id='word_1_120' title='bbox 1150 2061 1198 2111; x_wconf 82' lang='lat'>²95</span> 
     </span>
     <span class='ocr_line' id='line_1_18' title="bbox 249 2134 957 2217; baseline 0.004 -20"><span class='ocrx_word' id='word_1_121' title='bbox 249 2134 398 2199; x_wconf 90' lang='grc' dir='ltr'>ἀσπάσιοι</span> <span class='ocrx_word' id='word_1_122' title='bbox 413 2135 551 2217; x_wconf 90' lang='grc' dir='ltr'>λέκτροιο</span> <span class='ocrx_word' id='word_1_123' title='bbox 567 2141 698 2202; x_wconf 82' lang='grc' dir='ltr'>παλαιοῦ</span> <span class='ocrx_word' id='word_1_124' title='bbox 714 2137 829 2216; x_wconf 86' lang='grc' dir='ltr'>θεσμὸν</span> <span class='ocrx_word' id='word_1_125' title='bbox 844 2139 957 2202; x_wconf 78' lang='grc' dir='ltr'>ἵκοντο.</span> 
     </span>
     <span class='ocr_line' id='line_1_19' title="bbox 249 2237 992 2322; baseline 0.008 -20"><span class='ocrx_word' id='word_1_126' title='bbox 249 2237 341 2320; x_wconf 79' lang='grc' dir='ltr'>αὐτὰρ</span> <span class='ocrx_word' id='word_1_127' title='bbox 356 2237 535 2322; x_wconf 88' lang='grc' dir='ltr'>Τηλέμαχος</span> <span class='ocrx_word' id='word_1_128' title='bbox 552 2238 600 2304; x_wconf 82' lang='grc' dir='ltr'>καὶ</span> <span class='ocrx_word' id='word_1_129' title='bbox 615 2240 766 2315; x_wconf 81' lang='grc' dir='ltr'>βουκόλος</span> <span class='ocrx_word' id='word_1_130' title='bbox 781 2240 834 2319; x_wconf 69' lang='grc' dir='ltr'>ἠδέ</span> <span class='ocrx_word' id='word_1_131' title='bbox 851 2243 992 2321; x_wconf 79' lang='grc' dir='ltr'>συβώτης</span> 
     </span>
     <span class='ocr_line' id='line_1_20' title="bbox 248 2340 1083 2428; baseline 0.007 -22"><span class='ocrx_word' id='word_1_132' title='bbox 248 2347 368 2406; x_wconf 82' lang='grc' dir='ltr'>παῦσαν</span> <span class='ocrx_word' id='word_1_133' title='bbox 384 2340 430 2423; x_wconf 83' lang='grc' dir='ltr'>ἄρ’</span> <span class='ocrx_word' id='word_1_134' title='bbox 445 2343 610 2425; x_wconf 86' lang='grc' dir='ltr'>ὀρχηθμοῖο</span> <span class='ocrx_word' id='word_1_135' title='bbox 625 2346 730 2419; x_wconf 89' lang='grc' dir='ltr'>πόδας,</span> <span class='ocrx_word' id='word_1_136' title='bbox 746 2351 866 2410; x_wconf 83' lang='grc' dir='ltr'>παῦσαν</span> <span class='ocrx_word' id='word_1_137' title='bbox 881 2349 913 2408; x_wconf 78' lang='grc' dir='ltr'>δέ</span> <span class='ocrx_word' id='word_1_138' title='bbox 930 2350 1083 2428; x_wconf 81' lang='grc' dir='ltr'>γυναῖκας,</span> 
     </span>
     <span class='ocr_line' id='line_1_21' title="bbox 249 2446 935 2532; baseline 0.003 -22"><span class='ocrx_word' id='word_1_139' title='bbox 249 2447 332 2510; x_wconf 84' lang='grc' dir='ltr'>αὐτοὶ</span> <span class='ocrx_word' id='word_1_140' title='bbox 347 2446 371 2510; x_wconf 90' lang='grc' dir='ltr'>δ’</span> <span class='ocrx_word' id='word_1_141' title='bbox 388 2446 544 2525; x_wconf 83' lang='grc' dir='ltr'>εὐνάζοντο</span> <span class='ocrx_word' id='word_1_142' title='bbox 561 2451 636 2512; x_wconf 79' lang='grc' dir='ltr'>κατὰ</span> <span class='ocrx_word' id='word_1_143' title='bbox 650 2449 767 2532; x_wconf 89' lang='grc' dir='ltr'>μέγαρα</span> <span class='ocrx_word' id='word_1_144' title='bbox 784 2452 935 2514; x_wconf 88' lang='grc' dir='ltr'>σκιόεντα.</span> 
     </span>
     <span class='ocr_line' id='line_1_22' title="bbox 291 2552 1199 2636; baseline -0.001 -17"><span class='ocrx_word' id='word_1_145' title='bbox 291 2554 341 2619; x_wconf 81' lang='grc' dir='ltr'>Τὼ</span> <span class='ocrx_word' id='word_1_146' title='bbox 358 2552 383 2616; x_wconf 90' lang='grc' dir='ltr'>δ’</span> <span class='ocrx_word' id='word_1_147' title='bbox 399 2553 464 2617; x_wconf 86' lang='grc' dir='ltr'>ἐπεὶ</span> <span class='ocrx_word' id='word_1_148' title='bbox 480 2553 533 2618; x_wconf 82' lang='grc' dir='ltr'>οάν</span> <span class='ocrx_word' id='word_1_149' title='bbox 548 2555 711 2634; x_wconf 87' lang='grc' dir='ltr'>φιλότητος</span> <span class='ocrx_word' id='word_1_150' title='bbox 727 2555 893 2636; x_wconf 78' lang='grc' dir='ltr'>ἐταρπήτην</span> <span class='ocrx_word' id='word_1_151' title='bbox 909 2558 1071 2636; x_wconf 84' lang='grc' dir='ltr'>ἐρατεινῆς,</span> <span class='ocrx_word' id='word_1_152' title='bbox 1146 2583 1199 2630; x_wconf 81' lang='lat'>300</span> 
     </span>
     <span class='ocr_line' id='line_1_23' title="bbox 247 2655 991 2738; baseline 0.003 -18"><span class='ocrx_word' id='word_1_153' title='bbox 247 2656 415 2737; x_wconf 86' lang='grc' dir='ltr'>τερπέσθην</span> <span class='ocrx_word' id='word_1_154' title='bbox 429 2655 561 2735; x_wconf 88' lang='grc' dir='ltr'>μύθοισι,</span> <span class='ocrx_word' id='word_1_155' title='bbox 577 2657 650 2738; x_wconf 87' lang='grc' dir='ltr'>πρὸς</span> <span class='ocrx_word' id='word_1_156' title='bbox 667 2657 819 2735; x_wconf 89' lang='grc' dir='ltr'>ἀλλήλους</span> <span class='ocrx_word' id='word_1_157' title='bbox 835 2658 991 2737; x_wconf 85' lang='grc' dir='ltr'>ἐνέποντε,</span> 
     </span>
     <span class='ocr_line' id='line_1_24' title="bbox 247 2760 1038 2849; baseline 0.004 -26"><span class='ocrx_word' id='word_1_158' title='bbox 247 2760 265 2838; x_wconf 81' lang='grc' dir='ltr'>ἡ</span> <span class='ocrx_word' id='word_1_159' title='bbox 282 2764 337 2841; x_wconf 74' lang='grc' dir='ltr'>μὲν</span> <span class='ocrx_word' id='word_1_160' title='bbox 352 2761 400 2824; x_wconf 85' lang='grc' dir='ltr'>όσ’</span> <span class='ocrx_word' id='word_1_161' title='bbox 416 2763 449 2824; x_wconf 88' lang='grc' dir='ltr'>ἐν</span> <span class='ocrx_word' id='word_1_162' title='bbox 463 2761 641 2849; x_wconf 85' lang='grc' dir='ltr'>μεγάροισιν</span> <span class='ocrx_word' id='word_1_163' title='bbox 656 2761 802 2846; x_wconf 90' lang='grc' dir='ltr'>ἀνέσχετο</span> <span class='ocrx_word' id='word_1_164' title='bbox 817 2767 867 2827; x_wconf 86' lang='grc' dir='ltr'>δῖα</span> <span class='ocrx_word' id='word_1_165' title='bbox 881 2769 1038 2845; x_wconf 76' lang='grc' dir='ltr'>γυναικῶν,</span> 
     </span>
     <span class='ocr_line' id='line_1_25' title="bbox 248 2862 979 2946; baseline 0.004 -20"><span class='ocrx_word' id='word_1_166' title='bbox 248 2865 364 2944; x_wconf 79' lang='grc' dir='ltr'>ἀνδρῶν</span> <span class='ocrx_word' id='word_1_167' title='bbox 377 2862 557 2945; x_wconf 86' lang='grc' dir='ltr'>μνηστήρων</span> <span class='ocrx_word' id='word_1_168' title='bbox 572 2866 700 2946; x_wconf 83' lang='grc' dir='ltr'>ἐσορῶσ’</span> <span class='ocrx_word' id='word_1_169' title='bbox 716 2865 842 2943; x_wconf 83' lang='grc' dir='ltr'>ἀΐδηλον</span> <span class='ocrx_word' id='word_1_170' title='bbox 858 2867 979 2943; x_wconf 85' lang='grc' dir='ltr'>ὅμιλον,</span> 
     </span>
     <span class='ocr_line' id='line_1_26' title="bbox 249 2967 954 3050; baseline 0.004 -20"><span class='ocrx_word' id='word_1_171' title='bbox 249 2967 276 3030; x_wconf 77' lang='grc' dir='ltr'>οἳ</span> <span class='ocrx_word' id='word_1_172' title='bbox 292 2968 361 3031; x_wconf 80' lang='grc' dir='ltr'>ἕθεν</span> <span class='ocrx_word' id='word_1_173' title='bbox 376 2969 475 3031; x_wconf 78' lang='grc' dir='ltr'>εἵνεκα</span> <span class='ocrx_word' id='word_1_174' title='bbox 489 2969 600 3042; x_wconf 90' lang='grc' dir='ltr'>πολλά,</span> <span class='ocrx_word' id='word_1_175' title='bbox 615 2970 694 3050; x_wconf 90' lang='grc' dir='ltr'>βόας</span> <span class='ocrx_word' id='word_1_176' title='bbox 711 2971 759 3033; x_wconf 84' lang='grc' dir='ltr'>καὶ</span> <span class='ocrx_word' id='word_1_177' title='bbox 774 2972 844 3050; x_wconf 86' lang='grc' dir='ltr'>ίφια</span> <span class='ocrx_word' id='word_1_178' title='bbox 858 2973 954 3050; x_wconf 85' lang='grc' dir='ltr'>μῆλα,</span> 
     </span>
     <span class='ocr_line' id='line_1_27' title="bbox 248 3071 1199 3154; baseline 0.004 -20"><span class='ocrx_word' id='word_1_179' title='bbox 248 3071 395 3151; x_wconf 78' lang='grc' dir='ltr'>ἔσφαζον,</span> <span class='ocrx_word' id='word_1_180' title='bbox 410 3072 526 3136; x_wconf 84' lang='grc' dir='ltr'>πολλὸς</span> <span class='ocrx_word' id='word_1_181' title='bbox 541 3074 574 3135; x_wconf 78' lang='grc' dir='ltr'>δέ</span> <span class='ocrx_word' id='word_1_182' title='bbox 589 3074 687 3138; x_wconf 91' lang='grc' dir='ltr'>πίθων</span> <span class='ocrx_word' id='word_1_183' title='bbox 701 3073 859 3154; x_wconf 83' lang='grc' dir='ltr'>ἠφύσσετο</span> <span class='ocrx_word' id='word_1_184' title='bbox 875 3074 964 3140; x_wconf 83' lang='grc' dir='ltr'>οἶνος·</span> <span class='ocrx_word' id='word_1_185' title='bbox 1146 3102 1199 3153; x_wconf 78' lang='lat'>30⁵</span> 
     </span>
     <span class='ocr_line' id='line_1_28' title="bbox 247 3175 978 3257; baseline 0.005 -20"><span class='ocrx_word' id='word_1_186' title='bbox 247 3175 339 3254; x_wconf 84' lang='grc' dir='ltr'>αὐτὰρ</span> <span class='ocrx_word' id='word_1_187' title='bbox 355 3176 371 3237; x_wconf 87' lang='grc' dir='ltr'>ὁ</span> <span class='ocrx_word' id='word_1_188' title='bbox 387 3175 523 3257; x_wconf 78' lang='grc' dir='ltr'>διογενής</span> <span class='ocrx_word' id='word_1_189' title='bbox 537 3175 682 3242; x_wconf 82' lang='grc' dir='ltr'>Ὀδυσεὺς</span> <span class='ocrx_word' id='word_1_190' title='bbox 698 3177 757 3240; x_wconf 85' lang='grc' dir='ltr'>ὅσα</span> <span class='ocrx_word' id='word_1_191' title='bbox 775 3175 855 3255; x_wconf 90' lang='grc' dir='ltr'>κήδε’</span> <span class='ocrx_word' id='word_1_192' title='bbox 871 3177 978 3254; x_wconf 88' lang='grc' dir='ltr'>ἔθηκεν</span> 
     </span>
     <span class='ocr_line' id='line_1_29' title="bbox 247 3278 928 3363; baseline 0.004 -21"><span class='ocrx_word' id='word_1_193' title='bbox 247 3278 415 3358; x_wconf 81' lang='grc' dir='ltr'>ἀνθρώποις</span> <span class='ocrx_word' id='word_1_194' title='bbox 431 3280 490 3342; x_wconf 86' lang='grc' dir='ltr'>ὅσα</span> <span class='ocrx_word' id='word_1_195' title='bbox 504 3279 530 3341; x_wconf 94' lang='grc' dir='ltr'>τ’</span> <span class='ocrx_word' id='word_1_196' title='bbox 546 3279 633 3346; x_wconf 85' lang='grc' dir='ltr'>αὐτὸς</span> <span class='ocrx_word' id='word_1_197' title='bbox 649 3280 770 3358; x_wconf 84' lang='grc' dir='ltr'>ὀϊζύσας</span> <span class='ocrx_word' id='word_1_198' title='bbox 785 3283 928 3363; x_wconf 89' lang='grc' dir='ltr'>ἐμόγησε,</span> 
     </span>
     <span class='ocr_line' id='line_1_30' title="bbox 247 3380 1134 3465; baseline 0.009 -20"><span class='ocrx_word' id='word_1_199' title='bbox 247 3380 332 3445; x_wconf 88' lang='grc' dir='ltr'>πάντ’</span> <span class='ocrx_word' id='word_1_200' title='bbox 349 3383 444 3464; x_wconf 88' lang='grc' dir='ltr'>ἔλεγ’·Ι</span> <span class='ocrx_word' id='word_1_201' title='bbox 467 3383 485 3462; x_wconf 88' lang='grc' dir='ltr'>ή</span> <span class='ocrx_word' id='word_1_202' title='bbox 502 3383 527 3446; x_wconf 88' lang='grc' dir='ltr'>δ’</span> <span class='ocrx_word' id='word_1_203' title='bbox 542 3382 587 3465; x_wconf 81' lang='grc' dir='ltr'>ἀρ’</span> <span class='ocrx_word' id='word_1_204' title='bbox 604 3382 731 3465; x_wconf 86' lang='grc' dir='ltr'>ἐτέρπετ’</span> <span class='ocrx_word' id='word_1_205' title='bbox 748 3385 896 3463; x_wconf 89' lang='grc' dir='ltr'>ἀκούουσ’,</span> <span class='ocrx_word' id='word_1_206' title='bbox 913 3383 982 3448; x_wconf 80' lang='grc' dir='ltr'>οὐδέ</span> <span class='ocrx_word' id='word_1_207' title='bbox 997 3387 1027 3449; x_wconf 84' lang='grc' dir='ltr'>οἱ</span> <span class='ocrx_word' id='word_1_208' title='bbox 1042 3387 1134 3453; x_wconf 83' lang='grc' dir='ltr'>θπνος</span> 
     </span>
     <span class='ocr_line' id='line_1_31' title="bbox 247 3486 1054 3568; baseline 0.007 -20"><span class='ocrx_word' id='word_1_209' title='bbox 247 3490 357 3550; x_wconf 84' lang='grc' dir='ltr'>πῖπτεν</span> <span class='ocrx_word' id='word_1_210' title='bbox 372 3487 422 3549; x_wconf 87' lang='grc' dir='ltr'>ἐπὶ</span> <span class='ocrx_word' id='word_1_211' title='bbox 436 3486 625 3568; x_wconf 86' lang='grc' dir='ltr'>βλεφάροισι</span> <span class='ocrx_word' id='word_1_212' title='bbox 640 3488 734 3567; x_wconf 86' lang='grc' dir='ltr'>πάρος</span> <span class='ocrx_word' id='word_1_213' title='bbox 750 3488 911 3567; x_wconf 81' lang='grc' dir='ltr'>καταλέξαι</span> <span class='ocrx_word' id='word_1_214' title='bbox 927 3487 1054 3554; x_wconf 76' lang='grc' dir='ltr'>ἅπαντα.</span> 
     </span>
     <span class='ocr_line' id='line_1_32' title="bbox 286 3586 1157 3675; baseline 0.009 -24"><span class='ocrx_word' id='word_1_215' title='bbox 286 3586 421 3668; x_wconf 80' lang='grc' dir='ltr'>Ἠρξατο</span> <span class='ocrx_word' id='word_1_216' title='bbox 436 3589 462 3652; x_wconf 93' lang='grc' dir='ltr'>δ’</span> <span class='ocrx_word' id='word_1_217' title='bbox 479 3591 518 3656; x_wconf 83' lang='grc' dir='ltr'>ὡς</span> <span class='ocrx_word' id='word_1_218' title='bbox 533 3597 651 3672; x_wconf 82' lang='grc' dir='ltr'>πρῶτον</span> <span class='ocrx_word' id='word_1_219' title='bbox 666 3593 795 3658; x_wconf 82' lang='grc' dir='ltr'>Κίκονας</span> <span class='ocrx_word' id='word_1_220' title='bbox 811 3591 929 3670; x_wconf 81' lang='grc' dir='ltr'>δόρατ’,</span> <span class='ocrx_word' id='word_1_221' title='bbox 945 3592 1038 3675; x_wconf 86' lang='grc' dir='ltr'>αὐτάρ</span> <span class='ocrx_word' id='word_1_222' title='bbox 1054 3593 1157 3658; x_wconf 89' lang='grc' dir='ltr'>ἔπειτα</span> 
     </span>
     <span class='ocr_line' id='line_1_33' title="bbox 247 3691 1217 3778; baseline 0.008 -23"><span class='ocrx_word' id='word_1_223' title='bbox 247 3691 315 3772; x_wconf 70' lang='grc' dir='ltr'>ἦλθ’</span> <span class='ocrx_word' id='word_1_224' title='bbox 331 3696 363 3758; x_wconf 90' lang='grc' dir='ltr'>ἐς</span> <span class='ocrx_word' id='word_1_225' title='bbox 381 3691 574 3774; x_wconf 87' lang='grc' dir='ltr'>Λωτοφάγων</span> <span class='ocrx_word' id='word_1_226' title='bbox 592 3697 707 3776; x_wconf 76' lang='grc' dir='ltr'>ἀνδρῶν</span> <span class='ocrx_word' id='word_1_227' title='bbox 722 3696 839 3774; x_wconf 87' lang='grc' dir='ltr'>πίειραν</span> <span class='ocrx_word' id='word_1_228' title='bbox 854 3696 991 3778; x_wconf 83' lang='grc' dir='ltr'>ἀρουραυ·</span> <span class='ocrx_word' id='word_1_229' title='bbox 1146 3726 1196 3774; x_wconf 80' lang='lat'>311</span> <span class='ocrx_word' id='word_1_230' title='bbox 1213 3733 1217 3740; x_wconf 90' lang='lat'>·</span> 
     </span>
    </p>
   </div>
   <div class='ocr_carea' id='block_1_3' title="bbox 933 3929 978 4044">
    <p class='ocr_par' dir='ltr' id='par_1_3' title="bbox 933 3929 978 4044">
     <span class='ocr_line' id='line_1_34' title="bbox 933 3929 978 4044; baseline 0 0"><span class='ocrx_word' id='word_1_231' title='bbox 933 3929 978 4044; x_wconf 59' lang='grc' dir='ltr'>λ</span> 
     </span>
    </p>
   </div>
   <div class='ocr_carea' id='block_1_4' title="bbox 978 4064 1015 4198">
    <p class='ocr_par' dir='ltr' id='par_1_4' title="bbox 978 4064 1015 4198">
     <span class='ocr_line' id='line_1_35' title="bbox 978 4064 1015 4198; baseline 0 0"><span class='ocrx_word' id='word_1_232' title='bbox 978 4064 1015 4198; x_wconf 74' lang='grc' dir='ltr'>λ</span> 
     </span>
    </p>
   </div>
   <div class='ocr_carea' id='block_1_5' title="bbox 0 0 1384 4228">
    <p class='ocr_par' dir='ltr' id='par_1_5' title="bbox 0 0 1384 4228">
     <span class='ocr_line' id='line_1_36' title="bbox 0 0 1384 4228; baseline 0 1"><span class='ocrx_word' id='word_1_233' title='bbox 0 0 1384 4228; x_wconf 95' lang='lat' dir='ltr'> </span> 
     </span>
    </p>
   </div>
  </div>
 </body>
</html>
