2728 4230
252 292 310 376 ιρι
572 293 601 356 8.
628 297 796 358 1A1AA02
820 297 861 358 ο.

247 468 288 550 τῷ
304 467 337 530 δὲ
353 464 401 539 καὶ
417 465 525 530 ίππους
540 464 596 543 μέν
610 470 688 530 λῦσε
703 464 811 530 κλυτὸς
827 465 1027 547 ἐννοσίγαιος,
1141 493 1195 542 440

248 569 363 650 ἅρματα
381 567 406 632 δ’
423 566 464 648 δμ
478 572 612 647 βωμοῖσι
627 568 714 640 τίθει,
731 571 805 632 κατὰ
819 573 890 632 λῖτα
905 567 1072 636 πετάσσας·

248 671 336 738 αὐτὸς
350 672 383 735 δὲ
398 671 541 755 χρύσειον
557 673 607 736 ἐπὶ
623 673 731 754 θρόνον
747 673 878 755 εὐρύοπα
893 672 968 740 Ζεὺς

249 776 340 853 ἕζετο,
357 776 398 859 τφ
415 779 440 839 δ’
455 774 514 839 ύπδ
529 777 626 840 ποσσὶ
641 775 736 859 μέγας
752 777 919 857 πελεμίζετ’
937 777 1105 856 Ὄλυμπος.

249 880 279 941 αἰ
295 879 320 941 δ’
337 878 397 942 οἶαι
413 877 487 944 Διὸς
502 879 597 960 ὀμφὶς
613 877 759 958 Ἀθηναίη
776 905 808 944 τε
824 881 873 944 καὶ
885 878 968 962 Ἥρη

248 981 354 1061 ἥσθην,
370 980 439 1045 οὐδέ
454 981 485 1043 τί
497 1006 549 1060 μιν
564 982 782 1064 προσεφώνεον
797 983 858 1046 οὐδ’
875 982 1006 1064 ἐρέοντο·
1144 1010 1193 1058 445

249 1084 339 1166 αύτδρ
356 1086 372 1148 ὁ
388 1084 464 1166 ἔγνω
482 1082 556 1169 ᾗσιν
570 1086 616 1150 ἰνὶ
633 1087 726 1168 φρεσὶ
741 1085 887 1168 φώνησέν
901 1107 943 1150 τε·

249 1192 266 1220 “
275 1186 357 1268 τίφθ’
374 1189 450 1250 ούτω
466 1189 635 1267 τετίησθον,
651 1187 797 1269 Ἀθηναίη
814 1215 847 1254 τε
864 1189 913 1253 καί
926 1187 1033 1271 Ἥρης

249 1289 283 1352 οὐ
296 1288 353 1370 μέν
367 1294 423 1368 θην
440 1289 568 1370 κάμετόν
583 1317 620 1374 γε
633 1290 717 1378 μάχῃ
736 1291 781 1356 ἔνι
798 1292 966 1379 κυδιανείρῃ

249 1393 379 1456 ὀλλῦσαι
393 1397 507 1474 Τρῶας,
524 1398 624 1459 τοῖσιν
639 1396 729 1460 κότον
744 1394 829 1458 αἰνὸν
845 1393 962 1460 ἔθεσθε.

249 1495 375 1568 πάντως,
393 1497 458 1562 οἶον
473 1497 545 1576 ἐμάν
560 1522 596 1578 γε
612 1496 703 1577 μένος
718 1497 767 1560 καὶ
782 1502 883 1580 χεῖρες
897 1498 1016 1573 ὀαπτοι,
1142 1525 1195 1573 450

249 1601 300 1664 οὐκ
317 1598 354 1664 άν
368 1625 407 1679 με
421 1598 567 1683 τρέψειαν
583 1601 652 1665 ὀσοι
667 1602 734 1665 θεοί
748 1601 805 1667 εἰσ’
822 1603 854 1664 ἐν
869 1599 1026 1686 Ὀλύμπῳ.

249 1708 350 1785 σφῶῖν
364 1705 397 1767 δέ
412 1705 484 1785 πρίν
498 1727 554 1785 περ
569 1704 678 1786 τρόμος
694 1703 813 1783 ἔλλαβε
828 1705 957 1786 φαίδιμα
971 1708 1051 1786 γυῖα,

250 1808 319 1888 πρὶν
333 1807 469 1887 πόλεμόν
484 1807 508 1869 τ’
526 1806 616 1872 ἰδέειν
632 1805 780 1886 πολέμοιό
793 1833 826 1871 τε
840 1804 972 1889 μέρμερα
987 1807 1069 1889 ἔργα.

249 1913 306 1975 ὧδε
321 1913 379 1992 γὰρ
395 1908 512 1992 ἐξερέω,
527 1908 562 1974 τὸ
576 1907 610 1973 δέ
625 1935 677 1974 κεν
692 1909 910 1989 τετελεσμένον
925 1909 988 1989 ἦεν·

251 2013 302 2077 οὐκ
318 2012 355 2078 ἂν
370 2013 419 2093 ἐφ’
435 2011 584 2094 ὑμετέρων
599 2010 697 2095 ὀχέων
713 2011 865 2095 πληγέντε
880 2012 1011 2098 κεραυνφ
1143 2039 1194 2088 455

248 2115 296 2198 δφ
311 2118 342 2183 ἐς
354 2114 515 2195 Ὄλυμπον
530 2117 664 2188 ἵκεσθον,
680 2115 718 2180 ἵν’
733 2114 891 2181 ἀθανάτων
909 2116 977 2182 ἕδος
992 2114 1105 2178 έστίν.”

285 2219 348 2286 Ὠς
363 2219 462 2301 ἔφαθ’,
480 2221 511 2285 αἰ
526 2219 551 2284 δ’
567 2217 718 2298 ἐπέμυξαν
734 2220 878 2297 Ἀθηναίη
894 2243 928 2282 τε
943 2219 992 2281 καὶ
1004 2217 1096 2298 Ἥρη·

250 2323 380 2401 πλησίαι
395 2327 428 2386 αἰ
440 2317 470 2404 γ’
488 2322 598 2401 ἥσθην,
614 2324 691 2385 κακὰ
706 2323 738 2385 δέ
753 2321 895 2403 Τράεσσι
909 2320 1071 2400 μεδέσθην.

250 2426 268 2507 ἦ
283 2451 329 2489 τοι
344 2423 490 2502 Ἀθηναίη
507 2421 604 2487 ἀκέων
618 2422 656 2502 ἦν
671 2421 740 2489 οὐδέ
755 2449 783 2487 τι
800 2424 875 2499 εἶπε,

250 2526 414 2607 σκυζομένη
432 2527 484 2592 Διί
499 2526 600 2609 πατρί,
614 2529 710 2610 χόλος
725 2525 767 2604 δέΙ
772 2552 825 2606 μιν
839 2525 944 2609 ἄγριος
958 2524 1032 2611 ᾔρει·
1143 2539 1194 2600 460

178 2641 181 2644 ’
227 2631 327 2719 ’Ἥρη
344 2629 368 2694 δ’
385 2629 437 2694 ούκ
453 2630 544 2712 ἔχαδε
561 2633 673 2708 στῆθος
690 2631 797 2714 χόλου,
814 2631 896 2694 ἀλλὰ
910 2630 1075 2712 προσηύδα·

251 2746 270 2771 “
280 2734 418 2800 αἰνότατε
434 2734 575 2816 Κρονίδη,
590 2738 679 2799 ποῖον
694 2734 747 2799 τὸν
760 2738 855 2812 μῦθον
871 2733 979 2798 ἔειπες.

251 2837 283 2900 ειῖ
297 2862 331 2901 νυ
348 2836 396 2900 καὶ
410 2835 497 2916 ἡμεῖς
512 2839 597 2916 ίδμεν
612 2836 630 2900 ά
645 2861 691 2900 τοι
707 2835 814 2901 σθένος
830 2835 882 2898 οὐκ
899 2833 1085 2900 ἀλαπαδνόν·

251 2937 321 3003 ἀλλ’
337 2939 433 3019 ἔμπης
449 2945 579 3006 Δαναῶν
595 2934 798 3019 ὀλοφυρόμεθ’
814 2936 999 3022 αἰχμητάων,

251 3049 281 3108 οἵ
295 3069 346 3108 κεν
361 3042 397 3122 δὴ
414 3041 505 3108 κακὸν
521 3043 603 3106 οἶτον
618 3038 849 3119 ἀναπλήσαντες
866 3042 1006 3104 ὄλωνται.
1146 3051 1194 3116 465

253 3144 338 3234 [ἀλλ’
355 3144 373 3226 ἦ
388 3171 435 3209 τοι
450 3145 585 3224 πολέμου
598 3145 654 3223 μὲν
669 3141 843 3224 ἀφεξόμεθ’,
860 3145 886 3208 εί
902 3143 943 3206 σδ
956 3141 1099 3210 κελεύεις·

251 3249 370 3330 βουλὴν
384 3247 411 3311 δ’
427 3247 577 3330 Ἀργείοις
591 3247 806 3326 ὑποθησόμεθ’,
822 3246 842 3325 ἤ
856 3270 902 3312 τις
918 3244 1032 3323 ὀνήσει,

252 3353 291 3417 ὡς
305 3351 346 3430 μη
362 3349 471 3416 πάντες
487 3352 616 3414 ὄλωνται
632 3348 853 3428 ὀδυσσαμένοιο
869 3343 999 3436 τεοῖο.”]

294 3453 359 3533 Τὴν
374 3450 399 3516 δ’
419 3452 663 3533 ἀπαμειβόμενος
677 3450 818 3534 προσέφη
835 3454 1059 3533 νεφεληγερέτα
1075 3453 1158 3518 Ζεύς·

254 3564 272 3592 “
283 3557 352 3641 ἠοῦς
368 3554 404 3634 δὴ
421 3556 605 3633 καὶμᾶλλον
623 3552 789 3637 ὑπερμενέα
804 3555 959 3635 Κρονίωνα
1145 3581 1196 3633 470

254 3663 355 3744 ὄψεαι,
372 3662 405 3723 αί
419 3656 445 3722 κ’
462 3655 622 3743 ἐθέλῃσθα,
637 3663 757 3735 βοῶπις
772 3657 880 3722 πότνια
891 3654 984 3739 Ἥρη,
