2758 4228
456 367 506 426 ιι
536 353 771 413 omma
800 355 840 414 ο.
1060 349 1120 432 891

178 521 309 602 ἔρχεται,
325 521 360 583 οῦ
376 525 480 588 παιδὸς
495 523 655 601 τεθνηότος
671 521 842 586 ἀντιόωσα.’

177 624 217 689 ἀς
233 622 331 704 ἔφαθ’,
348 626 377 687 οἱ
394 622 420 688 δ’
435 625 564 708 ἔσχοντο
580 626 684 704 φόβου
698 624 866 707 μεγάθυμοι
880 622 1012 708 Ἀχαιοί·

176 727 254 807 ἀμφὶ
269 727 302 792 δέ
317 725 347 790 α’
364 729 498 808 ἔστησαν
514 733 617 810 κοῦροι
634 730 733 792 ἁλίοιο
749 730 891 811 γέροντος

176 828 267 911 οἴκτρ’
280 832 513 911 ὀλοφυρόμεναι,
532 830 599 912 περὶ
615 832 641 896 δ’
656 831 795 913 ἄμβροτα
809 836 914 911 εἵματα
930 833 1035 897 ἔσσαν.
1095 867 1097 874 ·

178 938 302 998 Μοῦσαι
318 932 344 998 δ’
359 934 445 1000 ἔννέα
461 939 557 998 πᾶσαι
573 936 772 1016 ἀμειβόμεναι
787 933 839 998 όπὶ
855 936 933 1022 καλῇ
1089 949 1123 997 60

177 1036 311 1119 θρήνεον
336 1039 409 1102 ἔνθα
424 1064 475 1102 κεν
490 1035 596 1103 οὔτιν’
611 1038 777 1119 ἀδάκρυτόν
791 1037 820 1121 γ’
836 1040 964 1117 ἐνόησας

176 1141 330 1223 Ἀργείων·
354 1147 436 1205 τοῖον
452 1141 508 1224 γὰρ
523 1142 659 1224 ὑπώρορε
675 1147 787 1206 Μοῦσα
802 1143 912 1224 λίγεια.

178 1245 253 1309 ἑπτὰ
269 1248 302 1308 δὲ
318 1247 367 1309 καὶ
383 1245 456 1310 δέκα
469 1246 526 1326 μέν
542 1271 579 1308 σε
595 1247 673 1326 άμῶς
689 1247 796 1313 νύκτας
812 1272 844 1310 τε
862 1243 910 1309 καὶ
927 1246 1005 1328 ἦμαρ

178 1351 321 1425 κλαίομεν
336 1349 483 1414 ἀθάνατοί
496 1375 530 1414 τε
544 1350 610 1413 θεοὶ
627 1351 731 1429 θνητοί
743 1347 769 1414 τ’
784 1349 949 1430 ἄνθρωποι·

177 1451 413 1538 ὀκτωκαιδεκάτῃ
430 1453 455 1516 δ’
472 1453 577 1533 ἔδομεν
593 1455 673 1535 πυρί,
690 1457 793 1517 πολλὰ
809 1451 841 1518 δέ
854 1454 884 1516 α’
901 1453 979 1534 ἀμφὶ
1092 1467 1123 1528 65

177 1559 259 1634 μῆλα
275 1555 493 1636 κατεκτάνομεν
506 1555 591 1636 μάλα
605 1557 696 1621 πίονα
713 1559 761 1621 καὶ
777 1557 879 1624 ἕλικας
893 1564 978 1638 βοῦς.

178 1660 260 1722 καίεο
277 1658 302 1723 δ’
319 1660 351 1724 ἔν
366 1660 391 1723 τ’
409 1662 515 1739 ἔσθῆτι
532 1666 610 1725 θεῶν
627 1661 674 1724 καὶ
691 1663 836 1742 ἀλείφατι
851 1663 958 1746 πολλῷ

178 1762 226 1826 καὶ
241 1763 339 1841 μέλιτι
355 1765 499 1850 γλυκερῷ·
522 1763 635 1828 πολλοὶ
650 1763 674 1829 δ’
689 1766 783 1845 ἥρωες
797 1761 919 1847 Ἀχαιοὶ

178 1867 318 1950 τεύχεσιν
333 1869 503 1948 ἐρρύσαντο
518 1867 615 1948 πυρὴν
630 1869 699 1945 πέρι
715 1867 895 1946 καιομένοιο,

179 1971 265 2048 πεζοί
281 1971 307 2034 θ’
324 1971 430 2047 ἱππῆές
446 1991 489 2034 τε·
513 1970 607 2036 πολὺς
624 1971 649 2034 δ’
664 1970 831 2053 ὀρυμαγδὸς
846 1971 960 2053 όρόρει.

179 2073 271 2155 αύτάρ
287 2075 353 2137 ἐπεὶ
368 2071 405 2152 δή
421 2099 457 2137 σε
470 2070 557 2154 φλδξ
569 2072 681 2152 ἤνυσεν
695 2072 891 2154 Ἡφαίστοιο,

178 2178 273 2256 ἠῶθεν
288 2176 325 2256 δή
340 2202 387 2241 τοι
403 2176 532 2259 λέγομεν
546 2179 629 2241 λεύκ’
642 2177 741 2253 ὀστέ’,
757 2176 918 2262 Ἀχιλλεῦ,

179 2283 249 2366 οίνιρ
266 2284 297 2346 ἔν
313 2280 430 2366 ἀκρήτῳ
447 2280 494 2346 καὶ
511 2283 663 2361 ἀλείφατι·
688 2287 765 2346 δῶκε
782 2283 815 2344 δὲ
828 2279 924 2362 μήτηρ

178 2386 310 2469 χρύσεον
325 2387 513 2467 ἀμφιφορῆα·
540 2385 710 2450 Διωνύσοιο
725 2388 758 2449 δὲ
772 2390 869 2466 δῶρον

179 2488 273 2568 φάσκ’
290 2490 400 2568 ἔμεναι,
416 2490 506 2570 ἔργον
521 2492 554 2553 δὲ
571 2493 749 2570 περικλυτοῦ
763 2487 960 2568 Ἡφαίστοιο.

179 2595 212 2657 ἓν
227 2599 267 2676 τῷ
283 2618 330 2656 τοι
345 2599 440 2656 κεῖται
455 2589 537 2656 λεύκ’
551 2591 656 2670 ὀστέα,
671 2589 789 2672 φαίδιμ’
803 2592 961 2675 Ἀχιλλεῦ,

178 2697 271 2779 μίγδα
287 2699 318 2760 δὲ
334 2697 524 2778 Πατρόκλοιο
541 2694 742 2760 Μενοιτιάδαο
758 2697 910 2772 θανόντος,

180 2801 271 2882 χωρὶς
286 2799 312 2862 δ’
327 2797 530 2881 Ἀντιλόχοιο,
547 2804 599 2864 τὸν
615 2798 709 2884 ἔξοχα
723 2804 785 2864 τῖες
800 2798 941 2863 ἀπάντων

180 2905 358 2967 τῶνᾶλλων
374 2903 486 2984 ἑτάρων
500 2902 575 2983 μετὰ
594 2903 773 2984 Πάτροκλόν
787 2929 823 2985 γε
839 2903 978 2967 θανόντα.

181 3005 256 3087 ἀμφ’
271 2999 389 3071 αύτοῖσι
405 3005 431 3071 δ’
447 3008 551 3071 ἔπειτα
565 3009 661 3089 μέγαν
677 2993 725 3071 καὶ
742 3008 877 3085 ἀμύμονα
892 3006 1009 3086 τύμβον

181 3112 312 3193 χεύαμεν
326 3109 471 3193 Ἀργείων
487 3110 565 3192 ἶερδς
585 3111 711 3191 οτροτδς
726 3109 902 3193 αἰχμητάων

181 3215 254 3303 ἀκτῇ
270 3217 320 3278 ἔπι
335 3215 522 3300 προύχούσῃ,
537 3211 585 3278 ἐπὶ
601 3219 712 3279 πλατεῖ
725 3214 955 3297 Ἑλλησπόντῳ,

182 3321 221 3385 ὥς
237 3344 288 3382 κεν
304 3319 479 3400 τηλεφανὴς
495 3320 528 3380 ἔκ
544 3319 694 3398 ποντόφιν
709 3318 854 3399 ἀνδράσιν
870 3320 916 3395 εἴη

182 3428 244 3487 τοῖς
259 3423 287 3486 οἳ
303 3428 356 3486 νῦν
374 3424 503 3505 γεγάασι
519 3421 566 3486 καὶ
583 3423 611 3486 οδ
626 3424 810 3503 μετόπισθεν
825 3422 955 3486 ἔσονται.

180 3524 277 3606 μήτηρ
292 3527 318 3589 δ’
334 3525 486 3605 αἰτήσασα
501 3527 587 3592 θεοὺς
601 3525 779 3605 περικαλλέ’
795 3524 891 3588 άεθλα

183 3631 255 3706 θῆκε
269 3628 351 3714 μέσιρ
367 3632 400 3694 ἓν
416 3632 510 3713 ἆγιῦνι
525 3627 724 3711 ἀριστήεσσιν
738 3629 879 3709 Ἀχαιῶν.

182 3732 237 3814 ἤδη
252 3736 308 3813 μὲν
321 3733 443 3798 πολέων
457 3733 542 3820 τάφῳ
559 3735 674 3813 ἀνδρῶν
688 3733 899 3811 ἀντεβόλησας
