2728 4230
465 285 496 356 5.
520 273 690 338 ΙΛΙΑΔΟΣ
712 281 748 340 Ε.
1017 295 1076 362 105

136 445 229 511 τοῦδ’
246 444 281 526 ἐξ
295 444 436 529 ἀργύρεος
450 445 540 531 ῥυμδς
558 446 662 514 πέλεν·
684 449 776 533 αὐτὰρ
793 451 840 516 ἐπ’
856 453 934 540 άκριρ

136 553 211 629 δῆσε
224 549 368 634 χρύσειον
383 549 477 616 καλδν
492 553 587 635 ζυγόν,
605 554 638 616 ἐν
653 554 685 617 δὲ
700 553 837 621 λέπαδνα
1029 580 1077 634 730

138 657 204 718 καλ’
220 654 317 734 ἔβαλε
331 653 459 736 χρύσει”
479 653 538 719 ὐπὸ
554 657 586 719 δέ
602 655 691 739 ζυγύν
705 655 818 740 ἤγαγεν
830 657 910 741 Ἥρη

136 761 246 825 ἵππους
261 758 424 836 ὠκύποδας,
440 757 564 841 μεμαυῖ’
581 760 678 842 ἔριδος
693 763 741 826 καί
757 763 857 842 ἀϋτῆς.

179 861 279 944 Αὐτὰρ
293 859 449 941 Ἀθηναίη,
467 863 554 945 κούρη
573 863 646 930 Διὸς
664 865 822 948 αἰγιόχοιο,

136 963 255 1028 πέπλον
268 965 325 1044 μὲν
340 965 498 1048 κατέχευεν
513 965 601 1031 ἑανὸν
616 966 727 1049 πατρὸς
742 968 788 1032 ἐπ’
805 969 894 1046 οὔδει,

136 1067 286 1146 ποικίλου,
302 1068 337 1131 όν
351 1066 384 1150 ῥ’
400 1067 474 1149 αὐτή
488 1067 637 1148 ποιήσατο
654 1071 702 1134 καὶ
719 1069 793 1150 κάμε
806 1073 924 1154 χερσίν·
1028 1095 1076 1150 735

135 1169 154 1246 ἡ
173 1171 206 1234 δὲ
219 1169 324 1252 χιτῶν’
340 1171 451 1236 ἐνδύσα
466 1171 540 1238 Διὸς
555 1173 795 1256 νεφεληγερέταο

136 1274 276 1356 τεύχεσιν
292 1275 323 1341 ἐς
338 1275 473 1354 πόλεμον
488 1274 663 1356 θωρήσσετο
678 1278 867 1360 δακρυόεντα.

136 1377 214 1458 ἀμφὶ
229 1373 257 1440 δ’
272 1376 316 1458 ἀρ’
334 1377 461 1457 ὤμοισιν
475 1377 583 1459 βάλετ’
600 1380 701 1462 αἰγίδα
717 1381 951 1447 θυσσανόεσσαν

136 1478 247 1558 δεινήν,
262 1478 300 1558 ήν
315 1481 383 1563 περὶ
397 1484 454 1560 μέν
469 1480 566 1570 πάντῃ
583 1484 684 1564 φόβος
700 1482 918 1566 ἐστεφάνωται,

136 1585 168 1646 ἐν
182 1580 211 1647 δ’
223 1582 317 1665 Ἔρις,
334 1586 367 1650 ἐν
382 1583 409 1650 δ’
423 1585 529 1666 Ἀλκή,
544 1588 579 1650 ἐν
592 1589 625 1651 δέ
640 1587 792 1670 κρυόεσσα
806 1585 902 1667 Ἰωκή,
1028 1609 1076 1670 ηηο

135 1687 168 1752 ἐν
182 1686 217 1750 δέ
231 1712 264 1751 τε
279 1689 405 1771 Γοργείη
424 1689 542 1772 κεφαλὴ
559 1695 669 1754 δεινοῖο
685 1691 832 1772 πελώρου,

135 1789 216 1869 δεινή
232 1817 266 1855 τε
281 1791 411 1873 σμερδνή
427 1817 470 1871 τε,
488 1791 562 1859 Διὸς
577 1791 662 1874 τέρας
678 1794 838 1875 αἰγιόχοιο.

136 1893 218 1974 κρατὶ
234 1889 261 1956 δ’
277 1891 324 1958 ἐπ’
340 1895 522 1977 ἀμφίφαλον
538 1893 644 1974 κυνέην
660 1893 728 1957 θέτο
744 1892 973 1977 τετραφάληρον

134 1995 289 2076 χρυσείην,
306 1997 411 2062 ἑκατὸν
426 1997 543 2063 πολίων
558 1993 722 2078 πρυλέεσσ’
738 1996 889 2077 ἀραρυῖαν·

135 2099 165 2163 ἐς
181 2095 207 2161 δ’
224 2100 300 2182 ὄχεα
315 2100 435 2182 φλόγεα
450 2101 525 2166 ποσὶ
539 2098 666 2180 βήσετο,
682 2097 791 2175 λάζετο
807 2098 831 2162 δ’
849 2099 938 2182 ἔγχος
1026 2123 1074 2178 745

133 2201 224 2282 βριθὺ
237 2201 317 2286 μέγα
333 2204 491 2285 στιβαρόν,
506 2203 547 2288 τῷ
563 2200 694 2282 δάμνησι
710 2201 819 2284 στίχας
828 2201 947 2292 ἀνδρῶν

133 2304 247 2386 ἡμείων,
262 2306 362 2370 τοῖσίν
377 2330 410 2372 τε
426 2305 604 2371 κοτέσσεται
619 2303 838 2387 ὀβριμοπάτρη.

130 2407 211 2490 Ἥρη
227 2409 261 2471 δέ
274 2406 400 2490 μάστιγι
416 2412 493 2474 θαῶς
507 2404 657 2486 ἐπεμαίετ’
673 2404 719 2489 ἀρ’
735 2407 854 2473 ίππους·

135 2511 298 2590 αὐτόμαται
313 2512 346 2574 δέ
360 2511 453 2575 πύλαι
467 2511 562 2590 μύκον
576 2510 711 2593 οὐρανοῦ,
727 2509 763 2576 ἀς
778 2509 851 2594 ἔχον
861 2507 965 2592 Ὧραι,

134 2616 185 2700 τῇς
200 2612 413 2695 ἐπιτέτραπται
427 2613 521 2697 μέγας
537 2613 661 2694 οὐρανὸς
675 2612 838 2693 Οὐλυμπός
853 2638 895 2690 τε,
1028 2636 1076 2691 750

15 2781 16 2812 ἐ
133 2718 206 2796 ἠμὲν
222 2719 381 2782 ἀνακλῖναι
396 2715 521 2780 πυκινὸν
536 2715 627 2796 νέφος
641 2713 686 2794 ἠδ’
703 2717 859 2780 ἐπιθεῖναι.

134 2821 167 2905 τῇ
183 2822 222 2902 ῥα
238 2817 276 2883 δι’
293 2818 410 2883 αὐτάων
425 2817 635 2901 κεντρηνεκέας
651 2818 724 2901 ἔχον
738 2819 857 2884 ἵππους·

134 2924 219 3004 εὐρον
234 2925 267 2987 δέ
283 2923 439 3003 Κρονίωνα
454 2926 532 2987 θεῶν
547 2921 617 3003 ἀτερ
632 2921 743 3000 ήμενον
758 2921 862 2984 ἄλλων

15 3035 16 3120 ζ
134 3026 280 3113 ἀκροτάτη
297 3029 412 3112 κορυφῇ
431 3024 646 3107 πολυδειράδος
660 3022 847 3103 Οὐλύμποιο.

134 3129 193 3194 ἔνθ’
209 3133 319 3196 ἵππους
335 3128 479 3208 στήσασα
494 3131 548 3193 θεὰ
561 3129 748 3194 λευκύλενος
761 3125 843 3208 Ἥρη
1028 3149 1057 3206 75
1061 3157 1074 3206 5

134 3231 203 3310 Ζῆν’
217 3235 332 3298 ὐπατον
348 3232 498 3314 Κρονίδην
512 3229 643 3313 ἐξείρετο
659 3231 707 3294 καὶ
721 3227 894 3312 προσέειπε·

135 3347 152 3372 “
163 3341 221 3400 Ζεύ
236 3335 341 3417 πάτερ,
358 3335 393 3398 οὐ
409 3333 549 3422 νεμεσίζῃ
561 3333 638 3422 'App
657 3332 728 3398 τάδε
745 3335 871 3415 καρτερδ
886 3333 967 3416 ἔργα,

15 3451 16 3470 ¹
134 3437 278 3503 ὁσσάτιόν
292 3465 327 3503 τε
343 3439 392 3502 καὶ
408 3440 473 3502 οἰον
489 3439 630 3503 ἀπύλεσε
644 3437 722 3502 λαὸν
736 3433 869 3519 Ἀχαιῶν

134 3542 208 3624 μάψ,
224 3545 300 3623 ἀτάρ
316 3541 352 3605 οὐ
368 3545 442 3605 κατὰ
458 3542 582 3620 κόσμον,
599 3542 666 3619 ἐμοὶ
682 3541 708 3604 δ’
725 3541 808 3624 άχος,
826 3542 855 3603 οἰ
870 3542 902 3605 δὲ
918 3541 1021 3620 ἕκηλοι

15 3639 16 3648 ’
134 3645 288 3725 τέρπονται
304 3644 419 3725 Κύπρις
433 3669 467 3709 τε
483 3646 532 3710 καὶ
547 3643 745 3727 ἀργυρότοξος
761 3643 933 3717 Ἀπόλλων,
1029 3654 1076 3718 760

573 3757 630 3824 Εὐ
