2848 4296
264 491 327 551 442
607 493 656 540 22.
682 481 852 540 ΙΛΙΑΔΟΣ
879 482 914 541 Χ.

259 649 408 727 πρόφρονι
423 644 577 726 μυθέομαι,
593 646 690 710 ἐθέλω
706 647 739 710 δέ
755 671 801 710 τοι
816 647 904 727 ἤπιος
920 649 1006 712 εἶναι·

259 749 346 830 ἔρξον
362 751 421 835 ὅπῃ
437 748 473 827 δή
488 774 535 812 τοι
552 751 621 816 νόος
636 751 757 829 ἔπλετο,
771 750 847 830 μηδέ
862 750 888 814 τ’
904 751 1018 831 ἐράει.”
1161 767 1206 828 185

294 851 358 918 Ὣς
374 854 467 916 εἰπὼν
483 853 593 933 ὤτρυνε
609 852 703 935 πάρος
718 860 866 934 μεμαυῖαν
880 853 1022 934 Ἀθήνην·

256 960 300 1034 βῆ
316 957 348 1020 δέ
365 953 429 1018 κατ’
444 955 623 1036 Οὐλύμποιο
640 955 775 1038 καρήνων
790 956 914 1036 ἀίξασα.

296 1057 427 1140 Ἕκτορα
442 1057 469 1122 δ’
486 1060 639 1143 ἀσπερχὲς
655 1060 790 1124 κλονέων
805 1061 892 1137 ἔφεπ’
911 1062 986 1128 ὠκὺς
1001 1061 1175 1146 Ἀχιλλεύς.

258 1163 297 1229 ὣς
312 1163 336 1226 δ’
354 1165 405 1226 ὅτε
421 1162 531 1244 νεβρὸν
548 1165 658 1245 ὄρεσφι
675 1165 752 1227 κύων
766 1163 897 1246 ἐλάφοιο
914 1167 1021 1244 δίηται,

258 1269 350 1348 ὄρσας
366 1265 402 1345 έξ
416 1268 511 1346 εὐνῆς,
527 1266 577 1330 διά
592 1267 617 1330 τ’
633 1269 794 1350 ἀγκεαικαὶ
811 1271 860 1332 διδ
874 1267 1010 1347 βήσσας·
1161 1297 1209 1347 190

257 1371 309 1436 τδν
325 1371 349 1433 δ’
368 1373 396 1434 εί
410 1369 466 1452 πέρ
482 1395 515 1434 τε
530 1369 645 1458 λάθῃσι
661 1370 853 1451 καταπτήξας
868 1372 926 1436 ύπδ
943 1371 1053 1457 θάμνῳ,

258 1472 339 1537 ἀλλά
353 1474 378 1537 τ’
396 1475 563 1558 ἀνιχνεύων
576 1473 639 1539 θέει
658 1476 797 1554 ἔμπεδον,
814 1478 896 1557 ὄφρα
911 1501 963 1541 κεν
981 1477 1060 1562 εὕρῃ·

258 1579 296 1642 ὣς
308 1576 426 1659 Ἕκτωρ
442 1579 476 1642 οὐ
491 1582 567 1656 λῆθε
583 1581 721 1643 ποδάκεο
736 1579 908 1660 Πηλείωναι

258 1680 369 1744 ὁσσάκι
385 1678 411 1744 δ’
427 1679 570 1762 ὁρμήσειε
586 1681 710 1748 πυλάων
729 1682 926 1765 Δαρδανιάων

258 1784 360 1848 ἀντίον
375 1782 519 1862 ἀΐξασθαι
535 1784 696 1863 ἐϋδμήτους
711 1785 769 1850 ύπδ
785 1787 923 1869 πύργους,

258 1889 364 1954 εἶπάς
380 1891 409 1951 οἱ
426 1889 610 1970 καθύπερθεν
627 1889 792 1956 ἀλάλκοιεν
806 1890 967 1970 βελέεσσι,

257 1991 388 2055 τοσσάκι
403 2018 456 2071 μιν
470 1991 673 2073 προπάροιθεν
689 1993 928 2075 ἀποστρέψασκε
944 1994 1107 2077 παραφθὰς

257 2101 331 2176 πρὸς
347 2097 460 2160 πεδίον·
484 2095 572 2161 αὐτὸς
588 2098 621 2158 δέ
637 2097 707 2160 ποτὶ
722 2097 848 2162 πτόλιος
866 2095 964 2160 πέτετ’
984 2098 1054 2160 αἰεί.

258 2199 297 2264 ὡς
312 2197 339 2262 δ’
355 2200 388 2262 ἐν
404 2199 510 2283 ὀνείρῳ
527 2199 561 2262 οὐ
577 2199 699 2262 δύναται
715 2200 867 2282 φεύγοντα
882 2201 1010 2264 διώκειν·

257 2302 317 2364 οὔτ’
334 2301 379 2384 ἄρ’
397 2304 413 2364 ὁ
428 2302 481 2364 τὸν
496 2303 618 2367 δύναται
634 2302 819 2384 ὑποφεύγειν
835 2300 897 2366 οὗθ’
914 2305 931 2365 ὁ
946 2304 1072 2366 διώκειν·
1159 2329 1208 2366 200

258 2406 297 2470 ὣς
313 2407 329 2467 ὁ
344 2405 397 2468 τὸν
413 2405 447 2467 οὐ
463 2404 570 2468 δύνατο
584 2403 704 2487 μάρψαι
720 2407 823 2476 ποσίν,
840 2404 899 2468 οὐδ’
918 2404 951 2471 ὃς
969 2403 1086 2484 ἀλύξαι.

257 2514 319 2573 πῶς
334 2506 368 2570 δέ
386 2533 437 2571 κεν
447 2506 566 2587 Ἕκτωρ
582 2512 673 2588 κῆρας
687 2506 877 2590 ὑπεξέφυγεν
892 2506 1042 2583 θανάτοιο,

258 2613 284 2674 εἰ
299 2606 339 2690 μή
355 2613 384 2674 οἱ
400 2612 537 2691 πύματόν
553 2637 586 2675 τε
603 2613 652 2676 καὶ
666 2613 797 2675 ὕστατον
813 2608 911 2689 ἤντετ’
925 2612 1091 2676 Ἀπόλλων

258 2715 392 2797 ἐγγύθεν,
408 2717 441 2782 ὅς
456 2717 485 2778 οἱ
502 2718 620 2798 ἐπῶρσε
635 2715 725 2794 μένος
741 2713 882 2797 λαιψηρά
897 2741 930 2779 τε
944 2721 1039 2797 γοῦνα
1048 2739 1058 2790 ,·

256 2824 381 2882 λαοῖσιν
395 2817 422 2882 δ’
439 2817 560 2884 ἀνένευε
576 2818 699 2901 καρήατι
715 2823 779 2885 δῖος
796 2817 970 2900 Ἀχιλλεύς,
1158 2843 1206 2893 ²0⁵

257 2921 319 2986 οὐδ’
335 2923 370 2985 ἐα
389 2922 503 3002 ἱέμεναι
520 2925 569 2987 ἐπὶ
581 2922 704 3005 Ἕκτορι
720 2922 811 3004 πικρὰ
825 2922 972 3003 βέλεμνα,

256 3025 296 3104 μή
312 3051 357 3092 τις
372 3032 458 3092 κῦδος
474 3027 576 3108 ἄροιτο
590 3027 707 3106 βαλών,
725 3029 742 3089 ὁ
757 3029 790 3089 δέ
806 3027 941 3106 δεύτερος
958 3027 1052 3090 ἐλθοι.

257 3129 326 3192 ἀλλ’
344 3130 394 3193 ὅτε
409 3131 445 3209 δή
460 3130 494 3194 τὸ
510 3129 651 3210 τέταρτον
667 3131 717 3192 ἐπὶ
731 3129 873 3209 κρουνοὺς
887 3131 1044 3211 ἀφίκοντο,

257 3230 305 3296 καὶ
321 3233 388 3297 τότε
404 3233 440 3312 δή
455 3233 583 3316 χρύσεια
597 3233 695 3312 πατὴρ
711 3233 840 3297 ἐτίταινε
854 3233 997 3308 τάλαντα,

257 3338 290 3399 ἐν
305 3335 330 3399 δ’
347 3338 439 3400 ἐτίθει
453 3337 505 3400 δύο
522 3341 592 3418 κῆρε
607 3335 790 3417 τανηλεγέος
806 3335 956 3415 θανάτοιο,
1158 3365 1208 3401 210

256 3440 311 3519 τήν
324 3443 381 3518 μὲν
395 3438 571 3522 Ἀχιλλῆος,
588 3437 643 3518 τῆν
658 3439 684 3503 δ’
698 3438 844 3520 Ἕκτορος
859 3437 1051 3517 ἱπποδάμοιο,

257 3545 327 3607 έλκε
342 3545 375 3606 δέ
389 3542 492 3622 μέσσα
505 3543 623 3623 λαβών·
646 3541 720 3625 ῥέπε
734 3544 759 3606 δ’
772 3541 918 3624 ’Έκτορος
933 3545 1057 3623 αἴσιμον
1073 3544 1159 3627 ήμαρ,

255 3647 352 3731 ᾤχετο
368 3645 395 3710 δ’
411 3648 455 3712 εἰς
470 3645 585 3726 Ἀίδαο,
600 3648 692 3712 λίπεν
707 3646 741 3711 δέ
756 3651 771 3710 ἑ
786 3651 903 3726 Φοῖβος
917 3647 1091 3712 Ἀπόλλων.

256 3750 420 3831 Πηλείωνα
435 3748 461 3815 δ’
477 3753 561 3816 ἵκανε
577 3750 631 3816 θεά
646 3756 820 3833 γλαυκῶπις
833 3748 957 3828 Ἀθήνη,

255 3856 353 3938 ἀγχοῦ
368 3854 393 3920 δ’
411 3851 554 3934 ἱσταμένη
572 3853 646 3919 ἔπεα
660 3856 824 3936 πτερόεντα
839 3855 1004 3936 προσηύδα·
1158 3881 1206 3933 215
