2728 4230
263 348 302 430 78
584 371 615 430 4.
639 355 810 415 1A1AA02
834 357 872 414 Δ.

262 519 374 599 Δεῖμός
388 517 414 583 τ’
428 519 482 600 ήδέ
496 521 602 600 Φόβος
618 521 667 585 καὶ
678 519 765 602 Ἔρις
781 520 893 600 ἄμοτον
906 524 1045 600 μεμαυῖα,
1154 546 1206 598 44ο

258 620 366 704 ΙἈρεος
380 623 579 703 ἀνδροφόνοιο
596 622 762 706 κασιγνήτη
779 622 868 704 ἑτάρη
884 649 927 698 τε,

259 725 280 804 ή
295 724 320 808 τ’
337 726 426 808 ὀλίγη
440 729 497 806 μὲν
511 731 613 808 πρῶτα
628 727 818 807 κορύσσεται,
836 727 929 807 αύτδρ
945 727 1050 791 ἔπειτα

261 830 375 914 οὐρανῷ
391 828 531 911 ἐστήριξε
546 830 618 912 κάρη
635 832 685 895 καὶ
705 831 755 894 ἐπὶ
769 830 859 913 χθονὶ
876 832 989 910 βαίνει·

260 932 281 1011 ή
296 940 373 1013 σφιν
388 934 437 997 καὶ
452 934 521 998 τότε
537 939 635 1000 νεῖκος
651 934 768 1013 ὁμοίϊον
783 933 902 1013 ἔμβαλε
915 933 1021 1019 μέσσῳ

262 1034 408 1118 ἐρχομένη
425 1033 491 1099 καθ’
506 1037 623 1114 ὅμιλον,
640 1034 821 1118 ὀφέλλουσα
836 1037 947 1103 στόνον
963 1037 1086 1117 ὀνδρῶν.
1156 1061 1205 1114 445

304 1141 345 1202 Οἱ
360 1137 385 1204 δ’
402 1140 453 1203 ὅτε
468 1136 504 1217 δή
518 1140 550 1221 ῥ’
566 1140 597 1204 ἔς
610 1139 714 1222 χῶρον
730 1138 784 1204 ένα
799 1137 949 1218 ξυνιόντες
964 1141 1075 1215 ίκοντο,

261 1243 319 1308 σύν
332 1240 365 1325 ῥ’
380 1243 497 1322 ἔβαλον
510 1242 620 1324 ῥινούς,
637 1242 693 1307 σὺν
709 1240 735 1307 δ’
751 1243 846 1326 ἔγχεα
862 1243 911 1309 καὶ
925 1241 1006 1323 μένε’
1022 1245 1137 1324 ἀνδρῶν

261 1331 527 1429 χαλκεοθωρήκων·
551 1346 626 1427 άτᾶρ
643 1347 769 1412 ἀσπίδες
784 1346 1001 1427 ὀμφαλόεσσαι

263 1447 386 1528 ἔπληντ’
402 1445 569 1535 ἀλλήλῃσι,
585 1447 681 1515 πολὺς
696 1447 723 1513 δ’
739 1449 905 1531 ὀρυμαγδὸς
920 1450 1034 1531 ὀρύρει.

262 1553 335 1617 ἔνθα
349 1549 375 1616 δ’
391 1548 441 1631 ἅμ’
457 1549 571 1633 οἰμωγή
586 1576 620 1615 τε
638 1539 693 1616 καὶ
703 1552 822 1634 εύχωλή
837 1552 932 1618 πέλεν
946 1554 1061 1634 ἀνδρῶν
1155 1579 1206 1630 450

262 1654 417 1718 ὀλλύντων
431 1677 464 1720 τε
479 1653 528 1716 καὶ
543 1652 729 1732 ὀλλυμένων,
744 1652 795 1736 ῥέε
810 1639 956 1735 δἀίματι
970 1661 1053 1738 γαῖα.

262 1757 302 1825 ὣς
317 1757 341 1821 δ’
358 1756 409 1821 ὄτε
423 1755 580 1838 χείμαρροι
595 1757 724 1836 ποταμοὶ
740 1756 803 1819 κατ’
819 1759 929 1840 ὄρεσφι
943 1757 1062 1839 ῥέοντες

263 1863 294 1929 ἔς
307 1858 509 1943 μισγάγκειαν
524 1858 740 1940 συμβάλλετον
756 1862 884 1942 ὄβριμον
899 1863 976 1944 ύδωρ

264 1969 394 2045 κρουνῶν
409 1964 441 2026 ἔκ
456 1959 598 2044 μεγάλων
614 1964 719 2041 κοίλης
734 1963 860 2030 ἔντοσθε
875 1964 1035 2048 χαράδρης,

263 2074 322 2131 τῶν
337 2066 370 2130 δέ
384 2090 417 2132 τε
432 2066 547 2144 τηλόσε
562 2070 673 2131 δοῦπον
688 2068 721 2131 ἔν
736 2066 856 2147 οὔρεσιν
871 2069 960 2134 ἔκλυε
974 2067 1095 2148 ποιμήν·
1155 2095 1204 2145 455

264 2172 303 2238 ὣς
317 2176 376 2234 τῶν
390 2167 583 2251 μισγομένων
597 2167 703 2251 γένετο
718 2167 790 2252 ίαχή
805 2195 840 2235 τε
854 2172 946 2237 πόνος
961 2169 1023 2236 τε.”

306 2279 431 2353 Πρῶτος
446 2271 470 2335 δ’
486 2270 667 2354 Ἀντίλοχος
679 2272 793 2351 Τρύων
808 2273 878 2337 έλεν
893 2273 986 2355 άνδρα
1002 2274 1149 2354 κορυστὴν

264 2376 377 2443 ἔσθλδν
392 2375 437 2439 ἔνὶ
452 2371 647 2455 προμάχοισι,
665 2373 865 2453 Θαλυσιάδην
878 2374 1068 2459 Ἐχέπωλον·

262 2482 316 2545 τόν
328 2479 359 2562 ῥ’
376 2477 473 2556 ἔβαλε
487 2481 604 2556 πρῶτος
619 2476 742 2557 κόρυθος
757 2476 860 2557 φάλον
876 2480 1084 2560 ἱπποδασείης,
1192 2547 1193 2552 1

263 2589 296 2650 ἔν
311 2584 344 2648 δὲ
357 2579 485 2663 μετύπερ
501 2576 587 2656 πῆξε,
602 2578 719 2660 πέρησε
733 2579 758 2644 δ’
775 2579 820 2662 ἄρ’
837 2580 946 2646 ὀστέον
962 2585 1035 2646 είσω
1156 2596 1207 2656 460

262 2687 357 2770 αἰχμὴ
372 2683 512 2767 χαλκείη·
534 2681 587 2745 τὸν
602 2683 636 2745 δὲ
650 2683 759 2749 σκότος
775 2685 853 2748 ὄσσε
868 2683 1015 2767 κάλυψεν,
1049 2699 1052 2704 ’

262 2789 351 2872 ήριπε
365 2787 401 2862 δ’,
418 2785 457 2852 ὣς
473 2785 523 2850 ὄτε
538 2785 660 2867 πύργος,
676 2786 721 2850 ἔνὶ
737 2789 861 2873 κρατερῇ
877 2789 997 2874 ὑσμίνῃ.

263 2894 316 2958 τὸν
330 2893 363 2957 δὲ
378 2891 513 2954 πεσόντα
528 2893 629 2951 ποδῶν
645 2888 742 2968 ἔλαβε
758 2891 864 2970 κρείων
878 2889 1059 2972 Ἐλεφήνωρ

263 2991 541 3070 Χαλκωδοντιάδης,
555 2991 735 3074 μεγαθύμων
750 2993 843 3076 άρχὸς
855 2991 1024 3073 Ἀβάντων,

263 3102 334 3165 ἔλκε
349 3095 376 3162 δ’
390 3098 465 3160 ύπέκ
479 3093 608 3174 βελέων,
623 3093 803 3175 λελιημένος
819 3097 900 3178 ὄφρα
914 3095 1044 3180 τάχιστα
1156 3111 1204 3175 465

263 3202 371 3285 τεύχεα
387 3197 543 3277 συλήσειε·
564 3198 692 3279 μίνυνθα
706 3196 740 3262 δέ
754 3200 784 3261 οἱ
798 3198 895 3282 γένεθ’
912 3197 997 3281 ὁρμή.

264 3303 369 3386 νεκρὸν
383 3299 440 3385 γάρ
453 3299 486 3384 ῥ’
502 3299 627 3381 ἐρύοντα
641 3300 713 3364 ίδδν
725 3299 895 3382 μεγάθυμος
908 3297 1047 3382 Ἀγήνωρ

263 3403 388 3488 πλευρά,
404 3402 441 3467 τά
456 3405 485 3467 οἱ
501 3402 630 3484 κύψαντι
645 3401 713 3483 παρ’
730 3403 858 3469 ἀσπίδος
874 3400 1055 3482 ἐξεφαάνθη,

264 3509 374 3587 ούτησε
389 3505 489 3588 ξυστῷ
503 3502 660 3587 χαλκήρεϊ,
675 3509 753 3568 λΰσε
768 3506 801 3568 δὲ
815 3510 894 3586 γυῖα.

264 3615 304 3680 ὣς
318 3610 370 3674 τδν
383 3610 439 3689 μὲν
453 3606 526 3672 λίπε
541 3607 642 3685 θυμός,
658 3604 705 3670 ἔπ’
720 3607 799 3692 αὐτῷ
815 3605 840 3669 δ’
858 3606 946 3687 ἔργον
960 3604 1070 3689 ἔτύχθη
1155 3631 1206 3680 470

264 3711 414 3798 ἀργαλέον
428 3709 540 3791 Τρύων
555 3708 605 3773 καὶ
618 3708 762 3791 Ἀχαιῶν·
786 3710 816 3771 oz
831 3709 864 3771 δὲ
877 3708 964 3772 λύκοι
983 3709 1022 3775 ὣς
