2834 4234
265 307 327 395 758
550 324 598 394 15.
629 315 863 378 οαυςςαικς
894 316 930 376 0.

265 484 369 565 ἄνδρες
383 485 576 566 ὑπερφίαλοι·
607 486 685 568 μέγα
701 489 734 550 δὲ
750 491 844 566 δμῶες
859 484 1023 568 χατέουσιν

265 590 353 653 ἀντία
368 589 530 667 δεσποίνης
546 588 665 669 φάσθαι
681 585 728 653 καί
745 589 859 653 ἕκαστα
873 586 1021 653 πυθέσθαι

264 689 313 754 καὶ
332 691 467 773 φαγέμεν
483 692 588 773 πιέμεν
602 718 643 771 τε,
661 693 765 756 ἔπειτα
779 694 813 755 δὲ
829 694 879 755 καί
892 717 921 756 τι
936 691 1083 773 φέρεσθαι

264 795 391 877 ἀγρόνδ’,
408 795 457 859 οἶά
472 823 505 860 τε
520 795 613 876 θυμδν
628 793 674 860 ἀεὶ
689 796 843 874 δμώεσσιν
859 795 974 860 ίαίνει.”

299 903 362 964 Τδν
380 899 405 963 δ’
422 900 664 980 ἀπαμειβόμενος
683 898 822 980 προσέφη
840 900 1007 979 πολύμητις
1021 897 1199 964 Ὀδυσσεύς·

264 1011 280 1038 “
294 1002 317 1065 ὢ
333 1004 436 1082 πόποι,
453 1003 493 1070 ὣς
508 1004 566 1084 άρα
580 1007 686 1069 τυτθὸς
703 1002 770 1080 έών,
787 1001 901 1082 Εὔμαιε
916 1009 1051 1083 συβῶτα,
1163 1016 1212 1078 38¹

262 1115 381 1172 πολλὸν
397 1105 617 1190 ἀπεπλάγχθης
633 1109 689 1185 σῆς
705 1107 847 1186 πατρίδος
859 1106 912 1185 ήδὲ
927 1104 1054 1184 τοκήων.

264 1209 334 1274 ἀλλ’
349 1211 405 1292 άγε
419 1236 469 1290 μοι
486 1212 552 1274 τόδε
569 1213 634 1274 εἰπὲ
650 1208 699 1274 καὶ
715 1209 858 1292 ἀτρεκέως
876 1207 1051 1288 κατάλεξον,

263 1314 298 1393 ήὲ
314 1314 490 1395 διεπράθετο
506 1317 614 1380 πτόλις
629 1316 744 1395 ἀνδρῶν
760 1314 926 1397 εὐρυάγυια,

262 1416 281 1503 ᾖ
298 1419 342 1482 ἔνι
358 1417 535 1483 ναιετάασκε
550 1419 648 1499 πατὴρ
665 1417 713 1482 καὶ
729 1418 838 1484 πότνια
851 1416 959 1498 μήτηρ,
1163 1431 1213 1492 385

263 1521 281 1600 ἦ
297 1520 334 1583 σέ
349 1547 385 1603 γε
400 1520 589 1601 μουνωθέντα
605 1522 673 1602 παρ’
688 1520 820 1602 οίεσινῆ
837 1520 917 1603 παρὰ
932 1519 1044 1602 βουσὶν

263 1626 367 1704 ἀνδρες
383 1625 541 1702 δυσμενέες
556 1627 663 1704 νηυσὶν
678 1626 781 1707 λάβον
795 1625 841 1705 ἠδ’
856 1625 1031 1707 ἐπέρασσαν

263 1727 342 1791 τοῦδ’
358 1728 463 1810 ἀνδρὸς
478 1734 552 1810 πρὸς
568 1728 689 1807 δώμαθ’,
705 1731 721 1792 ὁ
737 1729 762 1792 δ’
778 1727 863 1808 άξιον
877 1726 956 1794 ἀναν
971 1724 1091 1792 έδωκε.”

305 1837 367 1896 Τδν
382 1832 407 1896 δ’
423 1832 492 1896 αὖτε
508 1831 671 1912 προσέειπε
689 1833 838 1913 συβώτης,
855 1835 986 1915 ὄρχαμος
1002 1834 1124 1912 ἀνδρῶν·

263 1941 284 1970 “
294 1933 373 2013 ξεῖν’,
391 1934 455 1999 ἐπεὶ
470 1935 508 2017 ἀρ
524 1935 558 2014 δή
574 1934 666 1998 ταῦτά
680 1935 714 2016 μ’Ι
726 1938 857 2018 ἀνείρεαι
872 1937 924 2015 ήδέ
939 1937 1103 2018 μεταλλᾷς,
1160 1960 1212 2013 390

263 2041 334 2126 σιγῇ
350 2044 402 2105 νῦν
418 2038 510 2118 ξυνίει
526 2041 575 2104 καὶ
590 2039 708 2123 τέρπεο,
723 2040 792 2106 πῖνέ
807 2066 840 2104 τε
856 2042 939 2105 οίνον

261 2143 379 2224 ἥμενος.
411 2146 476 2208 αἵδε
491 2147 524 2207 δὲ
539 2143 641 2210 νύκτες
657 2143 835 2224 ἀθέσφατοι·
865 2144 931 2208 ἔστι
946 2144 1002 2223 μὲν
1017 2143 1124 2219 εὕδειν,

262 2249 328 2310 ἔστι
344 2251 376 2311 δὲ
392 2247 622 2328 τερπομένοισιν
637 2248 765 2312 ἀκούειν·
797 2246 865 2312 οὐδέ
879 2250 910 2311 τί
925 2272 962 2310 σε
976 2245 1045 2329 χρή,

262 2350 332 2432 πρὶν
347 2353 416 2432 ώρη,
433 2351 626 2434 καταλέχθαι·
658 2352 725 2429 ἀνίη
742 2349 790 2415 καὶ
806 2351 902 2417 πολὺς
916 2351 1019 2416 ὕπνος.

262 2461 320 2519 τῶν
336 2455 361 2518 δ’
378 2456 482 2520 ἄλλων
496 2454 581 2518 ὅτινα
596 2457 699 2536 κραδίη
717 2457 765 2520 καὶ
781 2462 871 2535 θυμὸς
888 2455 1007 2537 ἀνώγει,
1162 2481 1210 2533 395

263 2558 369 2623 εὑδέτω
386 2555 528 2637 ε’ξελθών·
554 2558 622 2639 ’άμα
637 2559 662 2622 δ’
677 2559 727 2637 ήοῖ
742 2557 949 2641 φαινομένηφι

262 2660 425 2741 δειπνήσας
440 2662 490 2743 ἀμ’
505 2663 614 2726 ὕεσσιν
630 2663 843 2750 ἀνακτορίῃσιν
857 2661 987 2727 ἑπέσθω.

262 2772 315 2830 νῶϊ
330 2766 355 2830 δ’
372 2763 417 2831 ε’νὶ
433 2767 535 2852 κλισίῃ
550 2766 672 2830 πίνοντέ
685 2794 719 2832 τε
736 2766 899 2848 δαινυμένω
915 2792 947 2830 τε

263 2871 386 2950 κήδεσιν
402 2868 548 2949 ἀλλήλων
565 2871 742 2952 τερπώμεθα
759 2869 962 2952 λευγαλέοισι,

261 2975 432 3053 μνωομένω·
461 2977 538 3053 μετὰ
553 2973 610 3057 γάρ
624 3000 656 3039 τε
673 2976 721 3038 καὶ
736 2974 848 3057 ἄλγεσι
864 2974 1003 3057 τέρπεται
1018 2973 1102 3057 ἀνήρ,
1157 3001 1210 3050 400

261 3078 295 3142 ὅς
310 3102 355 3143 τις
371 3078 406 3157 δή
421 3077 504 3159 μάλα
518 3082 622 3142 πολλδι
637 3077 717 3163 πάθῃ
731 3079 779 3142 καὶ
794 3078 885 3142 πόλλ’
900 3080 1047 3162 ἐπαληθῇ.

262 3186 348 3244 τοῦτο
364 3179 396 3243 δέ
410 3206 457 3245 τοι
473 3179 545 3262 έρέω
560 3179 579 3244 ὅ
592 3181 622 3260 μ’
638 3182 769 3262 ἀνείρεαι
785 3182 837 3260 ήδὲ
851 3183 1014 3264 μεταλλᾷς.

306 3285 411 3360 Νήσός
427 3309 471 3351 τις
488 3286 579 3367 Συρίη
596 3282 798 3363 κικλήσκεται,
815 3289 844 3350 εί
858 3311 916 3351 που
933 3285 1059 3363 ἀκούεις,
1116 3292 1120 3300 “

261 3388 420 3470 Ὀρτυγίης
437 3387 629 3469 καθύπερθεν,
645 3385 693 3451 ὅθι
709 3387 816 3467 τροπαὶ
831 3389 956 3468 ἠελίοιο,

263 3491 297 3554 ού
312 3516 340 3554 τι
356 3491 544 3572 περιπληθὴς
557 3491 631 3571 λίην
645 3494 747 3571 τόσον,
763 3492 833 3556 ἀλλ’
850 3492 947 3574 ἀγαθή
961 3493 1027 3572 μέν,
1130 3499 1132 3508 ‘
1158 3520 1208 3572 405

264 3595 389 3676 εύβοτος
405 3593 540 3674 εὔμηλος,
558 3597 743 3676 οἰνοπληθής
758 3595 936 3677 πολύπυρος.

262 3701 350 3780 πείνη
366 3698 390 3764 δ’
408 3697 442 3762 ού
457 3723 531 3764 ποτε
545 3702 640 3778 δῆμον
654 3699 817 3783 ἐσέρχεται,
834 3699 901 3764 οὐδέ
916 3725 961 3766 τις
976 3701 1056 3778 άλλη
