2758 4228
272 317 335 402 876
554 333 604 382 ιι.
634 320 868 389 ΟΔΥΣΣΕΙΑΣ
898 320 936 379 X.

271 490 387 572 δειρῇσι
402 489 514 570 βρόχοι
529 487 618 566 ἦσαν,
634 488 715 553 ὅπως
731 490 870 551 οἴκτιστα
885 485 1015 551 θάνοιεν.

270 590 420 673 ἤσπαιρον
436 595 469 655 δὲ
484 594 615 664 πόδεσσι
630 591 758 670 μίνυνθά
774 617 839 672 περ,
856 591 889 654 οὐ
905 617 934 654 τι
948 590 1031 670 μάλα
1047 589 1110 670 δῆυ.

312 695 366 757 Ἐκ
383 698 415 758 δὲ
431 694 606 758 Μελάνθιον
621 694 696 778 ῆγον
711 697 768 758 ἀυά
783 696 931 776 πρόθυρόν
946 721 978 760 τε
994 697 1043 758 καὶ
1060 693 1165 773 αὐλήν·

268 804 321 861 τού
336 800 361 862 δ’
377 801 436 863 ἀπὸ
450 801 505 877 μὲν
519 798 603 881 ῥῖνάς
618 824 651 862 τε
667 797 714 862 καὶ
730 798 921 878 οὐατανηλέί
935 800 1040 884 χαλκῷ
1166 821 1220 876 475

268 902 390 983 τάμνον,
406 902 500 983 μήδεά
516 903 542 964 τ’
558 901 713 984 ἐξέρυσαν,
729 904 816 967 κυσὶν
834 903 899 980 ὠμὰ
915 901 1077 979 δάσασθαι,

267 1005 372 1089 χεῖράς
387 1004 412 1068 τ’
426 1007 478 1086 ἠδὲ
493 1007 588 1072 πόδας
604 1006 714 1070 κόπτον
729 1007 884 1083 κεκοτηότι
901 1007 993 1091 θυμῷ.

312 1111 353 1174 Οί
367 1113 422 1191 μὲν
440 1107 532 1175 ἔπειτ’
548 1107 771 1190 ἀπονιψάμενοι
784 1107 888 1192 χεῖράς
902 1133 936 1173 τε
950 1111 1044 1174 πόδας
1059 1133 1092 1171 τε

267 1217 311 1280 είς
326 1215 460 1293 Ὀδυσῆα
476 1214 601 1294 δόμονδε
617 1214 694 1291 κίον,
704 1213 870 1277 ,τετέλεστο
886 1216 918 1276 δὲ
933 1213 1030 1294 ἔργον·

266 1318 358 1401 αὐτὰρ
373 1320 391 1382 ὅ
405 1345 440 1398 γε
456 1318 620 1398 προσέειπε
635 1319 730 1400 φίλην
744 1317 858 1400 τροφὸν
873 1319 1067 1400 Εὐρύκλειαν·
1162 1332 1215 1393 480

267 1427 288 1457 “
300 1423 367 1486 οἶσε
382 1422 488 1500 θέειον,
501 1419 585 1503 γρηύ,
602 1427 699 1486 κακῶν
714 1421 792 1495 ἀκος,
809 1422 876 1486 οἶσε
892 1423 925 1486 δέ
940 1447 992 1501 μοι
1006 1427 1074 1501 πύρ,

267 1528 346 1606 ὄφρα
363 1527 495 1588 θεειόσω
510 1525 649 1607 μέγαρον·
673 1525 712 1587 σὺ
727 1529 759 1589 δὲ
776 1527 988 1604 Πηνελόπειαν

267 1632 368 1692 ἐλθεῖν
385 1628 482 1693 ἐνθάδ’
497 1629 611 1710 ἄνωχθι
628 1629 685 1692 σὺυ
701 1630 907 1708 ἀμφιπόλοισι
922 1626 1049 1710 γυναιξί·

266 1731 367 1798 πόσας
382 1733 406 1794 δ’
423 1734 545 1812 ότρυνον
561 1735 660 1816 δμῳάς
676 1735 751 1794 κατὰ
766 1738 849 1811 δῶμα
864 1730 1014 1796 νέεσθαι.”

307 1841 371 1899 Τὸν
386 1836 412 1900 δ’
427 1836 496 1900 οὐτε
511 1838 675 1917 προσέειπε
691 1838 769 1916 φίλη
785 1842 898 1918 τροφὸς
913 1835 1090 1916 Εὐρύκλεια·
1160 1852 1211 1913 485

264 1945 279 1971 “
292 1938 340 2004 ναὶ
355 1941 391 2019 δὴ
407 1941 559 2022 ταῦτάγε,
574 1940 680 2006 τέκνον
695 1942 774 2019 ἐμόν,
792 1945 866 2004 κατά
880 1946 986 2021 μοῖραν
1002 1940 1107 2004 ἔειπες.

264 2043 334 2108 ἀλλ’
349 2047 405 2128 ἄγε
420 2072 466 2109 τοι
481 2045 610 2130 χλαῖνάν
625 2071 658 2110 τε
673 2046 787 2129 χιτῶνά
801 2072 833 2111 τε
850 2045 945 2126 εἵματ’
960 2047 1072 2123 ἐνείκω,

262 2149 329 2228 μηδ’
344 2152 419 2212 οὐτω
434 2150 559 2232 ῥάκεσιν
574 2149 803 2230 πεπυκασμένος
818 2151 920 2232 εὐρέας
936 2150 1031 2227 ὤμους

263 2254 365 2316 ἕσταθ’
380 2251 424 2317 ἐνὶ
437 2253 606 2334 μεγάροισι·
630 2254 819 2333 νεμεσσητὸν
834 2252 867 2317 δέ
882 2280 933 2318 κεν
949 2253 1025 2331 είη.”

305 2358 368 2436 Τὴν
385 2356 409 2420 δ’
426 2358 669 2437 ἀπαμειβόμενος
684 2356 823 2438 προσέφη
840 2356 1006 2435 πολύμητις
1021 2355 1198 2434 Ὀδυσσεύς·

263 2468 280 2494 “
290 2466 347 2541 πΰρ
364 2466 416 2523 νῦν
429 2487 481 2540 μοι
496 2461 667 2540 πρώτιστον
682 2457 725 2525 ἐνὶ
740 2459 899 2542 μεγάροισι
915 2459 1081 2543 γενέσθω.”
1160 2487 1206 2538 49¹

298 2564 361 2629 ΔΩς
378 2563 473 2645 ἔφατ’,
488 2566 548 2629 οὐδ’
564 2565 696 2644 ἀπίθησε
712 2567 788 2645 φίλη
805 2571 917 2645 τροφὸς
935 2564 1113 2646 Εὐρύκλεια,

260 2665 378 2745 ἤνεικεν
394 2666 419 2732 δ’
434 2667 489 2748 ἀρα
505 2675 563 2749 πῦρ
580 2670 629 2733 καὶ
645 2669 740 2750 θήϊον·
759 2669 850 2750 αὐτὰρ
865 2668 1035 2734 Ὀδυσσεὺς

260 2771 292 2834 εὐ
308 2773 481 2836 διεθείωσεν
497 2772 629 2854 μέγαρον
644 2770 692 2836 καὶ
708 2777 791 2853 δῶμιι
807 2770 855 2836 καὶ
870 2771 974 2853 αὐλήν.

304 2874 398 2957 Γρηύς
414 2875 440 2938 δ’
455 2875 518 2938 οὐτ’
533 2875 634 2955 ἀπέβη
651 2879 701 2940 διὰ
716 2876 837 2955 δόματα
852 2875 920 2939 κάλ’
936 2876 1085 2955 Ὀδυσῆος
1158 2904 1207 2954 495

260 2977 449 3060 ἀγγελέουσα
465 2979 583 3060 γυναιξὶ
597 2977 645 3043 καὶ
660 2979 843 3060 ὀτρυνέουσα
858 2979 990 3044 νέεσθαι·

259 3082 290 3143 αἱ
306 3081 331 3144 δ’
349 3082 420 3144 ίσαυ
435 3084 467 3145 ἐκ
482 3080 624 3163 μεγάροιο
640 3083 711 3148 δάος
727 3085 803 3163 μετδι
818 3080 924 3166 χερσὶν
940 3084 1076 3165 ἔχουσαι.

259 3186 290 3246 αἱ
305 3187 360 3264 μὲν
376 3185 421 3267 ἀρ’
437 3185 624 3269 ἀμφεχέοντο
641 3184 689 3250 καὶ
704 3184 864 3264 ἠσπάζοντ’
881 3185 1024 3265 Ὀδυσῆα,

260 3285 308 3350 καὶ
323 3288 427 3353 κύνεον
442 3290 667 3372 ἀγαπαζόμεναι
682 3289 820 3370 κεφαλήν
835 3316 868 3355 τε
884 3288 931 3354 καὶ
947 3291 1044 3369 ὤμους

257 3391 361 3473 χεῖράς
376 3390 401 3453 τ’
419 3392 582 3474 αἰνύμεναι·
605 3393 658 3473 τὸν
673 3395 705 3456 δὲ
721 3393 833 3476 γλυκὺς
848 3395 949 3474 ἵμερος
963 3391 1026 3480 ᾔρει
1156 3423 1206 3472 500

258 3499 410 3575 κλαυθμοῦ
426 3493 475 3558 καὶ
493 3497 653 3579 στοναχῆς,
668 3498 821 3580 γίγνωσκε
836 3496 861 3562 δ’
877 3500 933 3579 ἀρα
948 3495 1041 3579 φρεσὶ
1056 3498 1165 3565 πόσας.
