2728 4230
482 393 512 464 5.
536 381 704 444 ιΛιΑΔοΣ
727 381 765 445 α
1049 397 1090 462 99

151 551 204 614 τόν
218 553 256 631 ῥα
272 547 335 613 κατ’
351 551 465 615 ἀσπίδα
479 553 561 634 δουρὶ
576 551 658 633 βάλε
673 552 778 635 κρείων
791 541 997 632 Ἀγαμέμνων·

151 653 169 729 ἡ
186 651 213 716 δ’
227 653 280 716 οὐκ
297 651 388 736 έγχος
403 653 499 736 έρυτα,
518 655 625 738 διαπρὸ
640 655 672 720 δὲ
688 657 792 719 είσατο
806 653 932 736 χαλκός,

152 758 266 842 νειαίρῃ
281 755 308 819 δ’
324 758 358 820 ἓν
372 758 481 840 γαστρί
497 761 547 822 διδ
563 755 713 840 ζωστῆρος
726 758 851 821 έλοσσε·

152 859 304 938 δούπησεν
319 861 352 923 δὲ
366 861 479 934 πεσόν,
496 859 635 942 ἀράβησε
649 861 681 924 δέ
696 856 793 941 τεύχε’
809 856 855 923 ἐπἰ
871 857 958 943 αὐτῷ.
1044 886 1093 934 540

192 961 278 1026 Ἔνθ’
293 961 355 1026 οὔτ’
368 965 490 1030 Αἰνείας
507 969 634 1028 Δαναῶν
650 964 720 1028 έλεν
735 962 843 1044 ἀνδρας
858 962 1006 1042 ἀρίστους,

151 1067 197 1130 νίε
213 1066 376 1147 Διοκλῆος,
393 1066 540 1148 Κρήθωνά
554 1091 587 1132 τε
603 1065 787 1148 Ὀρσίλοχόν
802 1049 842 1142 τε,

152 1173 211 1231 τῶν
223 1171 263 1251 ῥα
277 1169 376 1252 πατὴρ
390 1173 446 1251 μέν
461 1171 562 1236 ἔναιεν
576 1167 734 1256 ἐϋκτιμένῃ
747 1170 792 1234 ἰνὶ
807 1169 902 1255 Φηρῇ,

152 1270 277 1352 ἀφνειὸς
292 1274 419 1353 βιότοιο,
436 1273 527 1356 γένος
539 1271 565 1338 δ’
581 1273 618 1352 ῆν
632 1274 665 1336 έκ
681 1275 829 1352 ποταμοῖο

152 1370 307 1455 Ἀλφειοῦ,
324 1377 357 1443 ἀς
371 1374 398 1440 τ’
413 1377 481 1459 εάρδ
494 1376 557 1460 ῥέει
572 1377 696 1439 Πυλίων
710 1377 759 1438 διδ
773 1374 870 1455 γαίης,

152 1473 184 1542 δς
199 1476 295 1542 τέκετ’
311 1476 498 1563 Ὀρσίλοχον
512 1476 660 1544 πολέεσσ’
677 1477 838 1559 ἄνδρεσσιν
854 1475 975 1539 ἀνακτο·

150 1576 339 1666 Ὀρσίλοχος
353 1581 379 1647 δ’
396 1581 442 1666 ἀρ’
460 1583 556 1647 ἔτικτε
572 1584 709 1660 Διοκλῆα
723 1577 902 1664 μεγάθυμον,

151 1685 183 1747 έκ
200 1687 233 1748 δὲ
250 1691 403 1767 Διοκλῆος
418 1684 577 1766 διδυμάονε
593 1687 681 1750 παῖδε
695 1682 853 1767 γενέσθην,

152 1786 280 1869 Κρήθων
297 1787 481 1873 Ὀρσίλοχός
496 1815 538 1863 τε,
554 1787 652 1872 μάχης
668 1787 700 1852 εδ
715 1786 810 1851 εἰδότε
824 1783 934 1864 πάσης.

150 1892 192 1954 τδ
206 1894 262 1972 μὲν
277 1891 325 1976 ἀρ’
339 1893 498 1974 ἡβήσαντε
511 1890 682 1973 μελαινάων
696 1891 746 1954 ἐπὶ
761 1894 842 1968 νηῶν

148 1993 247 2060 Ἴλιον
263 1997 306 2062 εἰς
321 1996 458 2062 εὔπωλον
475 1996 525 2077 ἀμ’
540 1989 882 2079 Ἀργείοισινέτιέσθην,

151 2097 240 2178 τιμὴν
255 2095 420 2186 Ἀτρεΐδῃς,
435 2092 637 2182 Ἀγαμέμνονι
653 2097 702 2161 καί
717 2092 878 2178 Μενελάῳ,

152 2200 313 2280 ἀρνυμένω·
336 2202 377 2266 τίι
392 2201 418 2266 δ’
434 2201 502 2266 αὖθι
516 2200 603 2267 τέλος
621 2198 761 2264 θανάτοιο
776 2193 923 2277 κάλυψεν.

153 2305 206 2366 οἵω
220 2304 262 2367 τό
277 2331 314 2388 γε
328 2304 435 2370 λέοντε
450 2305 507 2370 δόω
524 2307 607 2388 ὄρεος
623 2303 793 2389 κορυφῇσιν

153 2406 320 2488 ἐτραφέτην
332 2405 392 2494 ἀπὸ
406 2408 493 2490 μητρὶ
507 2408 635 2488 βαθείης
650 2403 799 2489 τάρφεσιν
811 2403 897 2484 ὕλης·

151 2509 263 2588 τὸμὲν
277 2507 324 2591 ἀρ’
339 2509 505 2592 ἀρπάζοντε
518 2500 597 2590 βόας
612 2509 660 2574 καί
678 2511 748 2591 ίφια
761 2509 843 2588 μῆλα

153 2609 304 2690 σταθμοὺς
319 2611 483 2694 ἀνθρώπων
499 2611 674 2694 κεραΐζετον,
692 2613 772 2693 όφρα
788 2609 836 2674 καὶ
852 2607 929 2673 αιἰτάι

153 2717 268 2797 ἀνδρῶν
284 2716 317 2778 έν
332 2715 490 2803 παλάμῃσι
506 2715 684 2781 κατέκταθεν
699 2712 764 2793 ὀξέϊ
776 2712 893 2796 χαλκῷ·

152 2819 223 2883 τοίω
238 2818 279 2882 τδ
294 2819 453 2901 χείρεσσιν
466 2815 517 2881 ἀπ’
532 2818 654 2882 Αἰνείαο
670 2815 796 2898 δαμέντε

153 2919 355 3001 καππεσέτην,
371 2915 518 3006 ἐλάτῃσι-ν
532 2921 663 2986 έοικότες
677 2919 826 3007 θψηλῆσι.

194 3023 245 3086 Τὸ
260 3025 294 3087 δέ
308 3018 432 3086 πεσόντ’
447 3019 575 3100 έλέησεν
590 3021 751 3104 ἀρηΐφιλος
766 3015 932 3097 Μενέλαος,

152 3130 195 3206 βῆ
211 3128 244 3190 δὲ
259 3128 309 3190 διδ
323 3122 488 3209 προμάχων
502 3124 714 3208 κεκορυθμένος
729 3128 832 3190 οίθοπι
848 3121 964 3209 χαλκῆ,

154 3230 245 3294 σείων
259 3230 390 3312 ἐγχείην·
413 3233 465 3292 τοῦ
483 3225 509 3292 δ’
524 3229 652 3309 ὤτρυνεν
666 3228 756 3310 μένος
766 3227 869 3310 Ἀρης,

152 3335 190 3396 τά
203 3330 350 3414 φρονέων,
367 3332 419 3396 ίνα
430 3331 539 3414 χερσὶν
553 3328 603 3395 ἀπ’
619 3332 740 3396 Αἰνείαο
757 3331 872 3410 δαμείη.

151 3434 203 3498 τὸν
218 3433 244 3497 δ’
259 3438 324 3499 ’ίδεν
336 3432 527 3516 Ἀντίλοχος,
542 3435 713 3516 μεγαθύμου
728 3432 883 3513 Νέστορος
898 3433 970 3513 υἱός,
1045 3447 1092 3514 ⁵⁶⁵

151 3541 193 3616 βῆ
209 3539 243 3601 δὲ
258 3539 307 3600 διά
322 3534 496 3619 προμάχων·
519 3537 588 3618 περὶ
600 3538 659 3619 γδρ
678 3537 723 3601 δίε
739 3533 857 3615 ποιμένι
871 3541 964 3617 λαῶν,

150 3638 190 3721 μή
205 3663 234 3705 τι
248 3637 350 3715 πάθοι,
365 3636 444 3722 μέγα
459 3635 493 3702 δέ
507 3645 591 3721 σφας
605 3637 799 3721 ἀποσφήλειε
814 3638 928 3707 πόνοιο.

151 3743 190 3807 τίι
203 3746 259 3834 μὲν
275 3744 311 3824 δὴ
325 3741 431 3828 χεῖράς
444 3767 478 3806 τε
493 3743 542 3807 καί
558 3742 650 3826 ἔγχεα
665 3741 806 3822 ὀξυόεντα

585 3854 607 3903 Ε
625 3859 643 3902 2
