2788 4230
490 353 541 420 ¹7·
563 341 798 402 οΔτΣΣΕτΑΣ
820 343 852 403 ο.
1081 339 1144 421 785

199 505 252 571 “32
266 507 355 589 γύναι
370 508 467 585 αίδοίη
486 509 675 588 Λαερτιάδεω
690 510 849 586 Ὀδυσῆος,

198 611 276 690 ῆτοι
292 612 311 674 ό
327 611 356 692 γ’
371 611 407 673 ού
422 612 511 692 σάφα
525 613 615 690 οἶδεν,
631 617 714 691 ἐμεῖο
728 617 762 677 δέ
775 614 884 677 σύνθεο
899 617 1002 692 μύθου

197 714 344 798 ἀτρεκέως
358 714 416 796 γάρ
431 741 480 778 τοι
494 717 700 795 μαντεύσομαι
714 717 777 781 οὐδ’
792 718 950 781 ἐπικεύσω.

197 821 272 881 ἱστω
287 825 341 884 νῦν
357 820 432 884 Ζεὺς
445 825 550 900 πρῶτα
564 826 643 888 θεόν
656 820 740 899 ξενίη
755 845 789 886 τε
803 821 934 902 τράπεζα
1098 849 1143 898 155

198 923 279 1000 ἱστίη
296 922 324 985 τ’
339 923 490 1000 Ὀδυσῆος
505 923 665 1004 ἀμύμονας,
679 922 719 1002 ἣν
734 924 882 1006 ἀφικάνω,

196 1025 236 1092 ὡς
251 1025 272 1104 ῆ
285 1051 333 1088 τοι
347 1026 492 1092 Ὀδυσεὺς
506 1025 562 1104 ἤδη
577 1029 610 1090 ἐν
624 1027 744 1107 πατρίδι
757 1031 840 1113 γαίη,

195 1129 304 1206 ἥμενος
317 1127 337 1207 ἦ
353 1130 462 1211 ἕρπων,
476 1129 548 1194 τάδε
563 1131 747 1210 πευθόμενος
763 1137 840 1194 κακδ
854 1133 936 1213 ἔργα,

196 1232 290 1306 ἔστω,
307 1233 382 1313 ἆτδρ
395 1237 565 1313 μνηστῆρσι
579 1240 674 1298 κακδν
689 1234 840 1298 πάντεσσι
857 1235 991 1316 φυτεύει·

195 1336 261 1399 οἱον
275 1336 352 1417 ἐγὼν
366 1337 473 1400 οἱανδν
486 1337 660 1417 ἐϋσσέλμου
674 1335 724 1401 ἐττὶ
740 1339 811 1416 νηδς
1094 1351 1143 1400 τοο

194 1439 304 1515 ἥμενος
318 1439 497 1518 ἐφρασάμην
512 1443 561 1504 καὶ
575 1439 747 1524 Τηλεμάχῳ
762 1439 958 1522 ἒνυόνσυ·”

236 1546 301 1604 Τδν
315 1543 341 1604 δ’
355 1543 427 1606 αὖτε
440 1545 606 1623 προσέειπε
621 1548 777 1626 περίφρων
793 1547 998 1622 Πηνελόπεια·

195 1652 215 1680 “
226 1645 257 1709 αἱ
270 1648 329 1727 γὰρ
344 1651 442 1724 τοῦτο,
458 1647 547 1726 ξεῖνε,
563 1650 637 1713 ἐπος
650 1651 869 1728 τετελεσμένον
883 1650 939 1726 εἴη·

194 1751 235 1832 τῷ
251 1776 284 1813 κε
297 1749 377 1832 τάχα
391 1753 496 1833 γνοίης
510 1751 662 1830 φιλότητά
676 1777 710 1815 τε
725 1752 828 1814 πολλά
841 1778 875 1815 τε
890 1759 970 1833 δῶρα

195 1851 232 1930 ἐξ
244 1854 325 1930 ἐμεῦ,
341 1854 380 1918 ὥς
395 1856 433 1916 δν
446 1856 494 1919 τίς
509 1881 547 1917 σε
562 1855 781 1932 συναντόμενος
795 1855 980 1934 μακαρίζοι.”
1095 1870 1141 1931 165

231 1954 296 2021 Ὣς
312 1958 341 2018 οἱ
355 1958 412 2035 μὲν
425 1962 547 2018 τοιαῦτα
563 1963 638 2038 πρδς
653 1956 808 2034 ἀλλήλους
826 1957 981 2039 ἀγόρευον·

194 2060 362 2138 μνηστῆρες
376 2062 409 2121 δὲ
424 2059 568 2140 πάροιθεν
581 2059 754 2136 Ὀδυσσῆος
768 2060 911 2142 μεγάροιο

193 2162 346 2226 δίσκοισιν
360 2162 504 2242 τέρποντο
520 2160 569 2225 καὶ
584 2163 762 2247 αἰγανέῃσιν
778 2162 883 2239 ἱέντες,

194 2267 227 2327 ἐν
241 2268 336 2350 τυκτῷ
351 2266 481 2351 δαπέδῳ,
496 2267 546 2330 ὅθι
561 2292 618 2346 περ
633 2266 736 2347 πάρος,
751 2269 842 2347 ὕβριν
856 2269 988 2350 ἔχοντες.

195 2367 264 2430 ἀλλ’
281 2371 332 2432 ὅτε
347 2370 383 2448 δὶγ
399 2373 580 2448 δείπνηστος
594 2371 648 2447 ἔην
663 2368 712 2434 καὶ
726 2369 859 2448 ἐπήλυθε
871 2375 956 2450 μῆλα
1093 2395 1141 2448 ιγο

194 2472 344 2536 πάντοθεν
358 2472 395 2551 ἐξ
406 2475 518 2555 ἀγρῶν,
532 2475 563 2536 οἱ
578 2474 604 2537 δ’
618 2473 733 2555 ἤγαγον
748 2474 778 2538 οἱ
792 2481 828 2538 τδ
842 2474 936 2556 πάρος
950 2501 1016 2555 περ,

195 2579 243 2639 καὶ
257 2578 327 2640 τότε
341 2575 379 2654 δή
394 2585 474 2658 σφιν
491 2578 574 2641 ἔειπε
590 2577 710 2641 Μέδων·
733 2577 768 2644 δς
781 2577 840 2659 γάρ
853 2581 892 2660 ῥα
905 2580 1040 2659 μάλιστα

193 2679 302 2757 ἥνδανε
318 2680 460 2760 κηρύκων,
476 2682 528 2743 καί
540 2688 619 2762 σφιν
632 2683 833 2762 παρεγίγνετο
847 2683 936 2745 δαιτί·

194 2788 216 2816 “
225 2789 334 2864 κοῦροι,
350 2782 416 2848 ἐπεὶ
433 2784 470 2863 δὴ
485 2783 596 2850 πάντες
610 2782 776 2865 ἐτέρφθητε
790 2786 876 2866 φρέν’
891 2785 1022 2862 ἀέθλοις,

194 2887 322 2970 ἔρχεσθε
336 2893 411 2968 πρὸς
426 2887 548 2968 δείμαθ’,
563 2887 601 2951 ἶν’
617 2889 805 2966 ἐντυνώμεθα
818 2895 916 2952 δαῖτα·
1093 2913 1140 2964 ης,

195 2991 229 3054 οὗ
241 2994 299 3070 μὲν
312 2989 371 3072 γάρ
386 3017 415 3054 τι
429 2991 551 3073 χέρειον
565 2994 599 3055 ἐν
613 2993 675 3076 ὤρη
690 2997 815 3058 δεῖπνον
828 2991 984 3056 ἑλέσθαι.”

231 3092 294 3159 Ὣς
310 3094 398 3170 ἔφαθ’
400 3141 410 3170 ,
425 3095 455 3156 οἱ
470 3094 496 3157 δ’
511 3092 677 3160 ἀνστάντες
693 3097 772 3173 ἔβαν
787 3096 928 3160 πείθοντό
941 3122 974 3161 τε
988 3098 1081 3180 μύθῳ.

194 3197 287 3278 αύτάρ
303 3199 371 3261 ἐπεί
383 3195 416 3279 ῥ’
431 3201 534 3261 ἵκοντο
548 3199 659 3277 δόμους
674 3198 707 3262 εύ
722 3199 924 3277 ναιετάοντας,

194 3302 321 3383 χλαίνας
334 3305 391 3379 μὲν
405 3303 566 3366 κατέθεντο
581 3301 657 3364 κατὰ
672 3302 818 3382 κλισμούς
833 3327 866 3366 τε
881 3307 1004 3384 θρόνους
1017 3328 1061 3381 τε,

194 3406 223 3466 οἱ
238 3404 264 3467 δ’
280 3403 395 3483 ἱέρευον
408 3407 455 3471 όῖς
468 3404 619 3487 μεγάλους
633 3403 684 3468 καὶ
697 3406 805 3472 πίονας
819 3406 916 3486 αἶγας,
1091 3421 1140 3468 180

194 3508 292 3584 ἵρευον
306 3509 339 3568 δὲ
354 3507 429 3573 σύας
444 3509 571 3574 σιάλους
585 3511 635 3572 καὶ
649 3514 728 3587 βοῦν
744 3511 898 3588 ἀγελαίην,

175 3607 269 3686 ,δαῖτ’
282 3611 479 3690 ε’ντυνόρενοα
509 3615 559 3675 τοὶ
573 3611 599 3675 δ’
615 3613 653 3691 ἐξ
668 3614 772 3695 ἀγροῖο
786 3613 914 3678 πόλινδε

194 3711 351 3795 ὠτρύνοντ’
366 3714 510 3782 Ὀδυσεύς
524 3715 552 3778 τ’
566 3715 645 3780 ἱέναι
661 3719 709 3780 καὶ
724 3721 788 3784 δῖος
803 3719 950 3798 ὑφορβός.
