2848 4296
262 454 326 511 402
581 449 631 497 νο.
649 434 820 494 ΙΛΙΑΔΟΣ
841 435 877 492 Υ,

258 602 358 667 δεινδν
373 607 406 666 δὲ
421 603 575 685 βρόντησε
590 602 688 684 πατὴρ
704 604 819 684 ἀνδρῶν
837 629 870 667 τε
885 607 962 668 θεῶν
976 627 1009 666 τε

258 707 383 787 ὑψόθεν·
408 707 499 788 αιἰτδρ
516 706 602 788 νέρθε
617 705 798 770 Ποσειδάων
815 705 932 786 ἐτίναξε

258 815 348 892 γαῖαν
363 811 540 892 ἀπειρεσίην
555 809 650 890 ὀρέων
664 806 690 871 τ’
707 811 828 874 αἰπεινὰ
843 810 966 892 κάρηνα.

258 912 366 978 πάντες
383 914 407 975 δ’
426 915 583 976 ἐσσείοντο
599 913 690 978 πόδες
706 915 910 980 πολυπίδακος
922 912 1004 992 Ἴδης

259 1017 308 1079 καὶ
324 1016 460 1097 κορυφαί,
477 1016 590 1097 Τριόων
604 1041 636 1079 τε
651 1017 742 1082 πόλις
758 1018 807 1081 καὶ
823 1021 891 1095 νῆες
906 1017 1049 1100 Ἀχαιῶν.
1174 1029 1207 1078 60

259 1121 376 1184 έδεισεν
392 1120 416 1182 δ’
432 1118 594 1199 ὑπένερθεν
610 1118 688 1197 ἄναξ
702 1119 808 1201 ἐνέρων
822 1120 992 1192 Ἀϊδωνεύς,

258 1226 362 1290 δείσας
378 1222 402 1287 δ’
420 1225 452 1286 ἐκ
469 1224 576 1305 θρόνου
591 1225 667 1286 ἆλτο
684 1221 732 1286 καὶ
747 1227 827 1306 ίαχε,
843 1221 884 1302 μή
901 1226 929 1286 οἱ
945 1225 1055 1305 ὕπερθε

258 1332 349 1410 γαῖαν
363 1325 540 1408 ἀναρρήξειε
556 1327 738 1392 Ποσειδάων
754 1329 931 1410 ἐνοσίχθων,

259 1434 339 1495 οἰκία
354 1433 386 1495 δέ
402 1435 540 1511 θνητοῖσι
558 1434 605 1495 καὶ
622 1431 801 1497 ἀθανάτοισι
817 1432 926 1513 φανείη

260 1533 420 1616 σμερδαλέ’
437 1535 591 1616 εὑρόεντα,
607 1535 645 1598 τά
660 1561 692 1599 τε
709 1535 871 1617 στυγέουσι
887 1539 953 1599 θεοί
967 1556 1032 1616 περ·
1175 1547 1206 1610 65

259 1639 372 1704 τόσσος
387 1638 445 1719 άρα
461 1638 569 1704 κτύπος
584 1635 661 1720 ὦρτο
677 1642 754 1704 θεῶν
772 1639 846 1719 ἔριδι
862 1635 1032 1716 ξυνιόντων.

259 1741 278 1821 ἦ
293 1767 339 1804 τοι
354 1743 409 1821 μὲν
424 1743 481 1824 γὰρ
498 1744 607 1805 ἔναντα
623 1740 837 1807 Ποσειδάωνος
853 1741 980 1807 άνακτας

260 1845 355 1909 ἵστατ’
373 1843 535 1909 Ἀπόλλων
551 1850 677 1925 Φοῖβος,
694 1845 774 1928 ἔχων
788 1848 819 1908 ἰὰ
834 1841 1006 1926 πτερόεντα,

260 1948 334 2014 άντα
349 1947 375 2012 δ’
391 1949 563 2015 Ἐνυαλίοιο
580 1949 640 2014 θεδΙ
649 1955 822 2031 γλαυκῶπις
835 1947 960 2027 Ἀθήνη·

255 2052 338 2140 Ἥρῃ
354 2050 380 2117 δ’
398 2053 527 2133 ἀντέστη
544 2052 775 2136 χρυσηλάκατος
791 2052 948 2131 κελαδεινή
1177 2075 1208 2127 70

256 2158 397 2240 Ἀρτεμις
414 2157 560 2240 ἰοχέαιρα,
578 2156 744 2240 κασιγνήτη
764 2156 892 2221 ἑκάτοιο·

259 2267 354 2341 Λητοῖ
369 2261 395 2326 δ’
411 2262 539 2341 ἀντέστη
558 2268 656 2328 σῶκος
672 2262 817 2343 ἐριούνιος
831 2260 953 2343 Ἑρμῆς,

260 2369 334 2430 ἀντα
349 2364 375 2430 δ’
391 2366 436 2448 ἄρ’
451 2366 639 2447 Ἡφαίστοιο
655 2365 749 2448 μέγας
764 2364 897 2446 ποταμὸς
912 2364 1086 2444 βαθυδίνης,

260 2468 295 2533 δν
310 2468 432 2535 Ξάνθον
447 2468 592 2532 καλέουσι
608 2471 683 2540 θεοί,
700 2469 804 2549 ἀνδρες
820 2469 853 2530 δέ
869 2466 1072 2547 Σκάμανδρον.

296 2571 359 2638 Ὣς
375 2576 403 2636 οἱ
418 2575 474 2653 μὲν
489 2573 552 2636 θεοί
568 2571 644 2637 άντα
660 2577 736 2636 θεῶν
752 2574 832 2636 ίσαν·
856 2570 947 2650 αὑτδρ
964 2569 1130 2652 Ἀχιλλεὺς
1176 2593 1206 2646 75

256 2674 400 2758 Ἕκτορος
416 2676 491 2740 άντα
505 2675 641 2756 μάλιστα
656 2676 794 2738 λιλαίετο
811 2679 896 2737 δῦναι
911 2675 1021 2752 ὅμιλον

260 2782 441 2862 Πριαμίδεω·
466 2786 518 2842 τοῦ
533 2779 590 2863 γάρ
606 2782 644 2861 ῥα
658 2776 793 2858 μάλιστά
809 2781 822 2840 έ
839 2777 929 2855 θυμὸς
945 2777 1054 2859 ἀνάγει

261 2887 385 2964 αίματος
400 2885 474 2947 ἆσαι
486 2882 585 2966 Ἀρηα
599 2882 780 2963 ταλαύρινον
794 2877 992 2959 πολεμιστήν.

260 2990 384 3052 Αἰνείαν
399 2989 424 3051 δ’
441 2987 503 3054 ἰθὺς
518 2987 675 3051 λαοσσόος
690 2983 789 3067 ὦρσεν
804 2981 968 3047 Ἀπόλλων

260 3093 347 3157 ἀντία
364 3090 547 3171 Πηλεΐωνος,
565 3092 649 3166 ἐνῆκε
666 3088 699 3154 δέ
714 3089 743 3152 οἰ
757 3087 847 3168 μένος
862 3085 908 3166 ἠύ·

259 3194 318 3260 υἱέϊ
333 3196 366 3259 δέ
382 3193 531 3276 Πριάμοιο
547 3192 679 3258 Λυκάονι
696 3195 800 3256 εἴσατο
816 3190 930 3273 φωνήν·

260 3302 300 3384 τῷ
316 3325 369 3378 μιν
384 3297 559 3377 ἐεισάμενος
574 3296 715 3378 προσέφη
734 3295 807 3362 Διὸς
827 3295 890 3361 υἱὸς
906 3293 1077 3358 Ἀπόλλων·

261 3411 280 3439 “
290 3405 404 3481 Αἰνεία,
418 3403 530 3483 Τρόων
545 3403 732 3481 βουληφόρε,
749 3405 807 3463 ποῦ
821 3424 868 3462 τοι
881 3398 1015 3470 ἀπειλαί,

260 3507 296 3573 δς
309 3507 421 3587 Τριόων
436 3511 622 3585 βασιλεῦσιν
637 3504 768 3587 ὑπίσχεο
786 3499 996 3578 οἰνοποτάζων,

261 3608 419 3691 Πηλεΐδεω
436 3606 579 3692 Ἀχιλῆος
594 3608 769 3688 ἐναντίβιον
784 3604 963 3685 πολεμίξειν
975 3604 1012 3677 ;”
1175 3618 1206 3681 85

302 3714 365 3780 Τδν
381 3713 406 3776 δ’
423 3711 485 3776 αὖτ’
501 3713 622 3778 Αἰνείας
637 3711 882 3790 ἀπαμειβόμενος
898 3709 1072 3790 προσέειπε·

261 3827 278 3856 “
289 3818 450 3900 Πριαμίδη,
468 3816 498 3878 τί
510 3841 548 3894 με
563 3820 655 3878 ταῦτα
671 3813 720 3878 καὶ
736 3813 787 3877 αιἰκ
804 3810 950 3878 ἐθέλοντα
966 3811 1108 3886 κελεύεις,
