2792 4232
498 344 545 413 15.
571 336 741 394 ΙΛΙΑΔΟΣ
764 336 803 396 0·.
1064 352 1124 426 293

175 501 260 565 δέκτο
277 500 378 566 δέπας·
401 501 501 581 τ’τρώτη
516 503 574 583 γάρ
591 501 711 581 ἐναντίη
729 501 805 582 ήλθε
822 502 941 579 θέουσα,

177 608 227 669 καί
238 631 289 685 μιν
305 601 463 685 φωνήσασ’
482 603 555 668 ἔπεα
570 605 733 685 πτερόεντα
748 607 914 685 προσηύδα·

176 707 292 786 “Ἥρη,
309 707 395 770 τίπτε
409 705 571 787 βέβηκας;
595 706 757 794 ἀτυζομένῃ
773 711 805 771 δὲ
822 707 929 774 ἔοικας·
1087 737 1120 787 90

175 811 193 889 ἦ
207 809 290 890 μάλα
305 808 341 888 δή
358 809 386 871 σ’
403 811 544 891 ἐφόβησε
559 810 676 890 Κρόνου
691 816 772 883 παῖς,
789 812 822 876 ὄς
836 836 883 874 τοι
899 811 1048 890 ἀκοίτης.”

215 913 280 992 Τὴν
295 910 321 976 δ’
336 912 473 991 ἠμείβετ’
488 915 593 978 ἔπειτα
607 916 663 978 θεδ
676 915 865 979 λευκώλενος
875 912 968 994 Ἥρη·

175 1024 193 1052 “
203 1015 243 1094 μή
260 1041 307 1096 με,
324 1015 378 1079 θεά
394 1014 482 1095 Θέμι,
499 1020 591 1080 ταῦτα
607 1019 726 1098 διείρεο·
751 1018 842 1081 οἶσθα
857 1017 906 1082 καὶ
922 1017 1005 1095 αὐτή,

174 1121 237 1184 οἶος
251 1119 367 1183 ἐκείνου
383 1118 473 1197 θυμδς
487 1120 677 1200 ὑπερφίαλος
690 1121 740 1183 καὶ
756 1118 881 1198 ἀπηνής.

174 1224 255 1283 ἀλλά
270 1221 309 1282 σύ
323 1218 353 1302 γ’
369 1221 444 1303 ἄρχε
458 1225 557 1283 θεοῖσι
572 1221 675 1300 δόμοις
690 1223 735 1286 ἔνι
751 1221 852 1288 δαιτὸς
867 1220 962 1301 έίσης·
1087 1249 1118 1300 95

174 1329 265 1387 ταῦτα
280 1324 313 1387 δὲ
328 1324 377 1386 καὶ
392 1322 467 1403 μετὰ
482 1328 577 1387 πᾶσιν
592 1324 736 1388 ἀκούσεαι
755 1324 962 1397 ἀθανάτοισιν,
1000 1331 1003 1338 “

174 1429 223 1490 οῐα
238 1425 312 1521 Ζεὺς
328 1429 403 1490 κακδ
419 1426 491 1508 ἔργα
507 1427 720 1508 πιφαύσκεται·
747 1427 816 1491 οὐδέ
829 1429 861 1490 τί
875 1435 953 1508 φημι

173 1533 266 1594 πᾶσιν
281 1531 360 1608 ὁμῶς
376 1527 468 1607 θυμδν
483 1529 699 1612 κεχαρησέμεν,
716 1530 785 1594 ούτε
799 1535 960 1609 βροτοῖσιν

174 1632 240 1695 οὔτε
256 1637 347 1706 θεοῖς,
361 1635 388 1696 εί
402 1634 457 1714 πέρ
472 1658 516 1698 τις
531 1633 575 1696 ἔτι
591 1638 643 1697 νῦν
658 1634 792 1696 δαίνυται
809 1632 958 1714 εὔφρων.”

214 1735 256 1798 Ἥ
273 1737 329 1815 μέν
344 1731 390 1815 ἄρ’
407 1735 446 1798 ὣς
462 1736 589 1797 εἰποῦσα
606 1731 745 1809 καθέζετο
761 1732 870 1794 πότνια
880 1729 971 1808 Ἥρη,

174 1843 317 1924 ὤχθησαν
332 1836 358 1902 δ’
375 1838 432 1902 ἀνὰ
447 1843 529 1916 δῶμα
545 1836 620 1902 Διδς
635 1836 709 1899 θεοί·
731 1833 750 1911 ἡ
767 1833 791 1897 δ’
809 1834 961 1915 ἐγέλασσε

173 1945 320 2027 χείλεσιν,
337 1941 405 2004 οὐδὲ
419 1939 558 2019 μέτωπον
573 1936 620 2002 ἐπ’
636 1937 749 2018 ὀφρύσι
765 1935 926 2021 κυανέῃσιν

174 2049 270 2126 ἰάνθη·
294 2050 389 2110 πᾶσιν
404 2046 437 2108 δὲ
451 2047 675 2123 νεμεσσηθεῖσα
689 2040 829 2120 μετηύδα·

174 2165 193 2188 “
203 2151 315 2231 νήπιοι,
330 2148 359 2211 οδ
376 2147 450 2226 Ζηνὶ
464 2146 659 2226 μενεαίνομεν
675 2142 885 2224 ἀφρονέοντες·
908 2159 912 2172 ·

174 2255 192 2333 ἦ
208 2255 251 2318 ἔτι
265 2279 317 2332 μιν
330 2251 465 2331 μέμαμεν
480 2247 707 2326 καταπαυσέμεν
722 2247 822 2310 ἀσσον
838 2245 933 2310 ἰόντες
1071 2267 1116 2316 105

173 2357 191 2438 ἢ
208 2359 273 2423 ἔπει
287 2358 322 2436 ήέ
337 2356 402 2440 βίῃ·
427 2356 443 2416 ὁ
458 2351 484 2417 δ’
500 2351 654 2433 ἀφήμενος
670 2351 723 2414 ούκ
739 2349 873 2431 ἀλεγίζει

175 2458 234 2525 οὐδ’
250 2463 361 2523 ὄθεται·
384 2458 481 2539 φησὶν
495 2459 552 2538 γδρ
568 2457 602 2520 έν
617 2452 796 2518 ἀθανάτοισι
812 2456 914 2516 θεοῖσι·

176 2562 274 2646 κάρτεΐ
287 2588 321 2626 τε
337 2558 440 2625 σθένεί
453 2584 486 2624 τε
501 2557 652 2638 διακριδὸν
668 2557 745 2622 εἶναι
760 2555 892 2636 ἀριστος.

175 2669 214 2752 τῷ
230 2665 309 2748 ἔχεθ’
327 2665 391 2728 ὄττι
407 2689 458 2726 κεν
472 2663 544 2741 ύμμι
560 2659 651 2723 κακδν
666 2658 821 2745 πέμπῃσιν
837 2657 964 2740 ἑκάστῳ.

175 2771 228 2848 ήδη
243 2772 301 2852 γάρ
317 2773 369 2833 νῦν
384 2765 492 2843 ἔλπομ’
508 2762 598 2844 Ἀρηί
611 2789 648 2846 γε
663 2766 747 2842 πῆμα
762 2762 912 2843 τετύχθαι·
1070 2783 1117 2819 no

176 2874 237 2940 υἱὸς
251 2872 308 2955 γάρ
324 2873 353 2934 αἲ
368 2873 468 2933 ὄλωλε
482 2866 564 2951 μάχῃ
581 2867 636 2942 ἔνι,
652 2867 799 2947 φίλτατος
815 2865 939 2944 ἀνδρῶν,

176 2976 381 3055 Ἀσκάλαφος,
396 2973 450 3036 τόν
465 2978 562 3051 φησιν
576 2967 611 3032 δν
626 2969 750 3048 ἔμμεναι
766 2969 892 3047 ὄβριμος
905 2960 1027 3044 Ἀρης.”

212 3079 273 3145 Ὣς
289 3076 388 3158 ἔφατ’,
404 3075 495 3155 αύτδιρ
506 3072 600 3153 Ἀρης
615 3070 732 3151 θαλερὼ
748 3066 923 3149 πεπλήγετο
937 3068 1020 3147 μηρδ

176 3183 263 3264 χερσὶ
280 3177 512 3260 καταπρηνέσσ’,
529 3175 752 3256 ὀλοφυρόμενος
767 3170 792 3236 δ’
809 3170 880 3235 ἔπος
895 3169 979 3249 ηύδα·

179 3285 245 3363 “μή
261 3288 313 3348 νῦν
327 3307 379 3363 μοι
394 3277 581 3360 νεμεσήσετ’,
599 3275 752 3355 Ὀλύμπια
767 3269 876 3351 δώματ’
892 3272 1024 3354 ἔχοντες,
1070 3299 1116 3348 115

178 3387 320 3450 τίσασθαι
335 3387 431 3466 φόνον
445 3385 509 3448 υίος
524 3379 596 3446 ἰόντ’
612 3379 663 3444 ἐπὶ
678 3382 750 3458 νῆας
764 3376 908 3459 Ἀχαιῶν,

180 3487 207 3547 εἴ
220 3483 275 3566 πέρ
289 3508 341 3562 μοι
357 3484 405 3546 καὶ
420 3486 511 3563 μοῖρα
527 3481 602 3545 Διὸς
617 3477 765 3560 πληγέντι
780 3475 910 3562 κεραυνῷ

179 3593 295 3652 κεῖσθαι
310 3589 383 3666 όμαΰ
399 3583 539 3649 νεκύεσσι
554 3582 618 3663 μεθ’
635 3583 737 3662 αίματι
753 3581 802 3644 καὶ
818 3577 984 3667 κανίῃσιν.”

214 3690 275 3756 Ὣς
291 3690 380 3770 φάτο,
397 3689 447 3750 καί
459 3688 485 3770 ῥ’
501 3689 611 3752 ἵππους
627 3685 732 3749 κέλετο
749 3684 862 3764 Δεῖμόν
877 3708 909 3747 τε
926 3685 1032 3761 Φόβον
1047 3705 1079 3743 τε
