2792 4232
248 324 313 408 364
564 328 614 396 17.
638 318 809 380 ΙΛΙΑΔΟΣ
832 319 874 378 Ρ.·

244 488 390 569 δακρυόφι
406 490 553 565 πλῆσθεν;
569 485 732 564 θαλερῆδέ
747 488 776 549 οί
793 485 903 569 ἔσχετο
919 483 1015 566 φοινή.

245 588 317 653 ἀλλ’
334 589 395 653 οὐδ’
413 591 452 656 ὣς
467 587 630 655 Μενελάου
646 589 841 670 ἐφημοσύνης
856 589 1002 670 ἀμέλησε,

244 697 287 773 βῆ
303 696 335 757 δὲ
352 692 441 765 θέειν,
450 692 495 758 ’τὰ
509 691 544 777 δέ
558 692 656 778 τεύχε’
672 692 801 774 ἀμύμονι
817 698 912 760 δῶκεν
927 697 1041 775 ἑταίρῳ,

246 797 398 881 λαοδόκῳ,
415 798 448 862 ὅς
464 799 494 860 οἱ
509 796 624 880 σχεδὸν
638 797 770 878 ἔστρεφε
784 797 926 879 μόνυχας
941 798 1062 863 ίπτους.

287 898 350 964 Τδν
364 901 422 979 μὲν
435 898 528 981 δάκρυ
540 899 655 982 χέοντα
670 902 762 966 πόδες
778 899 874 982 φέρον
890 903 922 964 ἐκ
939 898 1099 980 πολέμοιο,
1146 921 1196 975 ⁷0⁰

246 1001 383 1089 Πηλείδῃ
399 999 526 1085 Ἀχιλῆϊ
542 1002 633 1068 κακὸν
650 1002 722 1070 ἔτος
737 1002 933 1085 θγγελέοντα.
1032 1021 1034 1026 “

245 1106 306 1172 οὔδ’
322 1106 380 1188 ἄρα
396 1106 456 1182 σοί,
474 1105 616 1169 Μενέλαε
631 1105 799 1188 διοτρεφές,
816 1104 907 1184 ἤθελε
923 1104 1015 1183 θυμὸς

245 1208 429 1291 τειρομένοις
443 1208 597 1290 ἑτάροισιν
612 1209 769 1289 ἀμυνέμεν,
787 1208 873 1276 ,ἔνθεν
889 1210 1026 1287 ἀπῆλθεν

145 1341 148 1352 ¹
245 1313 434 1396 Ἀντίλοχος,
450 1311 569 1394 μεγάλη
585 1315 619 1376 δὲ
634 1312 715 1392 ποθῆ
730 1313 896 1381 Πυλίοισιν
910 1312 1031 1395 ἐτύχθη·
1051 1345 1056 1355 ·

249 1415 319 1478 ἀλλ’
336 1416 354 1478 ό
368 1441 404 1497 γε
419 1420 522 1482 τοῖσιν·
532 1418 589 1494 μὲν
604 1414 809 1496 Θρασυμήδεα
823 1421 889 1481 δῖον
903 1417 1023 1494 ἀνῆκεν,
1148 1439 1195 1494 705

247 1518 336 1584 αὐτὸς
351 1516 375 1581 δ’
393 1517 454 1582 αὖτ’
472 1519 523 1586 ἐπὶ
539 1519 707 1603 Πατρόκλῳ
724 1519 799 1599 ῆριοϊ
814 1515 958 1598 βεβήκει,

247 1624 305 1699 στῆ
320 1624 353 1685 δὲ
368 1619 436 1700 παρ’
454 1618 621 1690 Αἰάντεσσι
636 1619 724 1696 θέων,
741 1621 825 1703 εἶθαρ
841 1625 874 1690 δὲ
890 1624 1057 1702 προσηύδα·

248 1728 264 1758 “
275 1729 374 1789 κεῖνον
387 1724 444 1802 μὲν
459 1723 496 1802 δῆ
512 1724 619 1802 νηυσὶν
635 1724 820 1805 ἐπιπροέηκα
836 1727 954 1811 θοῇσιν,

247 1829 348 1893 ἐλθεῖν
364 1829 407 1894 είς
423 1825 556 1911 Ἀχιλῆα
570 1829 666 1895 πόδας
681 1828 785 1911 ταχύν·
817 1828 887 1896 οὐδέ
901 1855 953 1910 μιν
969 1831 1022 1895 οία

246 1939 300 1999 νῦν
316 1931 392 1996 ἰέναι
406 1931 491 2014 μόλο
506 1957 569 2014 περι
579 1932 790 2016 κεχολωμένον
801 1930 926 2016 Ἕκτορι
942 1935 1005 2018 δίῳ·
1148 1957 1197 2010 ηιο

247 2037 281 2100 οὐ
296 2035 353 2118 γόρ
369 2061 432 2102 πως
446 2034 484 2102 δν
498 2036 609 2119 γυμνὸς
625 2036 683 2100 έδν
698 2037 842 2118 Τροίεσσι
858 2036 998 2120 μόχοιτο.

246 2139 332 2219 ἡμεῖς
347 2139 372 2203 δ’
389 2140 475 2205 αὐτοί
489 2165 545 2220 περ
561 2139 744 2222 φραζώμεθα
757 2141 845 2219 μῆτιν
861 2142 997 2223 ἀρίστην,

246 2243 320 2323 ἠμὲν
336 2245 416 2309 ὅπως
432 2250 484 2307 τὸν
500 2249 605 2324 νεκρὸν
621 2243 800 2324 ἐρύσσομεν,
813 2244 866 2322 ῆδὲ
882 2245 932 2310 καὶ
948 2245 1032 2311 αὐτοὶ

245 2346 359 2428 Τρώων
373 2345 409 2425 ἐξ
422 2348 532 2424 ἐνοπῆς
546 2345 677 2415 θάνατον
692 2348 742 2412 καὶ
758 2351 835 2431 κῆρα
849 2345 1023 2430 φύγωμεν.”’

290 2453 353 2512 Τδν
368 2449 392 2512 δ’
410 2449 548 2530 ἠμείβετ’
565 2451 673 2518 ἔπειτα
686 2449 781 2533 μέγας
796 2451 991 2528 Τελαμώνιος
1007 2452 1088 2518 Αίας·
1147 2475 1194 2528 7¹⁵

249 2559 268 2587 “
277 2551 375 2616 πάντα
391 2551 452 2617 κατ’
470 2553 562 2618 αἶσαν
578 2553 686 2628 ἔειπες,
703 2553 852 2636 ἀγακλεὲς
867 2550 890 2615 ὦ
908 2551 1058 2622 Μενέλαε·

247 2655 330 2720 ἆλλδ
345 2654 384 2718 σὺ
397 2657 453 2734 μὲν
469 2656 518 2720 καὶ
534 2655 692 2735 Μηριόνης
707 2655 851 2722 ὑποδύντε
867 2653 939 2735 μόλ’
955 2653 1018 2724 ιἐκα

247 2758 353 2838 νεκρὸν
368 2758 521 2838 ἀείροντες
536 2755 637 2837 φέρετ’
655 2759 688 2821 έκ
705 2758 809 2822 πόνον·
841 2758 933 2838 αι’ντδρ
949 2760 1059 2824 ὄπισθε

248 2866 302 2924 νῶϊ
315 2861 516 2943 μαχησόμεθα
531 2862 653 2940 Τρωσίν
667 2884 700 2924 τε
716 2861 766 2924 καλ
778 2858 903 2943 Ἕκτορι
919 2863 982 2945 δίῳ,

246 2963 318 3027 ἶσον
333 2962 426 3042 θνμδν
440 2962 563 3046 ἔχοντες
579 2961 739 3041 όμόνυμοι,
757 2962 785 3025 οἳ
801 2963 836 3030 τὸ
851 2962 945 3045 πόρος
960 2989 1016 3044 περ
1146 2984 1195 3038 720

247 3069 393 3146 μίμνομεν
409 3063 480 3143 ὀξὺν
492 3065 591 3148 Ἀρηα
606 3067 677 3146 παρ’
694 3064 862 3145 ἀλλήλοισι
876 3065 1046 3146 μένοντες.”

284 3167 348 3235 Ὣς
363 3168 463 3249 ἔφαθ’,
479 3171 509 3232 οἱ
525 3166 552 3236 δ’
568 3169 625 3251 δρα
640 3168 746 3250 νεκρδν
761 3170 821 3235 όπδ
836 3169 947 3253 χθονὸς
961 3167 1127 3252 ἀγκάζοντο
1144 3243 1147 3254 Ι

247 3272 305 3352 ὕψι
319 3269 402 3350 μάλα
415 3271 565 3354 μεγόλως·
597 3274 648 3336 ε’πὶ
663 3271 688 3335 δ’
705 3275 775 3356 ἴαχε
791 3279 866 3340 λαδς
881 3273 990 3336 ὄπισθε

247 3375 389 3454 Τρωϊκός,
407 3375 446 3441 ὡς
462 3379 577 3441 είδοντα
593 3375 679 3440 νέκυν
695 3377 833 3457 αἴροντος
846 3374 998 3457 Ἀχαιούς.

248 3481 362 3543 ἴθυσαν
373 3481 404 3544 δὲ
422 3479 566 3546 κύνεσσιν
582 3480 723 3556 ἐοικότες,
740 3483 771 3542 οἴ
786 3475 811 3541 τ’
829 3479 879 3542 ἐπὶ
894 3477 995 3563 κόπρῳ
1146 3504 1193 3558 ηι5

248 3581 394 3667 βλημένῳ
409 3581 519 3661 ἀΐξωσι
534 3582 592 3662 πρὸ
606 3582 721 3665 κούροιν
736 3579 917 3663 θηρητήρων·

250 3687 308 3760 ἕως.
319 3687 374 3766 μὲν
389 3684 446 3769 γάρ
461 3709 494 3758 τε
510 3685 622 3754 θέουσι·
630 3689 801 3767 διαρραῖσαι
815 3691 977 3766 μεμαῶτες,

250 3786 321 3852 ἁλλ’
338 3790 388 3853 ὅτε
403 3786 439 3866 δή
453 3788 480 3870 ῥ’
496 3791 530 3852 ἐν
545 3791 643 3852 τοῖσιν
659 3786 791 3867 ἑλίξεται
808 3775 1054 3860 δλκὶπεποιθός,
1172 3777 1176 3788 ⁴
