2728 4230
451 288 479 356 8.
504 293 675 354 ΙΛΙΑΔΟΣ
698 293 738 355 Θ.
1013 304 1070 372 159

136 459 246 526 ὀλλύντ’
263 459 409 542 Ἀργείων
424 457 539 524 πουλὺν
558 458 686 540 στρατὸν
702 456 884 540 αἰχμητάων·

136 564 233 647 ούγὰρ
249 565 320 646 πρὶν
335 561 472 642 πολέμου
486 562 696 627 ἀποπαύσεται
712 563 840 643 ὄβριμος
850 560 976 644 Ἕκτωρ,

136 667 198 747 πρὶν
213 669 300 749 ὄρθαι
315 669 397 748 παρὰ
414 671 506 748 ναῦφι
522 665 661 730 ποδάκεα
676 663 849 744 Πηλείωνα,

136 769 217 848 ήματι
231 773 273 856 τῷ
289 771 332 835 ὅτ’
349 770 387 838 ἂν
405 773 434 834 οἱ
448 773 504 850 μὲν
520 770 570 834 ἐπὶ
585 768 736 855 πρύμνῃσι
750 767 906 851 μάχωνται
1022 796 1071 846 475

137 873 241 938 στείνει
257 876 291 937 ἐν
305 872 451 958 αἰνοτάτῳ
467 874 535 955 περὶ
552 873 744 954 Πατρόκλοιο
760 871 913 936 θανόντος.

136 975 170 1040 δς
183 974 240 1058 γὰρ
256 973 413 1057 θέσφατόν
428 980 505 1042 ἐστι·
529 973 620 1041 σέθεν
634 974 659 1040 δ’
677 975 737 1057 ἐγὼ
753 974 805 1038 οὐκ
824 975 954 1056 ἀλεγίζω

135 1076 291 1160 χωομένης,
307 1078 367 1143 οὐδ’
385 1081 414 1144 εί
428 1105 461 1145 κε
475 1078 513 1144 τά
525 1079 628 1144 νείατα
643 1074 760 1160 πείραθ’
775 1079 859 1156 ίκηαι

135 1185 215 1262 γαίης
231 1183 280 1246 καὶ
295 1183 430 1258 πόντοιο,
446 1179 485 1248 ἵν’
502 1180 639 1250 Ἰάπετός
653 1207 687 1246 τε
703 1181 817 1262 Κρόνος
832 1204 865 1246 τε

134 1283 232 1362 ήμενοι
248 1281 309 1347 οὔτ’
326 1284 419 1370 αύγῇς
433 1283 610 1367 Ὑπερίονος
624 1284 764 1348 Ἠελίοιο
1024 1297 1073 1358 480

136 1382 265 1467 τέρποντ’
281 1386 341 1450 οὔτ’
358 1384 506 1466 ἀνέμοισι,
525 1386 623 1468 βαθὺς
638 1384 671 1451 δέ
686 1411 720 1452 τε
733 1385 887 1469 Τάρταρος
903 1386 1007 1468 ἀμφίς·

136 1489 189 1552 οὐδ’
204 1487 242 1568 ἢν
258 1488 320 1553 ἐνθ’
336 1489 464 1571 ἀφίκηαι
480 1488 629 1570 ἀλωμένη,
646 1490 680 1553 ού
696 1495 751 1554 σεΰ
766 1489 863 1572 ἔγωγε

135 1591 312 1673 σκυζομένης
328 1591 438 1675 ἀλέγω,
455 1593 521 1659 ἐπεὶ
536 1595 572 1658 οὐ
587 1591 641 1658 σέο
657 1592 798 1674 κύντερον
811 1591 920 1658 άλλο.”

166 1694 228 1762 *Ως
242 1694 333 1778 φάτο,
349 1694 402 1759 τὸν
417 1693 444 1760 δ’
461 1695 496 1760 ού
509 1721 539 1762 τι
554 1692 696 1778 προσέφη
711 1696 900 1761 λενκύλενος
912 1696 1003 1777 Ἥρη.

134 1801 164 1864 ἐν
178 1799 202 1862 δ’
220 1797 305 1862 έπεσ’
321 1796 457 1884 Ὠκεανῷ
476 1799 615 1882 λαμπρὸν
631 1797 710 1881 φάος
724 1799 851 1877 ἠελίοιο,
1024 1814 1073 1876 485

133 1903 220 1965 ἕλκον
235 1901 326 1968 νύκτα
340 1899 491 1982 μέλαιναν
504 1902 554 1966 ἐπὶ
571 1903 711 1984 ζείδωρον
726 1903 864 1984 ἄρουραν.

132 2006 250 2087 Τρωσὶν
263 2001 321 2084 μέν
335 2001 363 2087 ῥ’
380 2002 522 2072 ἀέκουσιν
538 2005 589 2070 έδυ
603 2004 691 2088 φάος,
708 2006 801 2086 αὐτὰρ
817 2009 952 2088 Ἀχαιοῖς

131 2107 267 2186 ἀσπασίη
284 2109 460 2191 τρίλλιστος
475 2107 608 2187 ἐπήλυθε
623 2106 679 2187 νὺξ
692 2105 847 2190 ἐρεβεννή.

172 2211 284 2292 Τροίαν
299 2208 363 2274 αὖτ’
378 2212 492 2294 ἀγορήν
506 2209 657 2290 ποιήσατο
672 2211 817 2292 φαίδιμος
827 2208 955 2292 Ἕκτωρ,

132 2314 225 2395 νόσφι
241 2319 318 2379 νεῶν
334 2315 455 2396 ἀγαγὼν
471 2316 595 2400 ποταμφ
612 2315 662 2379 ἐπι
678 2312 818 2393 δινήεντι,
1023 2341 1074 2394 49⁰

132 2419 164 2481 ἐν
179 2420 308 2502 καθαρῷ,
323 2418 372 2481 ύθι
387 2417 424 2497 δή
440 2417 551 2482 νεκύων
566 2419 738 2500 διεφαίνετο
751 2423 860 2501 χῶρος.

132 2517 168 2597 ἐξ
179 2521 282 2584 ἵππων
300 2520 325 2584 δ’
343 2520 514 2601 ἀποβάντες
530 2521 579 2585 ἐπὶ
594 2521 693 2604 χθόνα
706 2525 800 2600 μῦθον
816 2521 933 2597 άκονον,

131 2623 183 2688 τόν
196 2622 227 2705 ῥ’
239 2622 359 2706 Ἕκτωρ
374 2625 500 2707 ἀγόρευε
514 2625 657 2704 διίφιλος·
682 2626 715 2686 ἐν
730 2622 755 2686 δ’
772 2624 830 2705 ἀρα
844 2627 924 2706 χειρὶ

131 2723 223 2808 έγχος
240 2724 286 2810 ἔχ’
303 2725 500 2810 ἑνδεκάπηχυ·
523 2725 649 2807 πάροιθε
664 2729 697 2791 δέ
712 2724 849 2804 λάμπετο
865 2727 968 2807 δουρὸς

131 2829 226 2912 αἰχμή
241 2830 381 2912 χαλκείη,
396 2831 465 2912 περὶ
479 2831 512 2894 δὲ
527 2831 657 2913 χρύσεος
672 2828 722 2895 θέε
737 2830 859 2911 πόρκης,
1024 2856 1073 2906 495

130 2934 170 3016 τφ
187 2932 249 3015 ὅγ’
266 2931 459 3014 ἐρεισάμενος
476 2933 550 2998 έπεα
564 2933 707 3015 Τροίεσσι
720 2933 860 3014 μετηύδα·

132 3045 151 3070 “
161 3033 288 3099 κέκλυτέ
303 3060 368 3115 μευ,
383 3038 485 3117 Τρῶες
501 3036 550 3098 καὶ
566 3034 718 3118 Δάρδανοι
733 3033 781 3116 ἠδ’
797 3037 957 3116 ἐπίκουροι·

131 3143 184 3204 νῦν
200 3137 322 3219 ἐφάμην
337 3137 410 3217 νῆάς
425 3136 451 3200 τ’
467 3136 581 3205 ἀλέσας
596 3140 646 3203 καὶ
661 3137 775 3204 πάντας
789 3137 933 3223 Ἀχαιοὺς

131 3239 178 3321 ἂψ
195 3239 421 3320 ἀπονοστήσειν
436 3241 522 3321 προτὶ
535 3240 633 3304 Ἴλιον
647 3241 846 3322 ἠνεμόεσσαν·

131 3342 216 3406 άλλδ
231 3343 302 3425 πρὶν
317 3340 430 3425 κνέφας
446 3343 530 3422 ήλθε,
547 3343 581 3407 τδ
596 3349 649 3409 νῦν
662 3343 782 3408 ἐσάωσε
796 3343 932 3423 μάλιστα
1028 3373 1076 3419 500

129 3443 290 3526 Ἀργείους
306 3447 354 3510 καὶ
370 3450 444 3526 νῆας
459 3447 508 3510 ἐπὶ
523 3449 645 3528 ῥηγμῖνι
661 3447 830 3526 θαλάσσης.

130 3548 204 3611 ἀλλ’
221 3548 240 3628 ἦ
255 3574 303 3612 τοι
318 3554 370 3613 νῦν
384 3551 440 3628 μὲν
455 3551 626 3629 πειθόμεθα
641 3552 723 3613 νυκτὶ
737 3551 830 3628 μελαί
847 3615 854 3636 ι

129 3653 231 3729 δόρπα
246 3653 270 3716 τ’
287 3654 550 3735 ἐφοπλισόμεσθα·
577 3655 652 3735 ἀτδρ
670 3655 866 3737 καλλίτριχας
881 3657 989 3722 ἵππους
