2792 4232
247 421 311 486 304
568 409 616 477 15.
642 399 811 459 ΙΛΙΑΔΟΣ
834 400 873 458 Ο.

249 567 302 631 τάν
316 563 343 632 δ’
354 566 472 648 Ἕκτωρ
485 565 655 648 μεγάθυμος
672 564 829 631 ἀπέκτανε.
863 571 921 629 ποῦ
937 563 971 631 νύ
985 592 1032 630 τοι
1048 567 1088 629 ἰοὶ
1143 594 1192 641 440

251 671 396 753 ὠκύμοροι
412 673 461 735 καὶ
476 669 574 749 τόξον,
590 672 608 733 ὅ
623 695 669 733 τοι
685 671 758 752 πόρε
777 675 893 751 Φοῖβος
909 667 1070 732 Ἀπόλλων
1081 667 1115 743 ,·”

286 773 349 842 Ὣς
365 773 451 856 φάθ’,
467 777 483 839 ὁ
499 777 531 838 δέ
547 772 679 854 ξυνέηκε,
696 773 774 838 θέων
788 772 822 838 δέ
837 775 866 837 οἱ
882 774 955 856 ἄγχι
970 773 1114 855 παρέστη,

250 876 339 955 τόξον
354 879 433 961 ἔχων
448 880 481 940 ἐν
494 879 575 960 χειρὶ
590 878 772 941 παλίντονον
787 877 840 955 ἠδέ
856 877 1006 958 φαρέτρην

252 981 379 1043 ἰοδόκον·
402 979 485 1061 μάλα
500 980 525 1044 δ’
542 979 604 1043 ὦκα
618 979 715 1060 βέλεα
728 977 889 1062 Τρόεσσιν
904 980 994 1061 ἐφίει.

252 1085 303 1146 καί
313 1083 340 1165 ῥ’
357 1083 453 1163 ἔβαλε
469 1087 606 1160 Κλεῖτον,
623 1080 812 1163 Πεισήνορος
827 1080 943 1164 ἀγλαὸν
958 1082 1033 1154 υἱόν,
1147 1109 1194 1157 445

252 1185 503 1265 Πουλυδάμαντος
518 1190 644 1267 ἑταῖρον,
661 1187 773 1268 ἀγαυοῦ
788 1183 970 1262 Πανθοΐδαο,

250 1288 319 1365 ἡνία
333 1290 442 1371 χερσὶν
457 1289 576 1372 ἔχοντα·
599 1291 615 1351 ὁ
629 1289 685 1368 μέν
700 1289 853 1367 πεπόνητο
869 1287 933 1350 καθ’
951 1289 1069 1354 ἵππους·

251 1394 285 1476 τῇ
301 1393 359 1474 γάρ
375 1389 421 1474 ἔχ’
435 1389 454 1478 ᾖ
469 1395 508 1475 ῥα
522 1392 602 1455 πολὺ
618 1397 761 1456 πλεῖσται
779 1390 938 1456 κλονέοντο
955 1389 1121 1473 φάλαγγες,

247 1493 369 1576 Ἕκτορι
385 1496 434 1558 καὶ
448 1495 590 1576 Τράεσσι
605 1494 811 1578 χαριζόμενος·
834 1493 914 1577 τάχα
929 1492 954 1557 δ’
971 1494 1047 1578 αὐτῷ

251 1597 326 1676 ἦλθε
342 1599 441 1670 κακόν,
458 1599 494 1660 τό
509 1600 537 1660 οἱ
554 1598 588 1660 ού
602 1622 646 1663 τις
662 1597 803 1678 ἐρύκακεν
819 1596 944 1676 ἱεμένων
959 1622 1022 1677 περ.
1146 1624 1196 1672 450

251 1698 355 1782 αὐχένι
370 1703 428 1782 γάρ
444 1703 472 1764 οἱ
489 1702 599 1764 ὄπισθε
615 1699 802 1764 πολύστονος
818 1699 949 1778 ἔμπεσεν
965 1699 1018 1763 ἰός·

253 1900 325 1968 κείν’
341 1905 416 1987 όχεα
433 1903 612 1984 κροτέοντες.
658 1902 736 1982 άυαξ
749 1901 775 1967 δ’
791 1905 899 1982 ἐνόησε
915 1902 1046 1987 τάχιστα

252 2006 460 2087 Πουλυδάμας,
479 2009 527 2071 καὶ
543 2013 659 2087 πρῶτος
676 2009 810 2074 ἐναντίος
824 2006 935 2086 ἤλυθεν
951 2009 1060 2071 ἵππων.

255 2108 323 2176 τοὺς
337 2111 393 2189 μέν
409 2110 427 2171 ό
441 2108 470 2193 γ’
488 2107 640 2196 Ἀστυνόῳ
657 2111 843 2193 Προτιάονος
858 2114 917 2179 υἱέι·
932 2121 1017 2189 δῶκε,
1150 2143 1200 2193 455

255 2217 358 2276 πολλα
373 2210 399 2277 δ’
416 2215 557 2296 ἐπότρυνε
574 2221 686 2299 σχεδόν
701 2219 804 2300 ἴσχειν
819 2219 1001 2299 εἰσορόωντα

255 2317 373 2380 ἵππους·
399 2316 486 2382 αὐτὸς
501 2314 527 2381 δ’
543 2318 625 2384 αύτις
641 2319 695 2383 ίιδν
710 2318 913 2402 προμάχοισιν
929 2322 1047 2404 ἐμίχθη.

296 2422 425 2501 Τεῦκρος
441 2417 467 2483 δ’
484 2421 582 2486 ἀλλον
597 2421 701 2486 ὀϊστὸν
717 2419 767 2502 ἐφ’
779 2421 902 2503 Ἕκτορι
916 2427 1145 2513 χαλκοκορυστῇ

254 2522 366 2594 αίνντο,
382 2522 434 2586 καί
447 2549 498 2586 κεν
513 2524 627 2588 ἔπαυσε
641 2528 740 2608 μάχης
756 2526 804 2588 ἐπὶ
820 2527 927 2604 νηυσὶν
940 2526 1083 2611 Ἀχαιῶν,

258 2618 286 2678 εί
297 2641 350 2693 μιν
366 2617 562 2698 ἀριστεύοντα
575 2622 685 2698 βαλὸν
701 2620 834 2700 ἐξείλετο
850 2626 953 2703 θυμόν.
1148 2643 1200 2709 460

257 2718 326 2780 ἀλλ’
344 2718 378 2781 ού
392 2722 468 2797 λῆθε
484 2723 558 2785 Διὸς
572 2723 697 2787 πυκινὸν
713 2725 791 2804 νόον,
807 2725 840 2792 ὅς
853 2725 879 2808 ῤ’
897 2728 1074 2808 ἐφύλασσεν

253 2818 383 2902 Ἕκτορ’,
401 2822 475 2903 ἀτάρ
489 2827 621 2902 Τεῦκρον
635 2826 832 2904 Τελομάνιον
847 2829 935 2911 εάχος
951 2832 1075 2913 ἀπηύρα,

257 2926 289 2990 ὅς
305 2927 334 2986 οἱ
349 2923 517 3005 ἐϋστρεφέα
533 2927 639 3007 νευρὴν
654 2929 687 2990 ἐν
703 2929 830 3009 ἀμύμονι
845 2931 922 3018 τόξῳ

255 3025 321 3110 ῥῆξ’
338 3028 388 3090 ἐπὶ
403 3029 443 3112 τῷ
460 3028 584 3113 ἐρύοντι·
608 3030 827 3115 παρεπλάγχθη
844 3034 877 3098 δέ
893 3038 921 3098 οἱ
937 3036 1017 3123 άλλη

258 3131 301 3197 ἰὸς
316 3130 522 3212 χαλκοβαρής,
539 3131 628 3210 τόξον
644 3133 677 3196 δέ
692 3136 720 3196 οἱ
738 3135 847 3202 ἔκπεσε
861 3141 971 3220 χειρός.
1151 3159 1198 3222 ⁴⁶5

255 3239 385 3315 Τεῦκρος
402 3233 426 3297 δ’
444 3235 592 3316 ἐρρίγησε,
609 3238 791 3319 κασίγνητον
806 3242 838 3304 δέ
855 3243 1017 3323 προσηύδα·

257 3335 310 3400 “cb
326 3338 431 3412 πόποι,
447 3335 466 3415 ύ
481 3336 517 3415 δὴ
534 3336 635 3420 πάγχυ
649 3338 749 3424 μάχης
765 3345 814 3406 ἐπὶ
828 3343 923 3424 μήδεα
939 3348 1029 3426 κείρει

256 3441 369 3518 δαίμων
383 3438 536 3521 ἡμετέρης,
557 3441 574 3502 ό
588 3443 621 3507 τέ
635 3469 687 3521 μοι
701 3445 773 3523 βιάν
789 3447 903 3526 ἔκβαλε
917 3450 1028 3531 χειρός,

256 3543 362 3622 νευρὴν
377 3540 402 3606 δ’
419 3541 558 3624 ἐξέρρηξε
574 3547 771 3628 νεόστροφον,
787 3547 824 3627 ἣν
840 3550 968 3628 ἐνέδησα

256 3646 375 3725 πράϊον,
397 3642 466 3725 ὄφρ’
483 3644 622 3730 ἀνέχοιτο
638 3650 717 3729 θαμὰ
734 3653 922 3732 θράσκοντας
937 3655 1086 3723 όῖστούς.”
1148 3689 1198 3739 450

298 3748 360 3811 Τὸν
375 3746 398 3809 δ’
416 3747 549 3826 ἠμείβετ’
567 3751 670 3816 ἔπειτα
684 3752 777 3835 μέγας
791 3741 990 3835 Τελαμώνιος
993 3749 1084 3826 Ἀἶας
