2746 4228
248 297 289 361 οι
578 319 608 385 3·
632 303 802 364 ιΛιΑΔον
826 304 859 384 Γ,

248 468 317 531 ἀλλ’
334 469 392 533 αἰεὶ
407 469 475 551 περὶ
491 474 589 534 κεῖνον
606 470 685 549 ὀίζυε
701 471 751 535 καί
765 474 780 535 ἔ
795 469 949 551 φύλασσε,
1067 475 1069 478 ’

248 573 322 636 είςό
341 570 373 634 κέ
389 572 417 634 σ’
433 570 452 650 ἢ
468 573 584 656 ἄλοχον
599 572 770 652 ποιήσεται,
786 569 805 651 ἢ
821 573 889 655 ὅγε
904 572 1025 649 δούλην.

248 679 330 738 κεῖσε
345 673 370 737 δ’
387 675 465 757 ἔγάν
480 675 532 739 οὐκ
551 674 845 755 εἶμι-νεμεσσητὸν
859 672 892 739 δέ
907 701 958 739 κεν
974 678 1065 754 είη-
1135 701 1186 750 4¹0

247 778 345 841 κείνου
360 776 569 861 πορσννέουσα
582 777 684 862 λέχος·
707 779 808 862 Τρῳαὶ
823 776 857 842 δέ
870 777 900 858 μ’
917 779 1038 842 ὀπίσσω

246 883 343 943 πᾶσαι
357 881 561 961 μωμήσονται·
585 883 646 965 ἔχω
662 880 687 944 δ’
703 880 769 963 ἄχε’
786 881 891 963 ἄκριτα
906 872 1017 965 θυμῷ.”

287 982 352 1062 Τὴν
367 984 400 1046 δὲ
414 980 614 1067 χολωσαμένη
631 983 828 1064 προσεφώνεε
843 982 880 1047 δῖ’
896 983 1072 1065 Ἀφροδίτη·

247 1092 265 1120 “
276 1084 317 1165 μή
332 1084 361 1163 μ’
379 1085 471 1166 ἔρεθε,
488 1085 627 1168 σχετλίη,
641 1084 682 1164 μὴ
697 1084 860 1167 χωσαμένη
877 1112 915 1151 σε
928 1089 1048 1165 μεθείω,

245 1189 302 1254 τὼς
318 1185 351 1252 δέ
367 1187 395 1250 α’
413 1187 573 1270 ἀπεχθήρω
589 1187 695 1254 ὀςνθν
710 1189 836 1271 ἔκπαγλ’
854 1191 999 1271 ἔφίλησα,
1045 1265 1048 1272 .
1137 1216 1186 1268 4¹⁵

244 1287 350 1373 μέσσῷ
367 1288 392 1352 δ’
408 1287 587 1371 ἀμφοτέρων
601 1291 766 1369 μητίσομαι
782 1290 876 1373 ἔχθεα
890 1289 998 1372 λυγρά,

245 1391 355 1476 Τριόων
371 1392 419 1455 καὶ
436 1397 574 1469 Δαναῶν,
592 1393 636 1456 σδ
646 1391 678 1456 δέ
694 1419 745 1457 κεν
761 1394 852 1460 κακὸν
867 1395 950 1458 οἶτον
965 1391 1084 1472 όληαι.”

282 1492 345 1560 Ὣς
360 1493 455 1574 ἔφατ’,
472 1495 588 1560 ἔδεισεν
603 1495 628 1560 δ’
647 1493 757 1574 Ἑλένη
778 1496 851 1564 Διὸς
866 1499 1034 1581 ἐκγεγαυῖα,

244 1600 288 1677 βῆ
304 1599 336 1660 δὲ
352 1595 562 1680 κατασχομένη
580 1600 655 1684 ἑανῷ
672 1601 779 1683 ἀργῆτι
794 1603 910 1685 φαεινῷ

245 1702 326 1786 σιγῇ,
343 1699 443 1767 πάσας
458 1705 491 1765 δὲ
504 1705 609 1788 Τρῳὰς
623 1701 728 1768 λάθεν·
751 1703 826 1786 ἦρχε
841 1705 874 1766 δὲ
889 1703 1012 1782 δαίμων.
1135 1731 1185 1776 420

288 1805 327 1867 Αἱ
343 1802 367 1867 δ’
384 1803 425 1866 ὅτ’
443 1799 655 1886 Ἀλεξάνδροιο
671 1806 764 1886 δόμον
778 1804 956 1888 περικαλλέ’
972 1809 1082 1881 ίκουτο,

246 1907 416 1988 ἀμφίπολοι
429 1907 485 1986 μὲν
500 1906 603 1971 ἔπειτα
617 1911 694 1975 θοῶς
710 1909 761 1973 ἔπὶ
776 1910 850 1991 ἔργα
864 1907 1022 1991 τράποντο,

245 2008 263 2086 ἡ
279 2008 304 2072 δ’
321 2010 364 2074 είς
378 2010 539 2091 ὑψόροφον
553 2008 690 2090 θάλαμον
705 2012 750 2075 κίε
763 2017 812 2079 δῖα
826 2018 984 2096 γυναικῶν.

245 2111 280 2196 τῇ
297 2110 323 2174 δ’
339 2111 396 2192 ἄρα
411 2111 521 2193 δίφρον
537 2114 651 2176 ἑλοῦσα
665 2114 867 2196 φιλομμειδὴς
881 2113 1046 2197 Ἀφροδίτη

245 2213 323 2277 ἀντί’
339 2211 552 2295 Ἀλεξάνδροιο
567 2217 622 2280 θεδ
637 2213 780 2294 κατέθηκε
795 2215 942 2299 φέρουσα·
1135 2243 1182 2295 4²⁵

245 2317 318 2382 ἔνθα
332 2316 429 2394 καθῖζ
445 2315 566 2394 Ἑλένη,
584 2316 671 2397 κούρη
689 2318 763 2384 Διὸς
779 2320 939 2403 αἰγιόχοιο,

245 2423 322 2487 ὄσσε
337 2421 431 2485 πάλιν
447 2421 586 2495 κλίνασα,
603 2420 696 2486 πόσιν
711 2421 736 2485 δ’
752 2422 884 2501 ἠνίπαπε
897 2425 991 2508 μύθῳ·

246 2531 263 2560 “
272 2523 381 2603 ἤλυθες
396 2524 429 2585 ἔκ
450 2519 594 2600 πολέμου·
609 2521 657 2588 ιῶς
672 2522 790 2604 ὤφελες
806 2525 906 2589 αὐτόθ’
922 2524 1060 2600 ὀλέσθαι,

244 2627 327 2707 ἀνδρὶ
342 2623 445 2702 δαμεὶς
461 2625 601 2708 κρατερῷ,
618 2623 651 2690 ὃς
667 2625 736 2703 ἔμὸς
752 2627 895 2709 πρότερος
910 2628 1000 2694 πόσις
1019 2627 1081 2707 ἦεν.

245 2727 332 2806 ἦμέν
349 2727 385 2806 δὴ
400 2726 470 2807 πρίν
484 2726 513 2809 γ’
530 2725 607 2809 εὔχε’
629 2727 792 2809 ἀρηϊφίλου
808 2727 968 2794 Μενελάου
1133 2757 1182 2804 430
1207 2746 1209 2752 '

244 2834 283 2918 σῇ
299 2856 332 2896 τε
346 2829 401 2916 βίη
418 2831 466 2895 καὶ
481 2830 635 2913 χερσὶκαὶ
650 2830 736 2913 ἔγχεϊ
750 2827 894 2913 φέρτερος
910 2831 996 2896 εἶναι·

244 2933 313 2997 ἀλλ’
329 2935 372 2997 ίθι
387 2937 439 2996 νῦν
454 2932 664 3014 προκάλεσσαι
679 2931 843 3015 ἀρηίφιλον
857 2931 1018 2998 Μενέλαον

243 3033 359 3114 ἐξαῦτις
373 3032 570 3117 μαχέσασθαι
585 3035 730 3098 ἔναντίον·
754 3033 836 3098 ἀλλά
852 3033 880 3097 σ’
898 3035 994 3118 ἔγωγε

243 3136 391 3201 παύεσθαι
407 3134 541 3215 κέλομαι,
556 3137 632 3215 μηδὲ
647 3135 745 3221 ξανθῷ
762 3135 911 3222 Μενελάῳ

243 3241 380 3320 ἀντίβιον
395 3239 530 3317 πόλεμον
544 3239 718 3318 πολεμίζειν
732 3238 786 3317 ἠδὲ
799 3237 953 3322 μάχεσθαι
1131 3271 1181 3322 43⁵

243 3340 409 3425 ἀφραδέως,
423 3339 464 3422 μή
480 3366 543 3408 πως
558 3341 625 3425 τάχ’
641 3342 689 3406 ὑπ’
707 3341 796 3405 αὐτοῦ
811 3343 893 3424 δουρὶ
908 3342 1052 3430 δομήης.”

284 3444 349 3525 Τὴν
363 3445 395 3508 δὲ
411 3441 508 3524 Πάρις
521 3443 662 3524 μύθοισιν
678 3444 879 3524 ἀμειβόμενος
894 3445 1068 3528 προσέειπε·

244 3556 261 3584 “
271 3546 310 3629 μή
325 3573 372 3628 με,
388 3547 485 3631 γύναι,
501 3551 686 3629 χαλεποῖσιν
701 3546 833 3612 ὀνείδεσι
850 3549 942 3626 θυμὸν
957 3549 1069 3616 ἔνιπτε·

243 3657 295 3718 νῦν
308 3655 363 3732 μὲν
378 3652 435 3732 γὰρ
451 3646 609 3715 Μενέλαος
624 3648 762 3726 ἐνίκησεν
778 3649 834 3714 σὺν
848 3649 972 3740 Ἀθήνῃ,
