<?xml version="1.0" encoding="UTF-8"?>
<!DOCTYPE html PUBLIC "-//W3C//DTD XHTML 1.0 Transitional//EN"
    "http://www.w3.org/TR/xhtml1/DTD/xhtml1-transitional.dtd">
<html xmlns="http://www.w3.org/1999/xhtml" xml:lang="en" lang="en">
 <head>
  <title>
</title>
<meta http-equiv="Content-Type" content="text/html;charset=utf-8" />
  <meta name='ocr-system' content='tesseract 3.04.00' />
  <meta name='ocr-capabilities' content='ocr_page ocr_carea ocr_par ocr_line ocrx_word'/>
</head>
<body>
  <div class='ocr_page' id='page_1' title='image "./homerioperaetre00homegoog_0395.png"; bbox 0 0 2848 4296; ppageno 0'>
   <div class='ocr_carea' id='block_1_1' title="bbox 501 345 1112 436">
    <p class='ocr_par' dir='ltr' id='par_1_1' title="bbox 501 345 1112 436">
     <span class='ocr_line' id='line_1_1' title="bbox 501 345 1112 436; baseline 0.003 -28"><span class='ocrx_word' id='word_1_1' title='bbox 501 345 549 408; x_wconf 90' lang='lat'>18.</span> <span class='ocrx_word' id='word_1_2' title='bbox 573 347 744 409; x_wconf 75' lang='grc' dir='ltr'>ικικλον</span> <span class='ocrx_word' id='word_1_3' title='bbox 768 347 803 408; x_wconf 78' lang='grc' dir='ltr'>υ.</span> <span class='ocrx_word' id='word_1_4' title='bbox 1052 347 1112 436; x_wconf 83' lang='lat'>3⁸¹</span> 
     </span>
    </p>
   </div>
   <div class='ocr_carea' id='block_1_2' title="bbox 137 507 1130 3808">
    <p class='ocr_par' dir='ltr' id='par_1_2' title="bbox 177 507 1108 600">
     <span class='ocr_line' id='line_1_2' title="bbox 177 507 1108 600; baseline -0.005 -16"><span class='ocrx_word' id='word_1_5' title='bbox 177 521 285 584; x_wconf 89' lang='grc' dir='ltr'>άλλοπε</span> <span class='ocrx_word' id='word_1_6' title='bbox 300 519 357 600; x_wconf 87' lang='grc' dir='ltr'>μὲν</span> <span class='ocrx_word' id='word_1_7' title='bbox 373 517 534 582; x_wconf 89' lang='grc' dir='ltr'>σπεύδοντι</span> <span class='ocrx_word' id='word_1_8' title='bbox 549 514 744 598; x_wconf 84' lang='grc' dir='ltr'>παρέμμεναι,</span> <span class='ocrx_word' id='word_1_9' title='bbox 760 515 874 580; x_wconf 88' lang='grc' dir='ltr'>άλλοτε</span> <span class='ocrx_word' id='word_1_10' title='bbox 889 516 914 580; x_wconf 87' lang='grc' dir='ltr'>δ’</span> <span class='ocrx_word' id='word_1_11' title='bbox 931 511 1010 591; x_wconf 79' lang='grc' dir='ltr'>αύτε,</span> <span class='ocrx_word' id='word_1_12' title='bbox 1066 535 1070 542; x_wconf 84' lang='grc'><strong><em>·</em></strong></span> <span class='ocrx_word' id='word_1_13' title='bbox 1106 507 1108 514; x_wconf 44' lang='grc'><strong>“</strong></span> 
     </span>
    </p>

    <p class='ocr_par' dir='ltr' id='par_1_3' title="bbox 177 616 929 703">
     <span class='ocr_line' id='line_1_3' title="bbox 177 616 929 703; baseline -0.005 -15"><span class='ocrx_word' id='word_1_14' title='bbox 177 626 277 692; x_wconf 84' lang='grc' dir='ltr'>ὅππως</span> <span class='ocrx_word' id='word_1_15' title='bbox 289 621 467 703; x_wconf 88' lang='grc' dir='ltr'>Ἥφαιστός</span> <span class='ocrx_word' id='word_1_16' title='bbox 483 618 509 698; x_wconf 83' lang='grc' dir='ltr'>τ’</span> <span class='ocrx_word' id='word_1_17' title='bbox 521 619 629 696; x_wconf 86' lang='grc' dir='ltr'>Ιἑθέλοι</span> <span class='ocrx_word' id='word_1_18' title='bbox 642 621 697 684; x_wconf 76' lang='grc' dir='ltr'>’καὶ</span> <span class='ocrx_word' id='word_1_19' title='bbox 713 625 803 703; x_wconf 75' lang='grc' dir='ltr'>ἔργον</span> <span class='ocrx_word' id='word_1_20' title='bbox 817 616 929 684; x_wconf 86' lang='grc' dir='ltr'>άνοιτο.</span> 
     </span>
    </p>

    <p class='ocr_par' dir='ltr' id='par_1_4' title="bbox 137 722 984 810">
     <span class='ocr_line' id='line_1_4' title="bbox 137 722 984 810; baseline -0.006 -18"><span class='ocrx_word' id='word_1_21' title='bbox 137 795 140 806; x_wconf 59' lang='grc'>,</span> <span class='ocrx_word' id='word_1_22' title='bbox 177 726 290 810; x_wconf 84' lang='grc' dir='ltr'>χαλκὸν</span> <span class='ocrx_word' id='word_1_23' title='bbox 305 726 330 790; x_wconf 87' lang='grc' dir='ltr'>δ’</span> <span class='ocrx_word' id='word_1_24' title='bbox 347 727 382 789; x_wconf 89' lang='grc' dir='ltr'>ἑν</span> <span class='ocrx_word' id='word_1_25' title='bbox 396 723 466 806; x_wconf 80' lang='grc' dir='ltr'>πυρὶ</span> <span class='ocrx_word' id='word_1_26' title='bbox 481 725 607 805; x_wconf 83' lang='grc' dir='ltr'>βάλλεν</span> <span class='ocrx_word' id='word_1_27' title='bbox 619 722 738 806; x_wconf 75' lang='grc' dir='ltr'>ἀτειρέα</span> <span class='ocrx_word' id='word_1_28' title='bbox 753 724 935 805; x_wconf 88' lang='grc' dir='ltr'>κασσίτερόν</span> <span class='ocrx_word' id='word_1_29' title='bbox 951 747 984 787; x_wconf 93' lang='grc' dir='ltr'>τε</span> 
     </span>
    </p>

    <p class='ocr_par' dir='ltr' id='par_1_5' title="bbox 178 827 1123 914">
     <span class='ocr_line' id='line_1_5' title="bbox 178 827 1123 914; baseline -0.005 -20"><span class='ocrx_word' id='word_1_30' title='bbox 178 832 223 894; x_wconf 84' lang='grc' dir='ltr'>καὶ</span> <span class='ocrx_word' id='word_1_31' title='bbox 238 830 359 914; x_wconf 69' lang='grc' dir='ltr'>χρυσὸνἰ</span> <span class='ocrx_word' id='word_1_32' title='bbox 368 832 495 909; x_wconf 85' lang='grc' dir='ltr'>τιμῆντα</span> <span class='ocrx_word' id='word_1_33' title='bbox 510 829 559 893; x_wconf 85' lang='grc' dir='ltr'>καὶ</span> <span class='ocrx_word' id='word_1_34' title='bbox 575 828 711 910; x_wconf 79' lang='grc' dir='ltr'>ἄργυρον·</span> <span class='ocrx_word' id='word_1_35' title='bbox 729 827 828 909; x_wconf 80' lang='grc' dir='ltr'>αιίτᾶρ</span> <span class='ocrx_word' id='word_1_36' title='bbox 844 828 948 898; x_wconf 83' lang='grc' dir='ltr'>ἔπειτα</span> <span class='ocrx_word' id='word_1_37' title='bbox 1071 850 1123 905; x_wconf 63' lang='grc' dir='ltr'>475λ</span> 
     </span>
    </p>

    <p class='ocr_par' dir='ltr' id='par_1_6' title="bbox 178 930 1126 1017">
     <span class='ocr_line' id='line_1_6' title="bbox 178 930 1126 1017; baseline -0.001 -20"><span class='ocrx_word' id='word_1_38' title='bbox 178 939 265 1014; x_wconf 82' lang='grc' dir='ltr'>θῆκεν</span> <span class='ocrx_word' id='word_1_39' title='bbox 279 937 313 998; x_wconf 86' lang='grc' dir='ltr'>ἑν</span> <span class='ocrx_word' id='word_1_40' title='bbox 328 931 484 1017; x_wconf 78' lang='grc' dir='ltr'>ἀκμοθέτῳ</span> <span class='ocrx_word' id='word_1_41' title='bbox 497 931 595 1014; x_wconf 87' lang='grc' dir='ltr'>μέγαν</span> <span class='ocrx_word' id='word_1_42' title='bbox 610 933 734 1012; x_wconf 83' lang='grc' dir='ltr'>ἄκμονα,</span> <span class='ocrx_word' id='word_1_43' title='bbox 749 930 838 1015; x_wconf 80' lang='grc' dir='ltr'>γέντο</span> <span class='ocrx_word' id='word_1_44' title='bbox 852 933 887 996; x_wconf 87' lang='grc' dir='ltr'>δὲ</span> <span class='ocrx_word' id='word_1_45' title='bbox 901 934 981 1014; x_wconf 83' lang='grc' dir='ltr'>χειρὶ</span> <span class='ocrx_word' id='word_1_46' title='bbox 1028 990 1030 998; x_wconf 81' lang='grc'>,</span> <span class='ocrx_word' id='word_1_47' title='bbox 1086 961 1088 970; x_wconf 71' lang='grc'><strong>’</strong></span> <span class='ocrx_word' id='word_1_48' title='bbox 1118 951 1126 982; x_wconf 81' lang='grc'>-“</span> 
     </span>
    </p>

    <p class='ocr_par' dir='ltr' id='par_1_7' title="bbox 176 1030 965 1118">
     <span class='ocr_line' id='line_1_7' title="bbox 176 1030 965 1118; baseline -0.004 -20"><span class='ocrx_word' id='word_1_49' title='bbox 176 1037 322 1118; x_wconf 81' lang='grc' dir='ltr'>ῥαιστῆρα</span> <span class='ocrx_word' id='word_1_50' title='bbox 337 1031 492 1115; x_wconf 80' lang='grc' dir='ltr'>κρατερήν,</span> <span class='ocrx_word' id='word_1_51' title='bbox 508 1031 632 1114; x_wconf 78' lang='grc' dir='ltr'>ἑτέρηφι</span> <span class='ocrx_word' id='word_1_52' title='bbox 647 1034 680 1096; x_wconf 78' lang='grc' dir='ltr'>δὲ</span> <span class='ocrx_word' id='word_1_53' title='bbox 698 1030 787 1115; x_wconf 86' lang='grc' dir='ltr'>γέντο</span> <span class='ocrx_word' id='word_1_54' title='bbox 803 1031 965 1114; x_wconf 87' lang='grc' dir='ltr'>πυράγρην.</span> 
     </span>
    </p>

    <p class='ocr_par' dir='ltr' id='par_1_8' title="bbox 183 1135 1121 1218">
     <span class='ocr_line' id='line_1_8' title="bbox 183 1135 1121 1218; baseline 0.001 -18"><span class='ocrx_word' id='word_1_55' title='bbox 183 1177 184 1184; x_wconf 45' lang='lat'>1</span> <span class='ocrx_word' id='word_1_56' title='bbox 219 1139 308 1202; x_wconf 91' lang='grc' dir='ltr'>Ποίει</span> <span class='ocrx_word' id='word_1_57' title='bbox 323 1139 356 1202; x_wconf 84' lang='grc' dir='ltr'>δὲ</span> <span class='ocrx_word' id='word_1_58' title='bbox 372 1137 528 1218; x_wconf 79' lang='grc' dir='ltr'>πράτιστα</span> <span class='ocrx_word' id='word_1_59' title='bbox 543 1135 637 1202; x_wconf 90' lang='grc' dir='ltr'>σάκος</span> <span class='ocrx_word' id='word_1_60' title='bbox 652 1135 730 1217; x_wconf 85' lang='grc' dir='ltr'>μέγα</span> <span class='ocrx_word' id='word_1_61' title='bbox 744 1137 943 1216; x_wconf 82' lang='grc' dir='ltr'>πεστιβαράν</span> <span class='ocrx_word' id='word_1_62' title='bbox 957 1161 1006 1201; x_wconf 84' lang='grc' dir='ltr'>τε-</span> <span class='ocrx_word' id='word_1_63' title='bbox 1117 1181 1121 1188; x_wconf 90' lang='grc'>-</span> 
     </span>
    </p>

    <p class='ocr_par' dir='ltr' id='par_1_9' title="bbox 179 1236 1125 1321">
     <span class='ocr_line' id='line_1_9' title="bbox 179 1236 1125 1321; baseline -0.002 -17"><span class='ocrx_word' id='word_1_64' title='bbox 179 1240 310 1306; x_wconf 79' lang='grc' dir='ltr'>πάντοσε</span> <span class='ocrx_word' id='word_1_65' title='bbox 324 1239 507 1312; x_wconf 80' lang='grc' dir='ltr'>δαιδάλλων,</span> <span class='ocrx_word' id='word_1_66' title='bbox 524 1241 593 1321; x_wconf 87' lang='grc' dir='ltr'>περὶ</span> <span class='ocrx_word' id='word_1_67' title='bbox 609 1236 635 1303; x_wconf 89' lang='grc' dir='ltr'>δ’</span> <span class='ocrx_word' id='word_1_68' title='bbox 651 1239 764 1321; x_wconf 81' lang='grc' dir='ltr'>ἄντυγα</span> <span class='ocrx_word' id='word_1_69' title='bbox 779 1238 882 1318; x_wconf 80' lang='grc' dir='ltr'>βάλλε</span> <span class='ocrx_word' id='word_1_70' title='bbox 897 1239 1027 1320; x_wconf 83' lang='grc' dir='ltr'>φαεινῆν</span> <span class='ocrx_word' id='word_1_71' title='bbox 1111 1261 1125 1308; x_wconf 72' lang='grc' dir='ltr'>,ῑ</span> 
     </span>
    </p>

    <p class='ocr_par' dir='ltr' id='par_1_10' title="bbox 179 1340 1124 1428">
     <span class='ocr_line' id='line_1_10' title="bbox 179 1340 1124 1428; baseline -0.004 -22"><span class='ocrx_word' id='word_1_72' title='bbox 179 1345 325 1425; x_wconf 78' lang='grc' dir='ltr'>τρίπλακα</span> <span class='ocrx_word' id='word_1_73' title='bbox 339 1341 520 1428; x_wconf 83' lang='grc' dir='ltr'>μαρμαρέην,</span> <span class='ocrx_word' id='word_1_74' title='bbox 538 1345 572 1405; x_wconf 80' lang='grc' dir='ltr'>ἐκ</span> <span class='ocrx_word' id='word_1_75' title='bbox 587 1340 613 1406; x_wconf 87' lang='grc' dir='ltr'>δ’</span> <span class='ocrx_word' id='word_1_76' title='bbox 628 1340 775 1424; x_wconf 74' lang='grc' dir='ltr'>ἀργύρεον</span> <span class='ocrx_word' id='word_1_77' title='bbox 788 1348 956 1422; x_wconf 80' lang='grc' dir='ltr'>τελαμῶνα.</span> <span class='ocrx_word' id='word_1_78' title='bbox 1073 1356 1124 1416; x_wconf 83' lang='lat'>480</span> 
     </span>
    </p>

    <p class='ocr_par' dir='ltr' id='par_1_11' title="bbox 178 1443 1122 1528">
     <span class='ocr_line' id='line_1_11' title="bbox 178 1443 1122 1528; baseline -0.002 -16"><span class='ocrx_word' id='word_1_79' title='bbox 178 1447 265 1512; x_wconf 84' lang='grc' dir='ltr'>πέντε</span> <span class='ocrx_word' id='word_1_80' title='bbox 281 1447 307 1511; x_wconf 80' lang='grc' dir='ltr'>δ’</span> <span class='ocrx_word' id='word_1_81' title='bbox 323 1445 369 1528; x_wconf 81' lang='grc' dir='ltr'>ἄρ’</span> <span class='ocrx_word' id='word_1_82' title='bbox 385 1447 480 1520; x_wconf 43' lang='grc' dir='ltr'>αὐτοῦῚ</span> <span class='ocrx_word' id='word_1_83' title='bbox 494 1448 571 1510; x_wconf 88' lang='grc' dir='ltr'>έσαν</span> <span class='ocrx_word' id='word_1_84' title='bbox 586 1445 696 1511; x_wconf 82' lang='grc' dir='ltr'>σάκεος</span> <span class='ocrx_word' id='word_1_85' title='bbox 712 1445 832 1528; x_wconf 86' lang='grc' dir='ltr'>πτύχες·</span> <span class='ocrx_word' id='word_1_86' title='bbox 857 1446 949 1527; x_wconf 79' lang='grc' dir='ltr'>αὐτὰρ</span> <span class='ocrx_word' id='word_1_87' title='bbox 966 1448 998 1509; x_wconf 84' lang='grc' dir='ltr'>ἑν</span> <span class='ocrx_word' id='word_1_88' title='bbox 1014 1443 1093 1528; x_wconf 76' lang='grc' dir='ltr'>αὐτῷ</span> <span class='ocrx_word' id='word_1_89' title='bbox 1118 1484 1122 1495; x_wconf 79' lang='lat'><em>·</em></span> 
     </span>
    </p>

    <p class='ocr_par' dir='ltr' id='par_1_12' title="bbox 179 1547 1128 1736">
     <span class='ocr_line' id='line_1_12' title="bbox 179 1547 1123 1635; baseline 0 -20"><span class='ocrx_word' id='word_1_90' title='bbox 179 1552 257 1615; x_wconf 89' lang='grc' dir='ltr'>ποίει</span> <span class='ocrx_word' id='word_1_91' title='bbox 272 1552 402 1615; x_wconf 79' lang='grc' dir='ltr'>δαίδαλα</span> <span class='ocrx_word' id='word_1_92' title='bbox 417 1553 521 1613; x_wconf 79' lang='grc' dir='ltr'>πολλὰ</span> <span class='ocrx_word' id='word_1_93' title='bbox 537 1551 650 1635; x_wconf 73' lang='grc' dir='ltr'>ἰδυίῃσι</span> <span class='ocrx_word' id='word_1_94' title='bbox 665 1551 875 1631; x_wconf 73' lang='grc' dir='ltr'>πραπίδεσσιν.</span> <span class='ocrx_word' id='word_1_95' title='bbox 911 1547 941 1623; x_wconf 21' lang='lat' dir='ltr'>&#39;A</span> <span class='ocrx_word' id='word_1_96' title='bbox 1008 1573 1029 1620; x_wconf 80' lang='grc'>,’</span> <span class='ocrx_word' id='word_1_97' title='bbox 1118 1589 1123 1599; x_wconf 86' lang='grc'><em>·</em></span> 
     </span>
     <span class='ocr_line' id='line_1_13' title="bbox 221 1651 1128 1736; baseline -0.001 -19"><span class='ocrx_word' id='word_1_98' title='bbox 221 1658 274 1719; x_wconf 83' lang='grc' dir='ltr'>Ἐν</span> <span class='ocrx_word' id='word_1_99' title='bbox 287 1656 344 1735; x_wconf 85' lang='grc' dir='ltr'>μὲν</span> <span class='ocrx_word' id='word_1_100' title='bbox 357 1659 448 1736; x_wconf 80' lang='grc' dir='ltr'>γαῖαν</span> <span class='ocrx_word' id='word_1_101' title='bbox 464 1651 568 1732; x_wconf 80' lang='grc' dir='ltr'>ἔτευξ’,</span> <span class='ocrx_word' id='word_1_102' title='bbox 582 1656 616 1718; x_wconf 82' lang='grc' dir='ltr'>έν</span> <span class='ocrx_word' id='word_1_103' title='bbox 632 1652 659 1716; x_wconf 87' lang='grc' dir='ltr'>δ’</span> <span class='ocrx_word' id='word_1_104' title='bbox 676 1653 817 1736; x_wconf 77' lang='grc' dir='ltr'>οὐρανόν,</span> <span class='ocrx_word' id='word_1_105' title='bbox 829 1656 862 1717; x_wconf 81' lang='grc' dir='ltr'>έν</span> <span class='ocrx_word' id='word_1_106' title='bbox 878 1655 911 1718; x_wconf 87' lang='grc' dir='ltr'>δὲ</span> <span class='ocrx_word' id='word_1_107' title='bbox 927 1651 1101 1727; x_wconf 76' lang='grc' dir='ltr'>θάλασσαν,</span> <span class='ocrx_word' id='word_1_108' title='bbox 1124 1717 1128 1723; x_wconf 81' lang='grc'>,</span> 
     </span>
    </p>

    <p class='ocr_par' dir='ltr' id='par_1_13' title="bbox 180 1754 1063 1838">
     <span class='ocr_line' id='line_1_14' title="bbox 180 1754 1063 1838; baseline 0 -17"><span class='ocrx_word' id='word_1_109' title='bbox 180 1754 494 1838; x_wconf 76' lang='grc' dir='ltr'>ῆέλιθν’τ’·άκάμαντα</span> <span class='ocrx_word' id='word_1_110' title='bbox 509 1755 643 1837; x_wconf 82' lang='grc' dir='ltr'>σελήνην</span> <span class='ocrx_word' id='word_1_111' title='bbox 657 1765 691 1821; x_wconf 84' lang='grc' dir='ltr'>τε</span> <span class='ocrx_word' id='word_1_112' title='bbox 706 1756 891 1837; x_wconf 85' lang='grc' dir='ltr'>πλήθουσαν,</span> <span class='ocrx_word' id='word_1_113' title='bbox 957 1773 960 1782; x_wconf 89' lang='grc'><strong>“</strong></span> <span class='ocrx_word' id='word_1_114' title='bbox 1059 1755 1063 1769; x_wconf 58' lang='lat'><strong>⁴</strong></span> 
     </span>
    </p>

    <p class='ocr_par' dir='ltr' id='par_1_14' title="bbox 180 1858 1123 1942">
     <span class='ocr_line' id='line_1_15' title="bbox 180 1858 1123 1942; baseline 0.005 -19"><span class='ocrx_word' id='word_1_115' title='bbox 180 1863 212 1923; x_wconf 84' lang='grc' dir='ltr'>ἑν</span> <span class='ocrx_word' id='word_1_116' title='bbox 226 1863 259 1926; x_wconf 86' lang='grc' dir='ltr'>δὲ</span> <span class='ocrx_word' id='word_1_117' title='bbox 275 1863 312 1924; x_wconf 84' lang='grc' dir='ltr'>τδ</span> <span class='ocrx_word' id='word_1_118' title='bbox 328 1861 427 1941; x_wconf 82' lang='grc' dir='ltr'>τείρεα</span> <span class='ocrx_word' id='word_1_119' title='bbox 442 1858 549 1932; x_wconf 90' lang='grc' dir='ltr'>πάντα,</span> <span class='ocrx_word' id='word_1_120' title='bbox 566 1859 603 1923; x_wconf 92' lang='grc' dir='ltr'>τά</span> <span class='ocrx_word' id='word_1_121' title='bbox 617 1859 645 1923; x_wconf 60' lang='grc' dir='ltr'>τ’</span> <span class='ocrx_word' id='word_1_122' title='bbox 661 1861 786 1942; x_wconf 77' lang='grc' dir='ltr'>οὐρανὸς</span> <span class='ocrx_word' id='word_1_123' title='bbox 802 1859 1020 1942; x_wconf 79' lang='grc' dir='ltr'>ἐστεφάνωται,</span> <span class='ocrx_word' id='word_1_124' title='bbox 1073 1874 1123 1935; x_wconf 80' lang='lat'>485</span> 
     </span>
    </p>

    <p class='ocr_par' dir='ltr' id='par_1_15' title="bbox 181 1961 1125 2045">
     <span class='ocr_line' id='line_1_16' title="bbox 181 1961 1125 2045; baseline 0.005 -19"><span class='ocrx_word' id='word_1_125' title='bbox 181 1962 381 2042; x_wconf 76' lang='grc' dir='ltr'>Πληϊάδαςθ</span> <span class='ocrx_word' id='word_1_126' title='bbox 395 1962 506 2030; x_wconf 73' lang='grc' dir='ltr'>Ὑάδας</span> <span class='ocrx_word' id='word_1_127' title='bbox 521 1989 555 2028; x_wconf 90' lang='grc' dir='ltr'>τε</span> <span class='ocrx_word' id='word_1_128' title='bbox 569 1961 603 2026; x_wconf 84' lang='grc' dir='ltr'>τά</span> <span class='ocrx_word' id='word_1_129' title='bbox 618 1988 652 2027; x_wconf 87' lang='grc' dir='ltr'>τε</span> <span class='ocrx_word' id='word_1_130' title='bbox 668 1963 776 2029; x_wconf 85' lang='grc' dir='ltr'>σθένος</span> <span class='ocrx_word' id='word_1_131' title='bbox 791 1961 938 2045; x_wconf 85' lang='grc' dir='ltr'>Ὠρίωνος</span> <span class='ocrx_word' id='word_1_132' title='bbox 1021 2009 1024 2016; x_wconf 43' lang='lat'><em>1</em></span> <span class='ocrx_word' id='word_1_133' title='bbox 1046 2009 1048 2014; x_wconf 69' lang='lat'>,</span> <span class='ocrx_word' id='word_1_134' title='bbox 1122 2011 1125 2016; x_wconf 88' lang='lat'>·</span> 
     </span>
    </p>

    <p class='ocr_par' dir='ltr' id='par_1_16' title="bbox 178 2065 1040 2150">
     <span class='ocr_line' id='line_1_17' title="bbox 178 2065 1040 2150; baseline 0.002 -19"><span class='ocrx_word' id='word_1_135' title='bbox 178 2066 304 2150; x_wconf 82' lang='grc' dir='ltr'>Ἀρκτον</span> <span class='ocrx_word' id='word_1_136' title='bbox 318 2065 355 2144; x_wconf 88' lang='grc' dir='ltr'>θ’,</span> <span class='ocrx_word' id='word_1_137' title='bbox 371 2065 473 2146; x_wconf 78' lang='grc' dir='ltr'>ἦνκαὶ</span> <span class='ocrx_word' id='word_1_138' title='bbox 489 2065 607 2146; x_wconf 83' lang='grc' dir='ltr'>ἄμαξαν</span> <span class='ocrx_word' id='word_1_139' title='bbox 623 2068 785 2145; x_wconf 89' lang='grc' dir='ltr'>ἑπίκλησιν</span> <span class='ocrx_word' id='word_1_140' title='bbox 801 2067 973 2140; x_wconf 89' lang='grc' dir='ltr'>καλέουσιν,</span> <span class='ocrx_word' id='word_1_141' title='bbox 1039 2119 1040 2124; x_wconf 34' lang='grc'>.</span> 
     </span>
    </p>

    <p class='ocr_par' dir='ltr' id='par_1_17' title="bbox 180 2169 1126 2254">
     <span class='ocr_line' id='line_1_18' title="bbox 180 2169 1126 2254; baseline 0.003 -20"><span class='ocrx_word' id='word_1_142' title='bbox 180 2173 199 2250; x_wconf 88' lang='grc' dir='ltr'>ἥ</span> <span class='ocrx_word' id='word_1_143' title='bbox 214 2171 240 2234; x_wconf 88' lang='grc' dir='ltr'>τ’</span> <span class='ocrx_word' id='word_1_144' title='bbox 255 2171 345 2234; x_wconf 83' lang='grc' dir='ltr'>αιἰτοΰ</span> <span class='ocrx_word' id='word_1_145' title='bbox 360 2169 524 2252; x_wconf 77' lang='grc' dir='ltr'>στρέφεται</span> <span class='ocrx_word' id='word_1_146' title='bbox 540 2172 591 2234; x_wconf 92' lang='grc' dir='ltr'>καί</span> <span class='ocrx_word' id='word_1_147' title='bbox 605 2171 630 2233; x_wconf 77' lang='grc' dir='ltr'>τ’</span> <span class='ocrx_word' id='word_1_148' title='bbox 645 2169 781 2254; x_wconf 84' lang='grc' dir='ltr'>Ὠρίωνα</span> <span class='ocrx_word' id='word_1_149' title='bbox 795 2171 919 2248; x_wconf 89' lang='grc' dir='ltr'>δοκεύει,</span> <span class='ocrx_word' id='word_1_150' title='bbox 993 2223 997 2227; x_wconf 88' lang='grc'>-</span> <span class='ocrx_word' id='word_1_151' title='bbox 1100 2213 1104 2222; x_wconf 86' lang='lat'><em>-</em></span> <span class='ocrx_word' id='word_1_152' title='bbox 1122 2213 1126 2221; x_wconf 88' lang='lat'><em>.</em></span> 
     </span>
    </p>

    <p class='ocr_par' dir='ltr' id='par_1_18' title="bbox 181 2271 1127 2461">
     <span class='ocr_line' id='line_1_19' title="bbox 181 2271 1034 2356; baseline 0.001 -18"><span class='ocrx_word' id='word_1_153' title='bbox 181 2277 227 2354; x_wconf 81' lang='grc' dir='ltr'>οἵη</span> <span class='ocrx_word' id='word_1_154' title='bbox 244 2273 271 2338; x_wconf 93' lang='grc' dir='ltr'>δ’</span> <span class='ocrx_word' id='word_1_155' title='bbox 287 2272 419 2356; x_wconf 86' lang='grc' dir='ltr'>άμμοράς</span> <span class='ocrx_word' id='word_1_156' title='bbox 434 2275 500 2352; x_wconf 82' lang='grc' dir='ltr'>ἑστι</span> <span class='ocrx_word' id='word_1_157' title='bbox 516 2280 650 2356; x_wconf 82' lang='grc' dir='ltr'>λοετρῶν</span> <span class='ocrx_word' id='word_1_158' title='bbox 666 2271 860 2350; x_wconf 77' lang='grc' dir='ltr'>Ὠκεανοῖο.Ι</span> <span class='ocrx_word' id='word_1_159' title='bbox 968 2347 971 2350; x_wconf 47' lang='grc'>,</span> <span class='ocrx_word' id='word_1_160' title='bbox 1031 2321 1034 2328; x_wconf 70' lang='grc'><strong><em>»</em></strong></span> 
     </span>
     <span class='ocr_line' id='line_1_20' title="bbox 224 2374 1127 2461; baseline 0.004 -22"><span class='ocrx_word' id='word_1_161' title='bbox 224 2374 277 2441; x_wconf 89' lang='grc' dir='ltr'>Ἐν</span> <span class='ocrx_word' id='word_1_162' title='bbox 291 2380 324 2441; x_wconf 90' lang='grc' dir='ltr'>δὲ</span> <span class='ocrx_word' id='word_1_163' title='bbox 340 2377 398 2441; x_wconf 89' lang='grc' dir='ltr'>δύω</span> <span class='ocrx_word' id='word_1_164' title='bbox 414 2379 525 2458; x_wconf 89' lang='grc' dir='ltr'>ποίησε</span> <span class='ocrx_word' id='word_1_165' title='bbox 542 2375 646 2444; x_wconf 90' lang='grc' dir='ltr'>πόλεις</span> <span class='ocrx_word' id='word_1_166' title='bbox 662 2377 802 2460; x_wconf 82' lang='grc' dir='ltr'>μερόπων</span> <span class='ocrx_word' id='word_1_167' title='bbox 816 2381 981 2461; x_wconf 76' lang='grc' dir='ltr'>ἀνθρώπων</span> <span class='ocrx_word' id='word_1_168' title='bbox 1075 2405 1127 2456; x_wconf 79' lang='lat'>490</span> 
     </span>
    </p>

    <p class='ocr_par' dir='ltr' id='par_1_19' title="bbox 183 2477 993 2568">
     <span class='ocr_line' id='line_1_21' title="bbox 183 2477 993 2568; baseline 0.005 -26"><span class='ocrx_word' id='word_1_169' title='bbox 183 2479 284 2546; x_wconf 88' lang='grc' dir='ltr'>καλάς.</span> <span class='ocrx_word' id='word_1_170' title='bbox 318 2482 352 2553; x_wconf 86' lang='grc' dir='ltr'>ἑν</span> <span class='ocrx_word' id='word_1_171' title='bbox 366 2483 402 2568; x_wconf 79' lang='grc' dir='ltr'>τῇ</span> <span class='ocrx_word' id='word_1_172' title='bbox 417 2479 473 2561; x_wconf 91' lang='grc' dir='ltr'>μέν</span> <span class='ocrx_word' id='word_1_173' title='bbox 487 2482 525 2563; x_wconf 84' lang='grc' dir='ltr'>ῥα</span> <span class='ocrx_word' id='word_1_174' title='bbox 534 2477 632 2563; x_wconf 90' lang='grc' dir='ltr'>,γάμοι</span> <span class='ocrx_word' id='word_1_175' title='bbox 647 2481 674 2545; x_wconf 90' lang='grc' dir='ltr'>τ’</span> <span class='ocrx_word' id='word_1_176' title='bbox 691 2484 767 2548; x_wconf 78' lang='grc' dir='ltr'>ἔσαν</span> <span class='ocrx_word' id='word_1_177' title='bbox 783 2484 937 2547; x_wconf 74' lang='grc' dir='ltr'>εἰλαπίναι</span> <span class='ocrx_word' id='word_1_178' title='bbox 951 2507 993 2554; x_wconf 91' lang='grc' dir='ltr'>τε,</span> 
     </span>
    </p>

    <p class='ocr_par' dir='ltr' id='par_1_20' title="bbox 182 2583 985 2666">
     <span class='ocr_line' id='line_1_22' title="bbox 182 2583 985 2666; baseline 0.004 -19"><span class='ocrx_word' id='word_1_179' title='bbox 182 2584 298 2665; x_wconf 84' lang='grc' dir='ltr'>νύμφας</span> <span class='ocrx_word' id='word_1_180' title='bbox 313 2583 339 2646; x_wconf 89' lang='grc' dir='ltr'>δ’</span> <span class='ocrx_word' id='word_1_181' title='bbox 351 2585 388 2648; x_wconf 49' lang='grc' dir='ltr'>«ἑκ</span> <span class='ocrx_word' id='word_1_182' title='bbox 405 2583 550 2663; x_wconf 86' lang='grc' dir='ltr'>θαλάμων</span> <span class='ocrx_word' id='word_1_183' title='bbox 566 2583 677 2649; x_wconf 81' lang='grc' dir='ltr'>δαίδων</span> <span class='ocrx_word' id='word_1_184' title='bbox 691 2588 749 2650; x_wconf 83' lang='grc' dir='ltr'>θπο</span> <span class='ocrx_word' id='word_1_185' title='bbox 764 2583 985 2666; x_wconf 81' lang='grc' dir='ltr'>λαμπομενάων</span> 
     </span>
    </p>

    <p class='ocr_par' dir='ltr' id='par_1_21' title="bbox 181 2685 1036 2771">
     <span class='ocr_line' id='line_1_23' title="bbox 181 2685 1036 2771; baseline 0.004 -21"><span class='ocrx_word' id='word_1_186' title='bbox 181 2687 303 2769; x_wconf 81' lang='grc' dir='ltr'>ἠγίνεον</span> <span class='ocrx_word' id='word_1_187' title='bbox 317 2686 375 2751; x_wconf 78' lang='grc' dir='ltr'>άυᾶ</span> <span class='ocrx_word' id='word_1_188' title='bbox 390 2687 476 2760; x_wconf 87' lang='grc' dir='ltr'>άστυ,</span> <span class='ocrx_word' id='word_1_189' title='bbox 493 2685 589 2753; x_wconf 80' lang='grc' dir='ltr'>πολὺς</span> <span class='ocrx_word' id='word_1_190' title='bbox 605 2689 630 2752; x_wconf 93' lang='grc' dir='ltr'>δ’</span> <span class='ocrx_word' id='word_1_191' title='bbox 645 2688 784 2770; x_wconf 84' lang='grc' dir='ltr'>ὑμέναιος</span> <span class='ocrx_word' id='word_1_192' title='bbox 799 2690 914 2771; x_wconf 80' lang='grc' dir='ltr'>ὀρώρει·</span> <span class='ocrx_word' id='word_1_193' title='bbox 1021 2711 1036 2719; x_wconf 88' lang='grc'>··</span> 
     </span>
    </p>

    <p class='ocr_par' dir='ltr' id='par_1_22' title="bbox 183 2789 1040 2874">
     <span class='ocr_line' id='line_1_24' title="bbox 183 2789 1040 2874; baseline 0.005 -21"><span class='ocrx_word' id='word_1_194' title='bbox 183 2795 282 2872; x_wconf 80' lang='grc' dir='ltr'>κοῦροι</span> <span class='ocrx_word' id='word_1_195' title='bbox 297 2789 323 2855; x_wconf 87' lang='grc' dir='ltr'>δ’</span> <span class='ocrx_word' id='word_1_196' title='bbox 339 2792 525 2873; x_wconf 80' lang='grc' dir='ltr'>ὀρχηστῆρες</span> <span class='ocrx_word' id='word_1_197' title='bbox 542 2793 666 2869; x_wconf 81' lang='grc' dir='ltr'>ἐδίνεον,</span> <span class='ocrx_word' id='word_1_198' title='bbox 683 2794 716 2856; x_wconf 82' lang='grc' dir='ltr'>ἑν</span> <span class='ocrx_word' id='word_1_199' title='bbox 730 2793 756 2856; x_wconf 85' lang='grc' dir='ltr'>δ’</span> <span class='ocrx_word' id='word_1_200' title='bbox 773 2794 830 2874; x_wconf 79' lang='grc' dir='ltr'>ἄρα</span> <span class='ocrx_word' id='word_1_201' title='bbox 845 2798 944 2857; x_wconf 85' lang='grc' dir='ltr'>τοῖσιν</span> <span class='ocrx_word' id='word_1_202' title='bbox 1038 2791 1040 2796; x_wconf 63' lang='grc'><strong>’</strong></span> 
     </span>
    </p>

    <p class='ocr_par' dir='ltr' id='par_1_23' title="bbox 183 2892 1126 2980">
     <span class='ocr_line' id='line_1_25' title="bbox 183 2892 1126 2980; baseline 0.008 -25"><span class='ocrx_word' id='word_1_203' title='bbox 183 2892 269 2958; x_wconf 83' lang='grc' dir='ltr'>αθλοὶ</span> <span class='ocrx_word' id='word_1_204' title='bbox 285 2892 456 2977; x_wconf 85' lang='grc' dir='ltr'>φόρμιγγές</span> <span class='ocrx_word' id='word_1_205' title='bbox 467 2921 499 2960; x_wconf 92' lang='grc' dir='ltr'>τε</span> <span class='ocrx_word' id='word_1_206' title='bbox 514 2899 595 2978; x_wconf 80' lang='grc' dir='ltr'>βοὴν</span> <span class='ocrx_word' id='word_1_207' title='bbox 611 2898 698 2980; x_wconf 59' lang='grc' dir='ltr'>ἑχονῖ</span> <span class='ocrx_word' id='word_1_208' title='bbox 718 2899 749 2960; x_wconf 79' lang='grc' dir='ltr'>αί</span> <span class='ocrx_word' id='word_1_209' title='bbox 764 2900 798 2962; x_wconf 86' lang='grc' dir='ltr'>δὲ</span> <span class='ocrx_word' id='word_1_210' title='bbox 812 2901 951 2979; x_wconf 81' lang='grc' dir='ltr'>γυναῖκες</span> <span class='ocrx_word' id='word_1_211' title='bbox 980 2947 983 2953; x_wconf 82' lang='lat'><em>-</em></span> <span class='ocrx_word' id='word_1_212' title='bbox 1005 2923 1013 2951; x_wconf 66' lang='lat'>-&#39;</span> <span class='ocrx_word' id='word_1_213' title='bbox 1077 2921 1126 2973; x_wconf 84' lang='lat'>495</span> 
     </span>
    </p>

    <p class='ocr_par' dir='ltr' id='par_1_24' title="bbox 184 2996 919 3083">
     <span class='ocr_line' id='line_1_26' title="bbox 184 2996 919 3083; baseline 0.005 -23"><span class='ocrx_word' id='word_1_214' title='bbox 184 2996 342 3077; x_wconf 81' lang='grc' dir='ltr'>ἱστάμεναι</span> <span class='ocrx_word' id='word_1_215' title='bbox 357 2997 507 3078; x_wconf 78' lang='grc' dir='ltr'>θαύμαζον</span> <span class='ocrx_word' id='word_1_216' title='bbox 523 2999 574 3066; x_wconf 82' lang='grc' dir='ltr'>ἑπὲ</span> <span class='ocrx_word' id='word_1_217' title='bbox 588 3001 782 3083; x_wconf 73' lang='grc' dir='ltr'>προθύροισιν</span> <span class='ocrx_word' id='word_1_218' title='bbox 798 2999 919 3081; x_wconf 87' lang='grc' dir='ltr'>ἑκάστη.</span> 
     </span>
    </p>

    <p class='ocr_par' dir='ltr' id='par_1_25' title="bbox 182 3100 939 3190">
     <span class='ocr_line' id='line_1_27' title="bbox 182 3100 939 3190; baseline 0.011 -28"><span class='ocrx_word' id='word_1_219' title='bbox 182 3101 252 3164; x_wconf 86' lang='grc' dir='ltr'>λαοὶ</span> <span class='ocrx_word' id='word_1_220' title='bbox 267 3100 292 3166; x_wconf 93' lang='grc' dir='ltr'>δ’</span> <span class='ocrx_word' id='word_1_221' title='bbox 306 3104 352 3166; x_wconf 82' lang='grc' dir='ltr'>εῖν</span> <span class='ocrx_word' id='word_1_222' title='bbox 366 3103 460 3190; x_wconf 79' lang='grc' dir='ltr'>άγορῇ</span> <span class='ocrx_word' id='word_1_223' title='bbox 477 3104 553 3169; x_wconf 80' lang='grc' dir='ltr'>ἔσαν</span> <span class='ocrx_word' id='word_1_224' title='bbox 566 3103 680 3187; x_wconf 85' lang='grc' dir='ltr'>άθράοι·</span> <span class='ocrx_word' id='word_1_225' title='bbox 705 3106 826 3172; x_wconf 84' lang='grc' dir='ltr'>ἔνθαδὲ</span> <span class='ocrx_word' id='word_1_226' title='bbox 841 3109 939 3170; x_wconf 81' lang='grc' dir='ltr'>νεῖκος</span> 
     </span>
    </p>

    <p class='ocr_par' dir='ltr' id='par_1_26' title="bbox 183 3202 918 3289">
     <span class='ocr_line' id='line_1_28' title="bbox 183 3202 918 3289; baseline 0.011 -23"><span class='ocrx_word' id='word_1_227' title='bbox 183 3202 304 3286; x_wconf 81' lang='grc' dir='ltr'>ὠρώρει,</span> <span class='ocrx_word' id='word_1_228' title='bbox 320 3205 372 3270; x_wconf 91' lang='grc' dir='ltr'>δύο</span> <span class='ocrx_word' id='word_1_229' title='bbox 389 3207 415 3272; x_wconf 91' lang='grc' dir='ltr'>δ’</span> <span class='ocrx_word' id='word_1_230' title='bbox 430 3208 535 3289; x_wconf 88' lang='grc' dir='ltr'>άυδρες</span> <span class='ocrx_word' id='word_1_231' title='bbox 552 3211 684 3274; x_wconf 87' lang='grc' dir='ltr'>ἑνείκεον</span> <span class='ocrx_word' id='word_1_232' title='bbox 698 3212 797 3274; x_wconf 80' lang='grc' dir='ltr'>εἵνεκα</span> <span class='ocrx_word' id='word_1_233' title='bbox 812 3212 918 3287; x_wconf 84' lang='grc' dir='ltr'>ποινῆς</span> 
     </span>
    </p>

    <p class='ocr_par' dir='ltr' id='par_1_27' title="bbox 183 3307 1036 3396">
     <span class='ocr_line' id='line_1_29' title="bbox 183 3307 1036 3396; baseline 0.008 -27"><span class='ocrx_word' id='word_1_234' title='bbox 183 3307 290 3390; x_wconf 83' lang='grc' dir='ltr'>άνδρδς</span> <span class='ocrx_word' id='word_1_235' title='bbox 304 3310 524 3393; x_wconf 89' lang='grc' dir='ltr'>α’ποφθιμένου·</span> <span class='ocrx_word' id='word_1_236' title='bbox 547 3315 634 3393; x_wconf 84' lang='grc' dir='ltr'>δμὲν</span> <span class='ocrx_word' id='word_1_237' title='bbox 650 3313 755 3396; x_wconf 84' lang='grc' dir='ltr'>εύχεπο</span> <span class='ocrx_word' id='word_1_238' title='bbox 770 3310 856 3378; x_wconf 84' lang='grc' dir='ltr'>πάντ’</span> <span class='ocrx_word' id='word_1_239' title='bbox 872 3310 1036 3392; x_wconf 80' lang='grc' dir='ltr'>άποδοῆνοι</span> 
     </span>
    </p>

    <p class='ocr_par' dir='ltr' id='par_1_28' title="bbox 183 3409 1130 3497">
     <span class='ocr_line' id='line_1_30' title="bbox 183 3409 1130 3497; baseline 0.003 -20"><span class='ocrx_word' id='word_1_240' title='bbox 183 3409 265 3497; x_wconf 76' lang='grc' dir='ltr'>δήμῳ</span> <span class='ocrx_word' id='word_1_241' title='bbox 282 3414 471 3494; x_wconf 89' lang='grc' dir='ltr'>πιφαύσκων,</span> <span class='ocrx_word' id='word_1_242' title='bbox 488 3417 505 3478; x_wconf 86' lang='grc' dir='ltr'>δ</span> <span class='ocrx_word' id='word_1_243' title='bbox 520 3414 546 3480; x_wconf 94' lang='grc' dir='ltr'>δ’</span> <span class='ocrx_word' id='word_1_244' title='bbox 561 3414 702 3481; x_wconf 80' lang='grc' dir='ltr'>ἀναίνετο</span> <span class='ocrx_word' id='word_1_245' title='bbox 718 3419 812 3495; x_wconf 89' lang='grc' dir='ltr'>μηδὲν</span> <span class='ocrx_word' id='word_1_246' title='bbox 827 3413 967 3491; x_wconf 63' lang='grc' dir='ltr'>ἑλέσθαιυ,</span> <span class='ocrx_word' id='word_1_247' title='bbox 1078 3443 1130 3493; x_wconf 70' lang='grc' dir='ltr'>5ου</span> 
     </span>
    </p>

    <p class='ocr_par' dir='ltr' id='par_1_29' title="bbox 183 3498 962 3601">
     <span class='ocr_line' id='line_1_31' title="bbox 183 3498 962 3601; baseline 0.005 -21"><span class='ocrx_word' id='word_1_248' title='bbox 183 3514 274 3597; x_wconf 75' lang='grc' dir='ltr'>ἄμφω</span> <span class='ocrx_word' id='word_1_249' title='bbox 290 3516 315 3580; x_wconf 86' lang='grc' dir='ltr'>δ’</span> <span class='ocrx_word' id='word_1_250' title='bbox 333 3515 440 3598; x_wconf 73' lang='grc' dir='ltr'>ἱέσθην</span> <span class='ocrx_word' id='word_1_251' title='bbox 455 3516 504 3583; x_wconf 79' lang='grc' dir='ltr'>ἐπὶ</span> <span class='ocrx_word' id='word_1_252' title='bbox 518 3521 619 3601; x_wconf 88' lang='grc' dir='ltr'>ίστορι</span> <span class='ocrx_word' id='word_1_253' title='bbox 638 3519 745 3600; x_wconf 77' lang='grc' dir='ltr'>πεῖραρ</span> <span class='ocrx_word' id='word_1_254' title='bbox 761 3517 897 3594; x_wconf 81' lang='grc' dir='ltr'>ἑλέσθαι.</span> <span class='ocrx_word' id='word_1_255' title='bbox 957 3498 962 3514; x_wconf 43' lang='lat'><em>¹</em></span> 
     </span>
    </p>

    <p class='ocr_par' dir='ltr' id='par_1_30' title="bbox 182 3617 935 3706">
     <span class='ocr_line' id='line_1_32' title="bbox 182 3617 935 3706; baseline 0.012 -27"><span class='ocrx_word' id='word_1_256' title='bbox 182 3617 254 3684; x_wconf 79' lang='grc' dir='ltr'>λαοὶ</span> <span class='ocrx_word' id='word_1_257' title='bbox 269 3618 297 3684; x_wconf 81' lang='grc' dir='ltr'>δ’</span> <span class='ocrx_word' id='word_1_258' title='bbox 312 3617 533 3701; x_wconf 76' lang='grc' dir='ltr'>ἀμφοτέροισιν</span> <span class='ocrx_word' id='word_1_259' title='bbox 548 3620 690 3701; x_wconf 88' lang='grc' dir='ltr'>ἑπῆπυου,</span> <span class='ocrx_word' id='word_1_260' title='bbox 706 3621 802 3703; x_wconf 80' lang='grc' dir='ltr'>ἀμφὶς</span> <span class='ocrx_word' id='word_1_261' title='bbox 816 3624 935 3706; x_wconf 88' lang='grc' dir='ltr'>άρωγοί·</span> 
     </span>
    </p>

    <p class='ocr_par' dir='ltr' id='par_1_31' title="bbox 185 3720 928 3808">
     <span class='ocr_line' id='line_1_33' title="bbox 185 3720 928 3808; baseline 0.012 -24"><span class='ocrx_word' id='word_1_262' title='bbox 185 3720 315 3804; x_wconf 83' lang='grc' dir='ltr'>κήρυκες</span> <span class='ocrx_word' id='word_1_263' title='bbox 324 3726 350 3787; x_wconf 86' lang='grc' dir='ltr'>δ’</span> <span class='ocrx_word' id='word_1_264' title='bbox 365 3723 423 3805; x_wconf 90' lang='grc' dir='ltr'>άρα</span> <span class='ocrx_word' id='word_1_265' title='bbox 437 3724 514 3789; x_wconf 89' lang='grc' dir='ltr'>λαδν</span> <span class='ocrx_word' id='word_1_266' title='bbox 528 3723 660 3806; x_wconf 86' lang='grc' dir='ltr'>ἑρῆτυον·</span> <span class='ocrx_word' id='word_1_267' title='bbox 684 3727 713 3789; x_wconf 76' lang='grc' dir='ltr'>οἱ</span> <span class='ocrx_word' id='word_1_268' title='bbox 728 3727 761 3790; x_wconf 89' lang='grc' dir='ltr'>δὲ</span> <span class='ocrx_word' id='word_1_269' title='bbox 775 3723 913 3808; x_wconf 86' lang='grc' dir='ltr'>γέροντες</span> <span class='ocrx_word' id='word_1_270' title='bbox 925 3779 928 3784; x_wconf 68' lang='lat'>,</span> 
     </span>
    </p>
   </div>
   <div class='ocr_carea' id='block_1_3' title="bbox 0 0 1436 4296">
    <p class='ocr_par' dir='ltr' id='par_1_32' title="bbox 0 0 1436 4296">
     <span class='ocr_line' id='line_1_34' title="bbox 0 0 1436 4296; baseline 0 0"><span class='ocrx_word' id='word_1_271' title='bbox 0 0 1436 4296; x_wconf 95' lang='lat' dir='ltr'> </span> 
     </span>
    </p>
   </div>
  </div>
 </body>
</html>
