2758 4228
540 326 606 385 ΕΙΣ
631 326 787 384 EPMHN.

190 493 288 559 ἐνθάδ’
305 491 506 576 ἀγειρομένων
522 491 571 557 καὶ
586 495 661 574 ἐμὴν
677 494 741 559 ἰθύν
756 519 789 559 τε
803 493 938 572 μάλιστα

189 701 224 780 ἠέ
237 727 265 764 τι
281 699 405 780 τηΰσιον
421 702 494 768 έπος
512 701 646 778 ἔσσεται,
661 701 698 782 ήέ
711 727 741 766 τι
755 704 853 785 ἔργον,
1086 731 1136 782 54⁰

189 805 278 885 ὕβρις
292 803 330 881 θ’,
345 803 364 882 ἦ
381 804 466 885 θέμις
481 803 547 868 ἐστὶ
563 811 754 884 καταθνητῶν
767 805 941 886 ἀνθρώπων,

188 908 280 970 ἄλλοι
296 907 390 972 ἔπειθ’
406 912 475 990 ύμῖν
492 910 677 991 σημάντορες
690 909 795 991 ἀνδρες
811 913 943 987 ἔσονται,

189 1017 249 1074 τῶν
262 1010 312 1075 ὑπ’
327 1013 475 1100 ἀναγκαίῃ
490 1013 671 1092 δεδμήσεσθ’
686 1013 786 1093 ἤματα
800 1013 908 1078 πάντα.
1061 1025 1137 1092 [3⁶⁵]

189 1116 305 1196 εἴρηταί
316 1141 364 1180 τοι
378 1115 486 1192 πάντα,
501 1117 540 1180 οδ
555 1119 588 1181 δὲ
603 1115 696 1199 φρεσὶ
711 1120 787 1204 οῆσι
803 1115 946 1198 φύλαξαι.

234 1220 292 1282 Καὶ
307 1219 346 1282 σὺ
360 1222 417 1300 μὲν
432 1223 509 1286 οὕτω
526 1226 623 1304 χαῖρε,
641 1228 715 1287 Διὸς
730 1219 779 1286 καὶ
794 1225 910 1301 Λητοῦς
925 1222 986 1287 υἱέ·
1086 1250 1135 1300 54⁵

189 1321 280 1403 αύτάρ
296 1323 354 1404 ἐγὼ
371 1325 420 1388 καὶ
436 1328 502 1388 σεῖο
520 1326 569 1389 καὶ
585 1325 684 1404 ἀλλης
697 1324 827 1405 μνήσομ’
843 1326 953 1404 ἀοιδῆς.

628 1838 693 1912 Ν.

540 2031 602 2110 Eis
627 2027 775 2130 Ἑρμῆν.

231 2198 344 2281 Ἑρμῆν
358 2201 451 2280 ύμνει,
468 2205 587 2279 Μοῦσα,
604 2207 677 2268 Διδς
693 2204 742 2266 καὶ
757 2205 896 2270 Μαιάδος
909 2207 985 2281 υἱόν,

189 2303 348 2382 Κυλλήνης
363 2303 509 2384 μεδέοντα
524 2302 573 2368 καὶ
587 2304 746 2388 Ἀρκαδίης
761 2308 950 2390 πολυμήλου,

188 2407 321 2489 ἄγγελον
337 2407 493 2473 ἀθανάτων
509 2409 664 2491 ἐριούνιον,
681 2409 715 2474 δν
730 2412 798 2476 τέκε
813 2415 909 2490 Μαῖα,

188 2511 289 2592 νύμφη
305 2513 503 2591 ἐϋπλόκαμος,
521 2519 596 2579 Διὸς
611 2514 644 2577 ἐν
658 2515 801 2595 φιλότητι
816 2520 951 2597 μιγεῖσα,

188 2615 296 2692 αἰδοίη·
318 2616 459 2696 μακάρων
474 2619 506 2680 δέ
522 2621 599 2680 θεῶν
614 2617 735 2695 ἠλεύαθ’
752 2619 869 2697 ὅμιλον,
1120 2649 1133 2698 5

187 2717 295 2798 ἀιτρον
309 2719 370 2782 ἔσω
387 2721 513 2783 ναίουσα
528 2721 700 2797 παλίσκιον,
715 2721 788 2784 ἔνθα
804 2723 939 2802 Κρονίων

188 2823 288 2908 νύμφη
304 2822 484 2907 ἐΰπλοκάμιρ
499 2823 682 2906 μισγέσκετο
698 2831 803 2891 νυκτδς
817 2826 952 2912 ἀμολγῷ,

187 2926 268 3006 ὄφρα
284 2925 357 2989 κατὰ
374 2925 483 3008 γλυκύς
498 2929 589 2993 ὕπνος
604 2927 670 3010 ἔχοι
685 2930 874 2994 λευκώλενον
884 2929 994 3011 Ἥρην,

186 3027 290 3106 λήθων
304 3028 471 3095 ἀθανάτους
486 3055 517 3094 τε
533 3030 619 3097 θεοὺς
634 3033 759 3110 θνητούς
778 3033 804 3096 τ’
819 3034 1003 3114 ἀνθρώπους.

187 3128 258 3192 ἀλλ’
272 3133 323 3196 ὅτε
338 3133 374 3213 δι’]
389 3131 536 3216 μεγάλοιο
553 3135 628 3200 Διδς
644 3136 711 3201 νόος
727 3134 903 3214 ἐξετελεῖτο,
1103 3168 1135 3204 ιο

186 3234 223 3322 τῇ
238 3232 263 3298 δ’
279 3235 335 3315 ἤδη
351 3237 474 3304 δέκατος
488 3240 554 3317 μεὶς
569 3241 682 3325 οὐρανῷ
700 3239 866 3321 ἐστήρικτο,

186 3339 229 3403 είς
244 3364 278 3403 τε
292 3341 375 3420 φόως
390 3341 512 3423 ἄγαγεν,
529 3342 660 3423 ἀρίσημά
675 3369 708 3408 τε
723 3344 796 3426 ἔργα
811 3345 942 3409 τέτυκτο·

187 3440 235 3504 καὶ
255 3443 316 3505 τότ’
333 3445 470 3525 ἐγείνατο
486 3450 579 3509 παῖδα
594 3447 792 3525 πολύτροπον,
808 3449 1023 3531 αἱμυλομήτην,

186 3545 335 3628 ληϊστῆρ’,
350 3547 480 3630 ἐλατῆρα
493 3555 589 3630 βοῶν,
603 3548 724 3632 ἡγήτορ’
738 3552 872 3632 ὀνείρων,

220 3729 269 3781 539
294 3718 420 3767 lacunam
431 3728 489 3783 post
501 3720 567 3768 hunc
578 3737 674 3770 versum
686 3721 826 3772 statuimus.
