2874 4234
276 315 341 396 ⁶50
590 329 623 395 9·
647 316 881 377 οιτυυτικυ
905 317 929 375 1.

276 483 296 564 ἥ
312 511 369 549 που
385 481 433 548 ἐπ’
449 487 594 570 ἐσχατιῆς
609 486 628 566 ή
644 487 693 550 καὶ
708 485 829 567 σχεδόν,
847 485 928 564 ὄφρα
942 482 1060 547 δαείω.”
1098 489 1100 496 ’
1178 496 1226 546 280

313 587 377 654 Ὣς
392 589 473 669 φάτο
488 589 643 671 πειράζων,
661 591 713 670 ἐμὲ
729 587 755 652 δ’
772 589 806 652 οῦ
821 587 914 650 λάθεν
930 587 1032 651 είδότα
1046 585 1159 664 πολλά,

278 691 360 755 ἀλλά
373 719 425 772 μιν
440 694 577 776 άψορρον
592 693 751 774 προσέφην
766 694 880 758 δολίοις
895 691 1031 756 ἐπέεσσι·

320 799 413 862 “Νέα
427 798 483 878 μέν
496 823 547 879 μοι
563 795 688 876 κατέαξε
703 796 882 860 Ποσειδάων
898 796 1076 879 ἐνοσίχθων,

277 899 351 981 πρὸς
368 900 495 988 πέτρῃσι
510 903 619 982 βαλὼν
633 903 707 980 ῦμῆς
723 898 772 964 ἐπὶ
787 901 910 980 πείρασι
924 901 1020 981 γαίης,

275 1004 350 1090 άκρη
366 1005 593 1086 προσπελάσας·
615 1003 729 1083 άνεμος
739 1002 764 1066 δ’
782 1005 814 1066 ἐκ
829 1007 940 1067 πόντου
956 1002 1080 1066 ένεικευ·
1177 1015 1224 1078 2⁸5

276 1107 367 1189 αὐτὰρ
383 1111 442 1191 ἐγὼ
460 1110 516 1172 σὺν
533 1114 634 1172 τοῖσδε
648 1105 824 1188 ὑπέκφυγον
839 1105 929 1171 αίπῦν
945 1103 1099 1187 όλεθρον.”

312 1211 376 1278 Ὣς
391 1211 517 1293 έφάμηυ,
535 1214 550 1276 ό
566 1211 600 1275 δέ
614 1210 644 1291 μ’
661 1211 746 1274 οὐδὲν
761 1211 905 1290 ἀμείβετο
921 1209 1008 1288 νηλέϊ
1023 1209 1112 1294 θυμῷ,

275 1316 345 1378 ἀλλ’
362 1317 379 1378 ό
393 1316 421 1397 γ’
438 1315 562 1395 ἀνοίξας
578 1314 693 1395 ἑτάροις
710 1315 759 1378 ἐπὶ
775 1318 879 1397 χεῖρας
893 1314 992 1388 ίαλλε,

276 1419 332 1482 σὺν
347 1422 380 1483 δὲ
395 1420 454 1483 δόω
469 1418 592 1502 μάρψας
608 1420 649 1485 ὥς
665 1443 698 1482 τε
714 1419 866 1484 σκύλακας
880 1414 951 1481 ποτὶ
965 1417 1036 1504 γαίη

276 1522 369 1585 κόπτ’·
400 1525 432 1585 ἐκ
449 1523 474 1586 δ’
490 1524 659 1604 ἐγκέφαλος
675 1520 804 1605 χαμάδις
818 1521 878 1604 ῥέε,
894 1524 959 1584 δεῦε
975 1523 1007 1584 δὲ
1022 1525 1121 1601 γαῖαν.
1176 1545 1224 1596 τρο

275 1624 344 1690 τοὺς
359 1629 392 1688 δὲ
407 1624 457 1689 διδ
471 1626 611 1705 μελεϊστὶ
626 1626 726 1705 ταμὼν
743 1624 920 1688 ὡπλίσσατο
936 1626 1057 1704 δόρπου·

275 1726 363 1805 ἤσθιε
380 1728 405 1791 δ’
421 1729 461 1795 ὥς
477 1753 510 1793 τε
526 1728 606 1792 λέων
622 1728 826 1809 ὀρεσίτροφος,
843 1727 904 1790 οὐδ’
921 1728 1094 1804 ἀπέλειπεν,

275 1831 387 1913 ἔγκατά
402 1857 434 1896 τε
450 1834 565 1914 σάρκας
579 1857 613 1895 τε
629 1833 678 1895 καὶ
694 1831 786 1894 ὀστέα
800 1831 977 1910 μυελόεντα.

273 1933 359 2015 ἡμεῖς
375 1936 407 1999 δὲ
423 1937 580 2001 κλαίοντες
594 1937 799 2016 ἀνεσχέθομεν
815 1936 867 1997 Διὶ
883 1938 996 2017 χεῖρας,
1184 2015 1188 2024 ἱ

275 2039 404 2120 σχέτλια
419 2040 481 2122 ἔργ’
497 2042 652 2121 ὁρόωντες·
675 2039 825 2121 ἀμηχανίη
842 2038 867 2101 δ’
884 2037 937 2121 έχε
953 2037 1054 2118 θυμόν.
1173 2063 1221 2116 ²95

274 2142 367 2224 αὐτὰρ
383 2145 449 2207 ἐπεὶ
466 2144 602 2225 Κύκλωψ
617 2141 754 2224 μεγάλην
770 2139 948 2221 ἐμπλήσατο
964 2142 1054 2219 νηδὺν

271 2246 419 2327 ἀνδρόμεα
435 2246 494 2327 κρέ’
511 2247 587 2310 έδωυ
602 2243 650 2309 καὶ
666 2245 712 2310 ἐπ’
728 2244 857 2326 άκρητου
872 2244 952 2326 γάλα
968 2245 1074 2319 πίνων,

274 2349 345 2412 κεῖτ’
361 2348 478 2413 ἔντοσθ’
495 2347 614 2429 ἄντροιο
629 2347 855 2428 τανυσσάμενος
871 2346 920 2411 διὰ
935 2347 1048 2427 μήλων.

273 2453 394 2533 τὸνμὲν
410 2455 469 2535 ἐγὼ
485 2453 642 2533 βούλευσα
657 2451 732 2516 κατὰ
747 2449 939 2533 μεγαλήτορα
954 2455 1047 2531 θυμὸν

272 2557 372 2619 ἆσσον
390 2558 453 2633 ίόν,
470 2555 559 2638 ξίφος
575 2555 629 2636 ὀξὺ
644 2556 849 2637 ἐρυσσάμενος
864 2557 944 2636 παρὰ
959 2560 1063 2634 μηροῦ,
1170 2583 1221 2632 300

272 2660 431 2740 οὐτάμεναι
447 2661 521 2742 πρὸς
538 2659 658 2740 στῆθος,
675 2661 722 2723 όθι
739 2660 847 2741 φρένες
861 2658 942 2738 ἧπαρ
958 2659 1073 2742 έχουσι,

271 2763 347 2847 χείρ’
363 2763 617 2845 ἐπιμασσάμενος·
642 2765 741 2844 έτερος
758 2764 791 2828 δέ
804 2788 842 2844 με
857 2761 948 2842 θυμὸς
964 2763 1075 2842 ἔρυκεν.

271 2869 361 2931 αὐτοῦ
377 2867 433 2950 γάρ
450 2895 482 2932 κε
498 2867 547 2932 καὶ
561 2869 656 2949 άμμες
672 2866 844 2947 ἀπωλόμεθ’
859 2866 949 2930 αἰπὺν
965 2867 1102 2947 ὄλεθρον·

271 2971 304 3035 οῦ
319 2970 376 3052 γάρ
392 2998 444 3036 κεν
458 2971 629 3052 δυνάμεσθα
645 2971 761 3052 θυράων
776 2969 925 3051 ὑψηλάων

270 3077 379 3156 χερσὶν
394 3076 576 3140 ἀπώσασθαι
591 3077 679 3140 λίθον
694 3078 832 3156 ὄβριμον,
848 3072 883 3137 δν
898 3072 1094 3154 προσέθηκεν.
1170 3103 1218 3153 305

269 3178 308 3244 ὣς
324 3181 391 3243 τότε
405 3184 461 3260 μὲν
478 3181 674 3264 στενάχοντες
690 3180 848 3258 ἐμείναμεν
863 3177 928 3243 Ἠὣ
945 3182 1022 3241 δῖαν.

311 3281 410 3362 Ἠμος
426 3284 451 3348 δ’
467 3285 615 3365 ἠριγένεια
633 3281 712 3361 φάνη
728 3281 945 3364 ῥοδοδάκτυλος
959 3280 1049 3358 Ἠώς,

271 3388 321 3451 καὶ
336 3388 403 3452 τότε
419 3394 477 3470 πῦρ
493 3386 610 3453 ἀνέκαιε
626 3384 674 3451 καὶ
688 3385 803 3467 ήμελγε
820 3389 913 3448 κλυτὰ
926 3388 1019 3464 μῆλα,

270 3490 366 3555 πάντα
383 3492 457 3555 κατὰ
472 3496 588 3570 μοῖραν,
604 3488 652 3554 καί
667 3490 716 3554 ὑπ’
732 3491 863 3571 ἔμβρυον
877 3489 949 3567 ἧκεν
965 3487 1087 3576 ἑκάστη.

157 3599 162 3612 ’
271 3595 363 3675 αὐτὰρ
379 3597 445 3659 ἐπεὶ
460 3597 495 3669 δὴ
511 3599 628 3659 σπεῦσε
643 3593 852 3672 πονησάμενος
867 3591 904 3655 τά
919 3593 939 3654 δ
955 3593 1038 3674 ἔργα,
1167 3621 1216 3672 31⁰

271 3697 328 3761 σὺν
343 3699 369 3761 δ’
385 3701 450 3780 ὅγε
466 3698 501 3776 δή
518 3698 589 3761 αῦτε
605 3697 663 3761 δόω
678 3698 801 3777 μάρψας
817 3695 999 3761 ὡπλίσσατο
1015 3701 1146 3762 δεῖπνον.
