2758 4228
459 341 510 400 24.
543 327 778 388 οΔτνΣττιΑΣ
806 327 846 386 ο.
1066 321 1128 404 893

222 493 285 557 Τὸν
300 491 326 558 δ’
340 492 410 557 αύτε
419 494 512 576 ’ψυχή
526 493 743 575 προσεφώνεεν
756 491 1003 573 Ἀμφιμέδοντος·
1080 518 1129 554 ιισ

180 604 200 632 “
215 593 368 684 [Ἀτρείδη
388 597 521 674 κύδιστε,
538 595 618 676 όναξ
631 598 748 676 ἀνδρῶν
761 592 975 684 Ἀγάμεμνον,]

182 805 232 867 σοὶ
247 804 272 868 δ’
287 805 345 886 ἐγὼ
362 805 395 868 εῖν
408 805 492 882 μάλα
506 805 605 869 πάντα
621 807 670 868 καὶ
686 803 829 884 ἀτρεκέως
845 801 1009 882 καταλέξω,

180 907 324 989 ἡμετέρου
341 907 483 972 θανάτοιο
499 915 590 973 κακὸν
605 909 701 983 τέλος,
718 911 783 972 οἶον
797 907 918 990 ἐτύχθη.

180 1011 311 1092 μνώμεθ’
326 1011 497 1090 Ὀδυσσῆος
512 1013 568 1091 δὴν
584 1012 757 1096 οἰχομένοιο
773 1010 916 1092 δάμαρτα·
1084 1038 1112 1072 12
1116 1039 1130 1087 5

181 1115 199 1193 ή
215 1115 241 1178 δ’
257 1115 317 1178 οὔτ’
331 1116 450 1196 ἠρνεῖτο
465 1122 611 1197 στυγερὸν
625 1117 723 1199 γάμον
738 1112 799 1178 οὔτ’
814 1115 964 1193 ἐτελεύτα,

182 1219 254 1298 ἡμῖν
268 1218 439 1300 φραζομένη
455 1219 586 1284 θάνατον
601 1221 650 1283 καὶ
666 1221 741 1300 κῆρα
758 1220 915 1298 μέλαιναν,

183 1324 265 1386 ἀλλά
279 1324 373 1388 δόλον
387 1324 466 1388 τόνδ’
482 1323 581 1386 ἀλλον
596 1325 640 1387 ἐνὶ
656 1324 749 1404 φρεσὶ
765 1320 935 1405 μερμήριξε·

184 1427 358 1506 στησαμένη
374 1428 469 1508 μέγαν
486 1427 573 1490 ἰστὸν
588 1424 631 1490 ἐνί
645 1427 825 1510 μεγάροισιν
840 1429 959 1506 ύφαινε,

183 1530 297 1595 λεπτὸν
312 1527 360 1594 καὶ
375 1532 561 1612 περίμετρον·
585 1532 667 1611 άφαρ
682 1530 708 1594 δ’
723 1530 794 1609 ἡμῖν
807 1529 957 1609 μετέειπε·
1086 1557 1133 1606 130

184 1639 316 1714 (κοῦροι,
332 1633 398 1711 ἐμοὶ
413 1639 592 1715 μνηστῆρες,
609 1631 675 1699 ἐπεὶ
691 1634 763 1698 θάνε
778 1639 841 1698 δῖος
856 1634 1032 1711 Ὀδυσσεύς,

183 1738 299 1816 μίμνετ’
314 1739 503 1820 ἐπειγόμενοι
517 1739 572 1802 τὸν
586 1741 660 1814 ἐμὸν
674 1738 782 1819 γόμον,
799 1740 843 1803 είς
857 1739 876 1798 ό
891 1762 924 1799 κε
940 1741 1037 1818 φάρος

185 1840 351 1918 ἐκτελέσω,
364 1840 406 1920 μή
421 1866 472 1921 μοι
487 1843 659 1920 μεταμώνια
678 1840 782 1919 νήματ’
797 1843 916 1918 ὄληται,

187 1946 303 2029 Λαέρτῃ
318 1945 393 2024 ἥρωϊ
406 1943 549 2024 ταφήϊον,
565 1947 608 2010 εἰς
624 1946 674 2007 ὅτε
690 1944 741 2008 κέν
755 1968 807 2021 μιν

186 2046 263 2126 μοῖρ’
279 2048 353 2126 ὀλοή
370 2046 515 2132 καθέλῃσι
530 2047 713 2128 τανηλεγέος
729 2046 881 2124 θανάτοιο,
1089 2077 1134 2126 ¹35

185 2150 228 2230 μή
242 2152 287 2216 τίς
301 2177 352 2229 μοι
369 2153 444 2214 κατὰ
458 2155 552 2229 δῆμον
566 2150 750 2234 Ἀχαιϊάδων
765 2149 928 2235 νεμεσήσῃ,

187 2257 221 2320 αί
235 2280 286 2317 κεν
300 2255 371 2334 ἀτερ
388 2255 515 2334 σπείρου
531 2257 615 2332 κῆται
632 2257 736 2317 πολλὰ
751 2251 954 2320 κτεατίσσας.’

189 2361 228 2424 ώς
243 2358 342 2439 ἔφαθ’,
357 2357 429 2437 ἡμῖν
445 2354 470 2421 δ’
486 2357 548 2420 αὖτ’
564 2359 739 2421 ἐπεπείθετο
755 2363 846 2438 θυμὸς
862 2356 990 2440 ἀγήνωρ.

189 2463 264 2526 ἔνθα
275 2461 323 2525 καὶ
337 2461 446 2540 ἠματίη
461 2464 516 2541 μὲν
530 2463 715 2542 ὑφαίνεσκεν
729 2461 825 2542 μέγαν
840 2463 935 2540 ἱστόν,

188 2567 294 2632 νύκτας
310 2567 336 2630 δ’
352 2567 533 2643 ἀλλύεσκεν,
550 2567 616 2630 ἐπεὶ
631 2565 735 2632 δαίδας
750 2571 921 2646 παραθεῖτο.
1086 2595 1135 2645 ¹40

190 2672 229 2737 ὣς
245 2671 357 2752 τρίετες
371 2671 427 2747 μὲν
443 2670 535 2748 ἔληθε
550 2672 630 2754 δόλιρ
647 2667 696 2733 καὶ
711 2671 831 2734 ἔπειθεν
845 2671 997 2752 Ἀχαιούς·

190 2774 260 2836 ἀλλ’
276 2774 327 2837 ὅτε
341 2773 481 2865 τέτρατον
495 2773 589 2852 ήλθεν
603 2775 671 2839 ἔτος
688 2772 736 2837 καὶ
751 2773 903 2852 ἐπήλυθον
918 2777 1001 2855 ώραι,

192 2874 307 2965 [μηνῶν
322 2877 499 2957 φθινόντων,
515 2879 583 2958 περὶ
599 2877 624 2941 δ’
639 2877 738 2956 ήματα
756 2877 848 2941 πόλλ’
862 2877 1035 2960 ἐτελέσθη]

191 2979 239 3045 καὶ
253 2981 322 3044 τότε
338 2980 373 3055 δή
388 3006 433 3045 τις
448 2983 531 3044 ἔειπε
546 2979 736 3063 γυναικῶν,ή
753 2981 840 3062 σάφα
855 2981 921 3068 ᾔδη,

191 3087 240 3148 καὶ
255 3082 310 3162 τήν
325 3083 354 3164 γ’
368 3084 546 3149 ἀλλύουσαν
560 3085 728 3166 ἐφεύρομεν
742 3085 858 3167 ἀγλαὸν
875 3087 969 3149 ἱστόν.
1090 3113 1137 3165 145

192 3189 231 3253 ὣς
246 3187 281 3249 τὸ
295 3189 350 3264 μὲν
367 3184 548 3266 ἐξετέλεσσε
564 3189 612 3251 καὶ
625 3189 676 3253 σύκ
692 3187 838 3268 ἐθέλουσ’,
853 3186 902 3252 ἀπ’
916 3188 1056 3271 ἀνάγκης.

192 3289 252 3355 εὖθ’
267 3291 285 3369 ή
302 3295 400 3372 φιῖρος
416 3288 539 3369 ἔδειξεν,
553 3290 698 3371 ὑφήνασα
712 3293 809 3375 μέγαν
825 3293 922 3369 ἱστόν,

193 3394 332 3470 πλύνασ’,
348 3395 441 3479 ἠελίῳ
458 3396 631 3476 ἐναλίγκιον
646 3395 681 3474 ήέ
695 3395 822 3481 σελήνῃ,

192 3500 241 3561 καὶ
256 3498 323 3561 τότε
338 3497 375 3576 δή
389 3498 420 3580 ῤ’
435 3498 571 3576 Ὀδυσῆα
587 3499 676 3564 κακός
691 3504 783 3563 ποθεν
798 3499 893 3581 ήγαγε
907 3502 1021 3582 δαίμων

192 3601 285 3682 ἀγροῦ
300 3600 347 3664 ἐπ’
362 3601 519 3684 ἐσχατιήν,
533 3603 582 3666 ὅθι
598 3603 719 3682 δώματα
734 3607 800 3666 ναῖε
815 3605 964 3684 συβώτης.
1092 3632 1140 3682 150

192 3701 254 3769 ἔνθ’
269 3702 363 3784 ήλθεν
378 3705 468 3784 φίλος
482 3707 547 3773 υίὸς
562 3705 733 3785 Ὀδυσσῆος
748 3708 852 3786 θείοιο,
