2908 4232
272 329 338 392 490
593 327 644 388 24.
670 311 841 373 ΙΛΙΑΔΟΣ
865 314 906 375 Ω.

272 478 494 564 σπερχομένοιο
509 479 659 564 γέροντος·
691 483 708 545 ὃ
724 479 748 546 δ’
764 480 868 546 υἱάσιν
883 483 965 546 αῖσιν
982 482 1107 561 ὁμόκλα,
1217 523 1220 531 »

272 583 406 648 νεικείων
417 580 550 650 Ἕλενόν
565 608 598 649 τε
617 581 717 665 Πάριν
732 582 757 646 τ’
773 581 933 665 Ἀγάθωνά
947 608 981 648 τε
996 588 1061 648 δῖον

272 684 423 764 Πάμμονά
436 684 462 749 τ’
476 685 659 767 Ἀντίφονόν
674 711 707 750 τε
722 685 803 766 βοήν
819 686 934 767 ιἰγαθόν
948 711 981 750 τε
996 688 1135 766 Πολίτην
1175 715 1187 749 ι
1191 709 1222 764 5ο

272 787 438 870 Δηΐφοβόν
453 815 486 855 τε
502 791 551 854 καὶ
566 788 731 854 Ἱππόθοον
747 790 796 852 καὶ
814 794 891 854 Δῖον
906 790 1028 871 άγαυόυ·

272 891 359 958 ἐννέα
374 898 436 960 τοῖς
453 893 604 976 άγεραιδς
622 893 797 972 ὁμοκλήσας
812 893 942 959 ἐκέλευς’

271 1001 288 1029 “
299 996 453 1062 σπεύσατέ
467 1024 526 1079 μοι,
545 997 621 1061 κακὰ
636 996 734 1072 τέκνα,
753 997 930 1078 κατηφόνες·
961 995 1021 1062 αἴθ’
1037 997 1098 1079 άμα
1114 999 1223 1066 πάντες

268 1097 413 1181 Ἕκτορος
429 1098 557 1182 ὠφέλετ’
575 1101 641 1165 ἄντί
658 1100 731 1186 θοῇς
746 1100 797 1163 ἐπὶ
812 1101 900 1179 νηυσὶ
914 1099 1082 1182 πεφάσθαι.

272 1202 294 1265 ὥ
309 1228 361 1280 μοι
377 1203 436 1286 ἐγὼ
451 1202 657 1282 πανάποτμος,
672 1200 739 1267 ἐπεὶ
754 1203 841 1269 τέκον
855 1205 922 1270 νίας
937 1205 1077 1285 ἀρίστους
1174 1232 1221 1281 ²55

270 1307 365 1392 Τροίῃ
382 1307 415 1370 ἐν
431 1306 537 1392 εὐρείῃ,
554 1312 615 1372 τῶν
629 1306 654 1372 δ’
672 1306 789 1371 οὔτινά
805 1315 883 1389 φημι
898 1313 1074 1389 λελεῖφθαι,

272 1407 422 1492 Μήστορά
437 1408 461 1471 τ’
483 1410 620 1476 ἀντίθεον
636 1411 685 1474 καὶ
701 1409 841 1492 Τρωίλον
857 1409 1064 1495 ἱππιοχάρμην

267 1511 401 1595 Ἕκτορά
416 1513 453 1586 θ’,
471 1511 503 1578 δς
520 1512 587 1580 θεὸς
603 1513 675 1578 ἔσκε
690 1512 753 1595 μετ’
772 1514 927 1596 ι’τνδράσιν,
944 1516 1012 1578 ούδέ
1029 1513 1115 1600 ἐφκει

273 1617 379 1698 ἀνδρός
393 1642 429 1699 γε
446 1621 555 1695 θνητοῦ
570 1615 641 1684 πάϊς
657 1618 792 1699 ἔμμεναι,
809 1618 891 1683 ἀλλὰ
907 1623 998 1684 θεοῖο.
1174 1645 1223 1696 ²59

273 1719 341 1785 τοὺς
356 1722 413 1800 μέυ
428 1720 563 1785 άπόλεσ’
577 1717 682 1803 Ἀρης,
698 1725 736 1786 τῖι
750 1723 776 1786 δ’
794 1721 926 1805 ἐλέγχεα
940 1721 1038 1787 πάντα
1054 1722 1221 1799 λέλειπται,

273 1822 409 1904 ψεῦσταί
423 1822 448 1886 τ’
464 1824 615 1908 ὀρχησταί
629 1851 672 1899 τε,
687 1827 918 1912 χοροιτυπίῃσιν
933 1825 1062 1908 άριστοι,

273 1927 371 2009 δρυῶν
386 1924 432 2006 ἠδ’
448 1928 561 2010 ἐρίφων
577 1927 729 2008 ἐπιδήμιοι
745 1931 939 2013 ἁρπακτῆρες.

273 2030 325 2094 οὐκ
342 2030 380 2096 δν
395 2029 431 2110 δή
447 2058 498 2112 μοι
514 2030 633 2113 ἄμαξαν
648 2034 875 2114 ἐφοπλίσσαιτε
890 2033 1031 2117 τάχιστα,

272 2133 411 2199 ταῦτάτε
429 2134 514 2200 πάντ’
531 2137 670 2212 ἐπιθεῖτε,
687 2139 738 2201 ἵνα
753 2134 938 2218 πρήσσωμεν
954 2139 1036 2202 άδοῖο
1048 2162 1058 2215 ,·
1070 2133 1089 2162 ”

308 2237 372 2305 Ὣς
387 2236 490 2320 ἔφαθ’,
503 2241 533 2302 οῖ
548 2239 574 2303 δ’
589 2239 647 2320 άρα
662 2239 773 2321 πατρὸς
788 2240 1004 2308 ὑποδείσαντες
1014 2239 1148 2321 ὁμοκλήν
1173 2254 1219 2316 ²⁶5

273 2346 306 2407 ἐκ
321 2345 377 2421 μὲν
392 2340 510 2422 ἄμαξαν
525 2341 629 2424 άειρον
645 2340 789 2426 ἐύτροχον
806 2343 964 2424 ἡμιονείην

274 2445 372 2526 καλήν
387 2444 596 2528 πρωτοπαγέα,
612 2447 750 2529 πείρινθα
766 2450 798 2512 δὲ
814 2451 911 2526 δῆσαν
927 2447 973 2513 ἐπ’
990 2447 1089 2525 αὐτῆς,

273 2552 327 2614 κδδ
340 2548 365 2613 δ’
382 2549 442 2613 άπδ
458 2552 642 2631 πασσαλόφι
659 2551 747 2634 ζυγὸν
761 2550 851 2639 ᾕρεον
864 2551 1018 2632 ἡμιόνειον

273 2651 398 2732 πύξινον
413 2654 580 2736 ὀμφαλόεν,
601 2654 633 2719 εὖ
647 2653 807 2732 οἰήκεσσιν
821 2655 940 2737 ἀρηρός·

273 2759 306 2820 ἐκ
325 2755 352 2822 δ’
369 2757 479 2840 ἔφερον
496 2758 680 2841 ζυγόδεσμον
695 2757 756 2838 άμα
773 2759 849 2843 ζυγῳ
866 2756 1045 2842 ἐννεάπηχυ.
1173 2785 1222 2834 ²70

274 2862 322 2925 καὶ
337 2867 373 2925 τδ
387 2863 444 2941 μὲν
459 2862 491 2926 εύ
507 2859 674 2942 κατέθηκαν
690 2860 821 2946 ἐϋξέστῳ
837 2861 889 2926 ἐπὶ
903 2863 994 2946 ῥυμφ,

273 2965 347 3052 πέζῃ
364 2965 414 3029 ἔπι
431 2967 540 3052 πρύτῃ,
558 2967 608 3030 ἐπὶ
624 2968 657 3030 δέ
674 2967 775 3048 κρίκον
791 2966 895 3047 έστορι
908 2963 1040 3042 βάλλον,

272 3069 336 3150 τρὶς
352 3067 377 3132 δ’
395 3067 553 3150 ἑκάτερθεν
569 3069 682 3149 ἔδησαν
697 3068 745 3133 ἐπ’
760 3069 910 3150 ὀμφαλόν,
928 3067 1020 3148 αύτδρ
1036 3065 1139 3132 ἔπειτα

273 3170 371 3250 ἑξείης
387 3171 564 3252 κατέδησαν,
580 3172 639 3236 ύπδ
653 3177 792 3255 γλωχῖνα
805 3172 831 3237 δ’
848 3171 996 3252 ἔκαμψαν.

273 3277 306 3337 ἐκ
322 3274 508 3354 θαλάμουδέ
524 3275 667 3358 φέροντες
682 3274 825 3354 ἐϋξέστης
840 3272 886 3340 ἐπ’
904 3272 1021 3352 άπήνης
1175 3297 1221 3348 ²55

274 3375 363 3456 νήεον
377 3377 538 3462 Ἑκτορέης
553 3382 689 3460 κεφαλῆς
705 3376 852 3461 ἀπερείσι’
868 3377 990 3453 άποινα,

275 3479 380 3560 ζεῦξον
397 3480 422 3546 δ’
438 3482 579 3562 ήμιόνους
594 3483 818 3567 κρατερώνυχας
833 3479 1048 3582 ἐντεσιεργούς,

274 3584 343 3652 τούς
356 3585 395 3669 ῥά
410 3611 484 3651 ποτε
500 3585 626 3671 Πριάμῳ
642 3586 746 3650 Μυσοὶ
761 3586 857 3651 δόσαν
872 3584 973 3667 ἀγλαὰ
988 3585 1078 3667 δῶρα.
1107 3609 1110 3618 ·

275 3691 385 3758 ἵππους
400 3691 433 3756 δέ
449 3686 576 3775 Πριάμῳ
591 3691 709 3773 ὕπαγον
725 3689 822 3773 ζυγόν,
840 3687 890 3755 οδς
906 3689 922 3754 ό
937 3689 1058 3773 γεραιὸς
1103 3709 1106 3718 ’
