<?xml version="1.0" encoding="UTF-8"?>
<!DOCTYPE html PUBLIC "-//W3C//DTD XHTML 1.0 Transitional//EN"
    "http://www.w3.org/TR/xhtml1/DTD/xhtml1-transitional.dtd">
<html xmlns="http://www.w3.org/1999/xhtml" xml:lang="en" lang="en">
 <head>
  <title>
</title>
<meta http-equiv="Content-Type" content="text/html;charset=utf-8" />
  <meta name='ocr-system' content='tesseract 3.04.00' />
  <meta name='ocr-capabilities' content='ocr_page ocr_carea ocr_par ocr_line ocrx_word'/>
</head>
<body>
  <div class='ocr_page' id='page_1' title='image "./homerioperaetre00homegoog_0866.png"; bbox 0 0 2758 4228; ppageno 0'>
   <div class='ocr_carea' id='block_1_1' title="bbox 410 838 907 916">
    <p class='ocr_par' dir='ltr' id='par_1_1' title="bbox 410 838 907 916">
     <span class='ocr_line' id='line_1_1' title="bbox 410 838 907 916; baseline 0 -2"><span class='ocrx_word' id='word_1_1' title='bbox 410 838 811 916; x_wconf 79' lang='grc' dir='ltr'>ΟΔΥΣΣΕΙΑΣ</span> <span class='ocrx_word' id='word_1_2' title='bbox 861 842 907 916; x_wconf 89' lang='grc' dir='ltr'>Χ.</span> 
     </span>
    </p>
   </div>
   <div class='ocr_carea' id='block_1_2' title="bbox 563 1089 749 1098">
    <p class='ocr_par' dir='ltr' id='par_1_2' title="bbox 563 1089 749 1098">
     <span class='ocr_line' id='line_1_2' title="bbox 563 1089 749 1098; baseline 0.011 -2"><span class='ocrx_word' id='word_1_3' title='bbox 563 1089 749 1098; x_wconf 78' lang='lat'>——-</span> 
     </span>
    </p>
   </div>
   <div class='ocr_carea' id='block_1_3' title="bbox 495 1219 826 1320">
    <p class='ocr_par' dir='ltr' id='par_1_3' title="bbox 495 1219 826 1320">
     <span class='ocr_line' id='line_1_3' title="bbox 495 1219 826 1320; baseline 0 -28"><span class='ocrx_word' id='word_1_4' title='bbox 495 1219 826 1320; x_wconf 80' lang='grc' dir='ltr'>Μνηστηροφονία.</span> 
     </span>
    </p>
   </div>
   <div class='ocr_carea' id='block_1_4' title="bbox 183 1436 1130 3797">
    <p class='ocr_par' dir='ltr' id='par_1_4' title="bbox 186 1436 981 1523">
     <span class='ocr_line' id='line_1_4' title="bbox 186 1436 981 1523; baseline 0.008 -22"><span class='ocrx_word' id='word_1_5' title='bbox 186 1436 286 1520; x_wconf 86' lang='grc' dir='ltr'>Αύτάρ</span> <span class='ocrx_word' id='word_1_6' title='bbox 302 1439 318 1501; x_wconf 89' lang='grc' dir='ltr'>ό</span> <span class='ocrx_word' id='word_1_7' title='bbox 333 1439 472 1522; x_wconf 73' lang='grc' dir='ltr'>μιμνόθη</span> <span class='ocrx_word' id='word_1_8' title='bbox 490 1438 606 1523; x_wconf 82' lang='grc' dir='ltr'>ῥακέων</span> <span class='ocrx_word' id='word_1_9' title='bbox 621 1440 786 1520; x_wconf 89' lang='grc' dir='ltr'>πολύμητις</span> <span class='ocrx_word' id='word_1_10' title='bbox 802 1440 981 1516; x_wconf 84' lang='grc' dir='ltr'>Ὀδυσσεύς,</span> 
     </span>
    </p>

    <p class='ocr_par' dir='ltr' id='par_1_5' title="bbox 185 1539 1015 1628">
     <span class='ocr_line' id='line_1_5' title="bbox 185 1539 1015 1628; baseline 0.006 -24"><span class='ocrx_word' id='word_1_11' title='bbox 185 1542 261 1605; x_wconf 85' lang='grc' dir='ltr'>ἄλτο</span> <span class='ocrx_word' id='word_1_12' title='bbox 277 1539 302 1606; x_wconf 89' lang='grc' dir='ltr'>δ’</span> <span class='ocrx_word' id='word_1_13' title='bbox 317 1539 367 1607; x_wconf 74' lang='grc' dir='ltr'>ἐπὶ</span> <span class='ocrx_word' id='word_1_14' title='bbox 385 1542 481 1626; x_wconf 84' lang='grc' dir='ltr'>μέγαν</span> <span class='ocrx_word' id='word_1_15' title='bbox 497 1544 592 1620; x_wconf 81' lang='grc' dir='ltr'>οὐδόν,</span> <span class='ocrx_word' id='word_1_16' title='bbox 609 1543 689 1628; x_wconf 87' lang='grc' dir='ltr'>ἔχων</span> <span class='ocrx_word' id='word_1_17' title='bbox 704 1543 778 1625; x_wconf 85' lang='grc' dir='ltr'>βιὸν</span> <span class='ocrx_word' id='word_1_18' title='bbox 792 1543 845 1623; x_wconf 74' lang='grc' dir='ltr'>ἠδὲ</span> <span class='ocrx_word' id='word_1_19' title='bbox 861 1543 1015 1626; x_wconf 82' lang='grc' dir='ltr'>φαρέτρην</span> 
     </span>
    </p>

    <p class='ocr_par' dir='ltr' id='par_1_6' title="bbox 187 1645 872 1730">
     <span class='ocr_line' id='line_1_6' title="bbox 187 1645 872 1730; baseline 0.009 -22"><span class='ocrx_word' id='word_1_20' title='bbox 187 1645 242 1708; x_wconf 78' lang='grc' dir='ltr'>ἰῶν</span> <span class='ocrx_word' id='word_1_21' title='bbox 257 1647 413 1725; x_wconf 76' lang='grc' dir='ltr'>ἐμπλείην,</span> <span class='ocrx_word' id='word_1_22' title='bbox 428 1647 540 1730; x_wconf 91' lang='grc' dir='ltr'>ταχέας</span> <span class='ocrx_word' id='word_1_23' title='bbox 555 1646 581 1712; x_wconf 89' lang='grc' dir='ltr'>δ’</span> <span class='ocrx_word' id='word_1_24' title='bbox 599 1647 734 1730; x_wconf 78' lang='grc' dir='ltr'>ἐκχεύατ’</span> <span class='ocrx_word' id='word_1_25' title='bbox 749 1648 872 1714; x_wconf 79' lang='grc' dir='ltr'>ὀϊστοὺς</span> 
     </span>
    </p>

    <p class='ocr_par' dir='ltr' id='par_1_7' title="bbox 186 1749 999 1834">
     <span class='ocr_line' id='line_1_7' title="bbox 186 1749 999 1834; baseline 0.007 -23"><span class='ocrx_word' id='word_1_26' title='bbox 186 1749 275 1812; x_wconf 79' lang='grc' dir='ltr'>αὐτοῦ</span> <span class='ocrx_word' id='word_1_27' title='bbox 291 1751 406 1832; x_wconf 85' lang='grc' dir='ltr'>πρόσθε</span> <span class='ocrx_word' id='word_1_28' title='bbox 421 1756 530 1828; x_wconf 82' lang='grc' dir='ltr'>ποδῶν,</span> <span class='ocrx_word' id='word_1_29' title='bbox 544 1752 619 1830; x_wconf 84' lang='grc' dir='ltr'>μετὰ</span> <span class='ocrx_word' id='word_1_30' title='bbox 635 1754 667 1816; x_wconf 78' lang='grc' dir='ltr'>δὲ</span> <span class='ocrx_word' id='word_1_31' title='bbox 682 1754 872 1834; x_wconf 78' lang='grc' dir='ltr'>μνηστῆρσιν</span> <span class='ocrx_word' id='word_1_32' title='bbox 888 1751 999 1818; x_wconf 80' lang='grc' dir='ltr'>ἔειπεν·</span> 
     </span>
    </p>

    <p class='ocr_par' dir='ltr' id='par_1_8' title="bbox 186 1852 1130 1932">
     <span class='ocr_line' id='line_1_8' title="bbox 186 1852 1130 1932; baseline 0.004 -18"><span class='ocrx_word' id='word_1_33' title='bbox 186 1856 207 1885; x_wconf 86' lang='grc'><strong>“</strong></span> <span class='ocrx_word' id='word_1_34' title='bbox 217 1852 302 1918; x_wconf 77' lang='grc' dir='ltr'>οὗτος</span> <span class='ocrx_word' id='word_1_35' title='bbox 315 1856 372 1932; x_wconf 77' lang='grc' dir='ltr'>μὲν</span> <span class='ocrx_word' id='word_1_36' title='bbox 387 1854 423 1932; x_wconf 81' lang='grc' dir='ltr'>δη</span> <span class='ocrx_word' id='word_1_37' title='bbox 439 1853 548 1920; x_wconf 78' lang='grc' dir='ltr'>ἄεθλος</span> <span class='ocrx_word' id='word_1_38' title='bbox 563 1853 673 1920; x_wconf 79' lang='grc' dir='ltr'>ἀάατος</span> <span class='ocrx_word' id='word_1_39' title='bbox 688 1853 905 1918; x_wconf 79' lang='grc' dir='ltr'>ἐκτετέλεσται·</span> <span class='ocrx_word' id='word_1_40' title='bbox 1116 1883 1130 1932; x_wconf 83' lang='lat'>5</span> 
     </span>
    </p>

    <p class='ocr_par' dir='ltr' id='par_1_9' title="bbox 186 1954 1011 2037">
     <span class='ocr_line' id='line_1_9' title="bbox 186 1954 1011 2037; baseline 0.005 -21"><span class='ocrx_word' id='word_1_41' title='bbox 186 1957 239 2019; x_wconf 85' lang='grc' dir='ltr'>νῦν</span> <span class='ocrx_word' id='word_1_42' title='bbox 254 1954 324 2018; x_wconf 79' lang='grc' dir='ltr'>αὖτε</span> <span class='ocrx_word' id='word_1_43' title='bbox 339 1960 453 2018; x_wconf 87' lang='grc' dir='ltr'>σκοπὸν</span> <span class='ocrx_word' id='word_1_44' title='bbox 468 1954 575 2033; x_wconf 92' lang='grc' dir='ltr'>ἄλλον,</span> <span class='ocrx_word' id='word_1_45' title='bbox 591 1954 626 2019; x_wconf 91' lang='grc' dir='ltr'>δν</span> <span class='ocrx_word' id='word_1_46' title='bbox 641 1955 675 2018; x_wconf 86' lang='grc' dir='ltr'>ού</span> <span class='ocrx_word' id='word_1_47' title='bbox 691 1956 736 2019; x_wconf 86' lang='grc' dir='ltr'>πό</span> <span class='ocrx_word' id='word_1_48' title='bbox 753 1981 797 2020; x_wconf 90' lang='grc' dir='ltr'>τις</span> <span class='ocrx_word' id='word_1_49' title='bbox 812 1955 912 2034; x_wconf 82' lang='grc' dir='ltr'>βάλεν</span> <span class='ocrx_word' id='word_1_50' title='bbox 927 1955 1011 2037; x_wconf 80' lang='grc' dir='ltr'>ἀνήρ,</span> 
     </span>
    </p>

    <p class='ocr_par' dir='ltr' id='par_1_10' title="bbox 186 2057 1071 2241">
     <span class='ocr_line' id='line_1_10' title="bbox 186 2057 1071 2145; baseline 0.006 -25"><span class='ocrx_word' id='word_1_51' title='bbox 186 2057 313 2135; x_wconf 79' lang='grc' dir='ltr'>εἵσομαι,</span> <span class='ocrx_word' id='word_1_52' title='bbox 330 2060 362 2121; x_wconf 80' lang='grc' dir='ltr'>οἵ</span> <span class='ocrx_word' id='word_1_53' title='bbox 376 2083 409 2122; x_wconf 92' lang='grc' dir='ltr'>κε</span> <span class='ocrx_word' id='word_1_54' title='bbox 424 2058 641 2145; x_wconf 48' lang='grc' dir='ltr'>τύχωμι,,πόρῃ</span> <span class='ocrx_word' id='word_1_55' title='bbox 657 2060 691 2124; x_wconf 87' lang='grc' dir='ltr'>δέ</span> <span class='ocrx_word' id='word_1_56' title='bbox 704 2084 754 2139; x_wconf 92' lang='grc' dir='ltr'>μοι</span> <span class='ocrx_word' id='word_1_57' title='bbox 770 2058 859 2142; x_wconf 80' lang='grc' dir='ltr'>εὖχος</span> <span class='ocrx_word' id='word_1_58' title='bbox 873 2057 1071 2125; x_wconf 87' lang='grc' dir='ltr'>Ἀπόλλων.”</span> 
     </span>
     <span class='ocr_line' id='line_1_11' title="bbox 225 2153 936 2241; baseline 0.007 -23"><span class='ocrx_word' id='word_1_59' title='bbox 225 2154 271 2218; x_wconf 91' lang='grc' dir='ltr'><strong><em>Ἦ</em></strong></span> <span class='ocrx_word' id='word_1_60' title='bbox 288 2153 336 2220; x_wconf 82' lang='grc' dir='ltr'>καὶ</span> <span class='ocrx_word' id='word_1_61' title='bbox 351 2156 398 2222; x_wconf 81' lang='grc' dir='ltr'>ἐπ’</span> <span class='ocrx_word' id='word_1_62' title='bbox 413 2154 556 2241; x_wconf 82' lang='grc' dir='ltr'>Ἀντινόῳ</span> <span class='ocrx_word' id='word_1_63' title='bbox 573 2159 687 2222; x_wconf 83' lang='grc' dir='ltr'>ἰθύνετο</span> <span class='ocrx_word' id='word_1_64' title='bbox 702 2157 809 2238; x_wconf 86' lang='grc' dir='ltr'>πικρὸν</span> <span class='ocrx_word' id='word_1_65' title='bbox 824 2159 936 2223; x_wconf 78' lang='grc' dir='ltr'>ἀίστόν.</span> 
     </span>
    </p>

    <p class='ocr_par' dir='ltr' id='par_1_11' title="bbox 185 2259 915 2344">
     <span class='ocr_line' id='line_1_12' title="bbox 185 2259 915 2344; baseline 0.003 -20"><span class='ocrx_word' id='word_1_66' title='bbox 185 2261 204 2342; x_wconf 83' lang='grc' dir='ltr'><strong><em>ἦ</em></strong></span> <span class='ocrx_word' id='word_1_67' title='bbox 219 2287 265 2326; x_wconf 93' lang='grc' dir='ltr'>τοι</span> <span class='ocrx_word' id='word_1_68' title='bbox 283 2263 299 2324; x_wconf 87' lang='grc' dir='ltr'>ἀ</span> <span class='ocrx_word' id='word_1_69' title='bbox 315 2266 409 2325; x_wconf 87' lang='grc' dir='ltr'>καλὸν</span> <span class='ocrx_word' id='word_1_70' title='bbox 423 2259 548 2326; x_wconf 77' lang='grc' dir='ltr'>ἄλεισον</span> <span class='ocrx_word' id='word_1_71' title='bbox 563 2262 780 2344; x_wconf 80' lang='grc' dir='ltr'>ἀναιρήσεσθαι</span> <span class='ocrx_word' id='word_1_72' title='bbox 795 2263 915 2342; x_wconf 79' lang='grc' dir='ltr'>ἔμελλε,</span> 
     </span>
    </p>

    <p class='ocr_par' dir='ltr' id='par_1_12' title="bbox 185 2364 1130 2449">
     <span class='ocr_line' id='line_1_13' title="bbox 185 2364 1130 2449; baseline 0.002 -21"><span class='ocrx_word' id='word_1_73' title='bbox 185 2366 319 2449; x_wconf 91' lang='grc' dir='ltr'>χρύσεον</span> <span class='ocrx_word' id='word_1_74' title='bbox 332 2364 485 2446; x_wconf 85' lang='grc' dir='ltr'>ἄμφωτον,</span> <span class='ocrx_word' id='word_1_75' title='bbox 502 2364 602 2445; x_wconf 75' lang='grc' dir='ltr'>καδδῆ</span> <span class='ocrx_word' id='word_1_76' title='bbox 617 2368 693 2446; x_wconf 87' lang='grc' dir='ltr'>μετδι</span> <span class='ocrx_word' id='word_1_77' title='bbox 706 2368 816 2448; x_wconf 90' lang='grc' dir='ltr'>χερσὶν</span> <span class='ocrx_word' id='word_1_78' title='bbox 832 2367 940 2445; x_wconf 85' lang='grc' dir='ltr'>ένόμο,</span> <span class='ocrx_word' id='word_1_79' title='bbox 1100 2396 1130 2431; x_wconf 85' lang='lat'>10</span> 
     </span>
    </p>

    <p class='ocr_par' dir='ltr' id='par_1_13' title="bbox 186 2470 899 2555">
     <span class='ocr_line' id='line_1_14' title="bbox 186 2470 899 2555; baseline 0.003 -23"><span class='ocrx_word' id='word_1_80' title='bbox 186 2471 266 2551; x_wconf 89' lang='grc' dir='ltr'>όφρα</span> <span class='ocrx_word' id='word_1_81' title='bbox 280 2472 346 2535; x_wconf 81' lang='grc' dir='ltr'>πίοι</span> <span class='ocrx_word' id='word_1_82' title='bbox 362 2473 465 2534; x_wconf 77' lang='grc' dir='ltr'>οἴνοιο·</span> <span class='ocrx_word' id='word_1_83' title='bbox 489 2472 583 2551; x_wconf 85' lang='grc' dir='ltr'>φόνος</span> <span class='ocrx_word' id='word_1_84' title='bbox 598 2470 632 2536; x_wconf 89' lang='grc' dir='ltr'>δέ</span> <span class='ocrx_word' id='word_1_85' title='bbox 640 2472 676 2534; x_wconf 72' lang='grc' dir='ltr'>ὀἱ</span> <span class='ocrx_word' id='word_1_86' title='bbox 692 2470 744 2534; x_wconf 85' lang='grc' dir='ltr'>οὐκ</span> <span class='ocrx_word' id='word_1_87' title='bbox 761 2471 805 2535; x_wconf 81' lang='grc' dir='ltr'>ἐνὶ</span> <span class='ocrx_word' id='word_1_88' title='bbox 818 2473 899 2555; x_wconf 76' lang='grc' dir='ltr'>θυμῷ</span> 
     </span>
    </p>

    <p class='ocr_par' dir='ltr' id='par_1_14' title="bbox 184 2572 1014 2657">
     <span class='ocr_line' id='line_1_15' title="bbox 184 2572 1014 2657; baseline -0.001 -17"><span class='ocrx_word' id='word_1_89' title='bbox 184 2575 349 2654; x_wconf 85' lang='grc' dir='ltr'>μέμβλετο·</span> <span class='ocrx_word' id='word_1_90' title='bbox 372 2576 415 2641; x_wconf 90' lang='grc' dir='ltr'>τίς</span> <span class='ocrx_word' id='word_1_91' title='bbox 431 2573 456 2637; x_wconf 91' lang='grc' dir='ltr'>κ’</span> <span class='ocrx_word' id='word_1_92' title='bbox 471 2575 564 2639; x_wconf 72' lang='grc' dir='ltr'>οἴοιτο</span> <span class='ocrx_word' id='word_1_93' title='bbox 578 2572 641 2657; x_wconf 86' lang='grc' dir='ltr'>μετ’</span> <span class='ocrx_word' id='word_1_94' title='bbox 658 2573 784 2655; x_wconf 79' lang='grc' dir='ltr'>ἀνδράσι</span> <span class='ocrx_word' id='word_1_95' title='bbox 799 2574 1014 2655; x_wconf 86' lang='grc' dir='ltr'>δαιτυμόνεσσι</span> 
     </span>
    </p>

    <p class='ocr_par' dir='ltr' id='par_1_15' title="bbox 184 2677 974 2759">
     <span class='ocr_line' id='line_1_16' title="bbox 184 2677 974 2759; baseline 0 -18"><span class='ocrx_word' id='word_1_96' title='bbox 184 2683 294 2756; x_wconf 82' lang='grc' dir='ltr'>μοῦνον</span> <span class='ocrx_word' id='word_1_97' title='bbox 310 2680 353 2743; x_wconf 81' lang='grc' dir='ltr'>ἐνὶ</span> <span class='ocrx_word' id='word_1_98' title='bbox 368 2681 544 2755; x_wconf 87' lang='grc' dir='ltr'>πλεόνεσσι,</span> <span class='ocrx_word' id='word_1_99' title='bbox 562 2680 651 2742; x_wconf 83' lang='grc' dir='ltr'>καὶεί</span> <span class='ocrx_word' id='word_1_100' title='bbox 667 2677 749 2758; x_wconf 83' lang='grc' dir='ltr'>μάλα</span> <span class='ocrx_word' id='word_1_101' title='bbox 765 2683 904 2759; x_wconf 89' lang='grc' dir='ltr'>καρτερὸς</span> <span class='ocrx_word' id='word_1_102' title='bbox 919 2680 948 2741; x_wconf 80' lang='grc' dir='ltr'>εἴ</span> <span class='ocrx_word' id='word_1_103' title='bbox 967 2727 974 2754; x_wconf 85' lang='grc'>,</span> 
     </span>
    </p>

    <p class='ocr_par' dir='ltr' id='par_1_16' title="bbox 185 2775 978 2858">
     <span class='ocr_line' id='line_1_17' title="bbox 185 2775 978 2858; baseline 0 -17"><span class='ocrx_word' id='word_1_104' title='bbox 185 2779 216 2842; x_wconf 83' lang='grc' dir='ltr'>αἶ</span> <span class='ocrx_word' id='word_1_105' title='bbox 229 2777 346 2857; x_wconf 81' lang='grc' dir='ltr'>τεύξειν</span> <span class='ocrx_word' id='word_1_106' title='bbox 361 2778 491 2843; x_wconf 89' lang='grc' dir='ltr'>θόνστόν</span> <span class='ocrx_word' id='word_1_107' title='bbox 506 2805 539 2843; x_wconf 93' lang='grc' dir='ltr'>τε</span> <span class='ocrx_word' id='word_1_108' title='bbox 555 2784 645 2843; x_wconf 87' lang='grc' dir='ltr'>κακὸν</span> <span class='ocrx_word' id='word_1_109' title='bbox 661 2775 709 2842; x_wconf 75' lang='grc' dir='ltr'>καὶ</span> <span class='ocrx_word' id='word_1_110' title='bbox 725 2780 800 2858; x_wconf 80' lang='grc' dir='ltr'>κῆρα</span> <span class='ocrx_word' id='word_1_111' title='bbox 813 2775 978 2856; x_wconf 85' lang='grc' dir='ltr'>μέλαιναν,·</span> 
     </span>
    </p>

    <p class='ocr_par' dir='ltr' id='par_1_17' title="bbox 186 2879 1128 2968">
     <span class='ocr_line' id='line_1_18' title="bbox 186 2879 1128 2968; baseline 0.001 -23"><span class='ocrx_word' id='word_1_112' title='bbox 186 2881 237 2947; x_wconf 89' lang='grc' dir='ltr'>τάν</span> <span class='ocrx_word' id='word_1_113' title='bbox 252 2880 278 2947; x_wconf 85' lang='grc' dir='ltr'>δ’</span> <span class='ocrx_word' id='word_1_114' title='bbox 292 2882 436 2949; x_wconf 80' lang='grc' dir='ltr'>Ὀδυσεὺς</span> <span class='ocrx_word' id='word_1_115' title='bbox 453 2886 526 2946; x_wconf 87' lang='grc' dir='ltr'>κοτδι</span> <span class='ocrx_word' id='word_1_116' title='bbox 540 2889 650 2964; x_wconf 87' lang='grc' dir='ltr'>λαιμάν</span> <span class='ocrx_word' id='word_1_117' title='bbox 665 2883 867 2966; x_wconf 79' lang='grc' dir='ltr'>ἐπισχόμενος</span> <span class='ocrx_word' id='word_1_118' title='bbox 881 2879 981 2960; x_wconf 89' lang='grc' dir='ltr'>βᾶλεν</span> <span class='ocrx_word' id='word_1_119' title='bbox 997 2883 1043 2968; x_wconf 75' lang='grc' dir='ltr'>ἰῷ,</span> <span class='ocrx_word' id='word_1_120' title='bbox 1100 2912 1128 2962; x_wconf 84' lang='lat'>¹5</span> 
     </span>
    </p>

    <p class='ocr_par' dir='ltr' id='par_1_18' title="bbox 185 2983 908 3070">
     <span class='ocr_line' id='line_1_19' title="bbox 185 2983 908 3070; baseline -0.004 -20"><span class='ocrx_word' id='word_1_121' title='bbox 185 2986 304 3070; x_wconf 81' lang='grc' dir='ltr'>ἀντικρὺ</span> <span class='ocrx_word' id='word_1_122' title='bbox 321 2985 345 3051; x_wconf 90' lang='grc' dir='ltr'>δ’</span> <span class='ocrx_word' id='word_1_123' title='bbox 361 2989 491 3051; x_wconf 84' lang='grc' dir='ltr'>ἃπαλοῖο</span> <span class='ocrx_word' id='word_1_124' title='bbox 506 2985 544 3050; x_wconf 85' lang='grc' dir='ltr'>δι’</span> <span class='ocrx_word' id='word_1_125' title='bbox 558 2985 684 3070; x_wconf 83' lang='grc' dir='ltr'>αὐχένος</span> <span class='ocrx_word' id='word_1_126' title='bbox 698 2984 784 3064; x_wconf 82' lang='grc' dir='ltr'>ἤλυθ’</span> <span class='ocrx_word' id='word_1_127' title='bbox 801 2983 908 3063; x_wconf 81' lang='grc' dir='ltr'>ἀκωκή.</span> 
     </span>
    </p>

    <p class='ocr_par' dir='ltr' id='par_1_19' title="bbox 185 3089 946 3172">
     <span class='ocr_line' id='line_1_20' title="bbox 185 3089 946 3172; baseline 0.003 -19"><span class='ocrx_word' id='word_1_128' title='bbox 185 3091 305 3170; x_wconf 74' lang='grc' dir='ltr'>ἐκλίνθη</span> <span class='ocrx_word' id='word_1_129' title='bbox 321 3090 346 3154; x_wconf 84' lang='grc' dir='ltr'>δ’</span> <span class='ocrx_word' id='word_1_130' title='bbox 362 3089 500 3172; x_wconf 81' lang='grc' dir='ltr'>ἑτέρωσε,</span> <span class='ocrx_word' id='word_1_131' title='bbox 517 3091 609 3156; x_wconf 89' lang='grc' dir='ltr'>δέπας</span> <span class='ocrx_word' id='word_1_132' title='bbox 625 3090 658 3154; x_wconf 91' lang='grc' dir='ltr'>δέ</span> <span class='ocrx_word' id='word_1_133' title='bbox 671 3091 700 3154; x_wconf 81' lang='grc' dir='ltr'>οἱ</span> <span class='ocrx_word' id='word_1_134' title='bbox 717 3090 829 3154; x_wconf 83' lang='grc' dir='ltr'>ἔκπεσε</span> <span class='ocrx_word' id='word_1_135' title='bbox 843 3094 946 3171; x_wconf 84' lang='grc' dir='ltr'>χειρὸς</span> 
     </span>
    </p>

    <p class='ocr_par' dir='ltr' id='par_1_20' title="bbox 183 3191 1114 3276">
     <span class='ocr_line' id='line_1_21' title="bbox 183 3191 1114 3276; baseline 0.001 -19"><span class='ocrx_word' id='word_1_136' title='bbox 183 3197 348 3276; x_wconf 83' lang='grc' dir='ltr'>βλημένου,</span> <span class='ocrx_word' id='word_1_137' title='bbox 365 3196 469 3260; x_wconf 80' lang='grc' dir='ltr'>ούτίκο</span> <span class='ocrx_word' id='word_1_138' title='bbox 483 3192 508 3258; x_wconf 90' lang='grc' dir='ltr'>δ’</span> <span class='ocrx_word' id='word_1_139' title='bbox 523 3194 615 3260; x_wconf 86' lang='grc' dir='ltr'>αάλὸς</span> <span class='ocrx_word' id='word_1_140' title='bbox 632 3192 690 3257; x_wconf 86' lang='grc' dir='ltr'>ἀνά</span> <span class='ocrx_word' id='word_1_141' title='bbox 703 3195 786 3276; x_wconf 83' lang='grc' dir='ltr'>ῥῖνας</span> <span class='ocrx_word' id='word_1_142' title='bbox 801 3193 899 3275; x_wconf 81' lang='grc' dir='ltr'>παχὺς</span> <span class='ocrx_word' id='word_1_143' title='bbox 914 3191 1007 3271; x_wconf 73' lang='grc' dir='ltr'>ἦλθεν</span> <span class='ocrx_word' id='word_1_144' title='bbox 1111 3194 1114 3204; x_wconf 73' lang='grc'><em>“</em></span> 
     </span>
    </p>

    <p class='ocr_par' dir='ltr' id='par_1_21' title="bbox 183 3294 946 3381">
     <span class='ocr_line' id='line_1_22' title="bbox 183 3294 946 3381; baseline -0.007 -16"><span class='ocrx_word' id='word_1_145' title='bbox 183 3300 307 3381; x_wconf 75' lang='grc' dir='ltr'>αἵματος</span> <span class='ocrx_word' id='word_1_146' title='bbox 322 3298 505 3380; x_wconf 86' lang='grc' dir='ltr'>ἀνδρομέοιο·</span> <span class='ocrx_word' id='word_1_147' title='bbox 530 3303 606 3363; x_wconf 90' lang='grc' dir='ltr'>θοῶς</span> <span class='ocrx_word' id='word_1_148' title='bbox 622 3294 646 3361; x_wconf 92' lang='grc' dir='ltr'>δ’</span> <span class='ocrx_word' id='word_1_149' title='bbox 662 3298 721 3360; x_wconf 90' lang='grc' dir='ltr'>ἀπδ</span> <span class='ocrx_word' id='word_1_150' title='bbox 737 3298 782 3361; x_wconf 72' lang='grc' dir='ltr'>εἷο</span> <span class='ocrx_word' id='word_1_151' title='bbox 797 3295 946 3380; x_wconf 84' lang='grc' dir='ltr'>τράπεζαν</span> 
     </span>
    </p>

    <p class='ocr_par' dir='ltr' id='par_1_22' title="bbox 184 3400 1128 3484">
     <span class='ocr_line' id='line_1_23' title="bbox 184 3400 1128 3484; baseline 0 -19"><span class='ocrx_word' id='word_1_152' title='bbox 184 3400 245 3466; x_wconf 79' lang='grc' dir='ltr'>ῶσε</span> <span class='ocrx_word' id='word_1_153' title='bbox 261 3403 331 3467; x_wconf 79' lang='grc' dir='ltr'>ποδὶ</span> <span class='ocrx_word' id='word_1_154' title='bbox 346 3401 473 3481; x_wconf 79' lang='grc' dir='ltr'>πλήξας,</span> <span class='ocrx_word' id='word_1_155' title='bbox 489 3403 548 3465; x_wconf 87' lang='grc' dir='ltr'>ἀπὸ</span> <span class='ocrx_word' id='word_1_156' title='bbox 564 3400 589 3465; x_wconf 86' lang='grc' dir='ltr'>δ’</span> <span class='ocrx_word' id='word_1_157' title='bbox 608 3401 710 3465; x_wconf 80' lang='grc' dir='ltr'>εἴδατα</span> <span class='ocrx_word' id='word_1_158' title='bbox 724 3404 814 3484; x_wconf 84' lang='grc' dir='ltr'>χεῦεν</span> <span class='ocrx_word' id='word_1_159' title='bbox 830 3401 924 3483; x_wconf 85' lang='grc' dir='ltr'>ἔραζε·</span> <span class='ocrx_word' id='word_1_160' title='bbox 1097 3431 1128 3466; x_wconf 82' lang='grc' dir='ltr'>το</span> 
     </span>
    </p>

    <p class='ocr_par' dir='ltr' id='par_1_23' title="bbox 185 3500 1007 3586">
     <span class='ocr_line' id='line_1_24' title="bbox 185 3500 1007 3586; baseline 0.001 -17"><span class='ocrx_word' id='word_1_161' title='bbox 185 3506 268 3573; x_wconf 79' lang='grc' dir='ltr'>σῖτός</span> <span class='ocrx_word' id='word_1_162' title='bbox 285 3531 317 3570; x_wconf 93' lang='grc' dir='ltr'>τε</span> <span class='ocrx_word' id='word_1_163' title='bbox 333 3502 401 3585; x_wconf 90' lang='grc' dir='ltr'>κρέα</span> <span class='ocrx_word' id='word_1_164' title='bbox 415 3531 433 3568; x_wconf 87' lang='grc' dir='ltr'>τ</span> <span class='ocrx_word' id='word_1_165' title='bbox 457 3507 535 3571; x_wconf 87' lang='grc' dir='ltr'>ἀπτδ</span> <span class='ocrx_word' id='word_1_166' title='bbox 550 3504 704 3586; x_wconf 91' lang='grc' dir='ltr'>φορύνετο.</span> <span class='ocrx_word' id='word_1_167' title='bbox 750 3500 795 3568; x_wconf 80' lang='grc' dir='ltr'>τοὶ</span> <span class='ocrx_word' id='word_1_168' title='bbox 812 3503 837 3568; x_wconf 92' lang='grc' dir='ltr'>δ’</span> <span class='ocrx_word' id='word_1_169' title='bbox 853 3503 1007 3586; x_wconf 80' lang='grc' dir='ltr'>ὁμάδησαν</span> 
     </span>
    </p>

    <p class='ocr_par' dir='ltr' id='par_1_24' title="bbox 183 3609 1018 3692">
     <span class='ocr_line' id='line_1_25' title="bbox 183 3609 1018 3692; baseline 0 -19"><span class='ocrx_word' id='word_1_170' title='bbox 183 3612 350 3690; x_wconf 82' lang='grc' dir='ltr'>μνηστῆρες</span> <span class='ocrx_word' id='word_1_171' title='bbox 367 3613 441 3673; x_wconf 80' lang='grc' dir='ltr'>κατὰ</span> <span class='ocrx_word' id='word_1_172' title='bbox 456 3609 575 3692; x_wconf 74' lang='grc' dir='ltr'>δώμαθ’,</span> <span class='ocrx_word' id='word_1_173' title='bbox 591 3610 672 3674; x_wconf 85' lang='grc' dir='ltr'>ὅπως</span> <span class='ocrx_word' id='word_1_174' title='bbox 686 3610 751 3672; x_wconf 78' lang='grc' dir='ltr'>ἴδον</span> <span class='ocrx_word' id='word_1_175' title='bbox 768 3609 860 3690; x_wconf 88' lang='grc' dir='ltr'>ἄνδρα</span> <span class='ocrx_word' id='word_1_176' title='bbox 875 3609 1018 3686; x_wconf 88' lang='grc' dir='ltr'>πεσόντα,</span> 
     </span>
    </p>

    <p class='ocr_par' dir='ltr' id='par_1_25' title="bbox 184 3710 958 3797">
     <span class='ocr_line' id='line_1_26' title="bbox 184 3710 958 3797; baseline -0.005 -19"><span class='ocrx_word' id='word_1_177' title='bbox 184 3715 216 3778; x_wconf 79' lang='grc' dir='ltr'>ἐκ</span> <span class='ocrx_word' id='word_1_178' title='bbox 232 3717 264 3778; x_wconf 76' lang='grc' dir='ltr'>δὲ</span> <span class='ocrx_word' id='word_1_179' title='bbox 281 3714 397 3795; x_wconf 88' lang='grc' dir='ltr'>θρόνων</span> <span class='ocrx_word' id='word_1_180' title='bbox 412 3715 577 3797; x_wconf 87' lang='grc' dir='ltr'>ἀνόρουσαν</span> <span class='ocrx_word' id='word_1_181' title='bbox 592 3710 759 3795; x_wconf 82' lang='grc' dir='ltr'>ὀρινθέντες</span> <span class='ocrx_word' id='word_1_182' title='bbox 775 3711 849 3776; x_wconf 81' lang='grc' dir='ltr'>κατὰ</span> <span class='ocrx_word' id='word_1_183' title='bbox 864 3718 958 3793; x_wconf 89' lang='grc' dir='ltr'>δῶμα,</span> 
     </span>
    </p>
   </div>
   <div class='ocr_carea' id='block_1_5' title="bbox 0 0 1384 4228">
    <p class='ocr_par' dir='ltr' id='par_1_26' title="bbox 0 0 1384 4228">
     <span class='ocr_line' id='line_1_27' title="bbox 0 0 1384 4228; baseline 0 0"><span class='ocrx_word' id='word_1_184' title='bbox 0 0 1384 4228; x_wconf 95' lang='lat' dir='ltr'> </span> 
     </span>
    </p>
   </div>
  </div>
 </body>
</html>
