2792 4232
281 395 345 459 334
589 370 638 430 16.
665 371 834 430 ΙΛΙΑΔΟΣ
858 369 897 431 Π.

272 539 313 622 τῷ
330 537 365 601 ού
378 563 407 602 τι
422 523 589 622 χρῆιμῦθόν
605 537 761 619 ὀφέλλειν,
779 539 860 600 ἀλλά
874 525 1061 618 μάχεσθαι’.”

308 640 371 708 Ὣς
386 644 478 707 είπδν
493 645 509 705 ὁ
523 645 579 722 μέν
594 639 672 725 ἦρχ’,
689 643 706 706 ό
721 645 746 706 δ’
762 641 811 720 ἀμ’
829 641 938 704 ἕσπετο
955 637 1075 702 ἰσόθεος
1090 634 1165 716 φάς·

271 748 330 808 τῶν
346 741 370 805 δ’
388 743 428 807 ὥς
442 765 476 806 τε
491 738 644 822 δρυτόμων
660 741 775 822 ἀνδρῶν
791 737 956 823 ὀρυμαγδὸς
972 738 1068 824 ἀράρῃ

273 842 374 925 οὔρεος
390 844 422 906 ἐν
436 841 569 928 βήσσῃς,
585 842 691 906 ἕκαθεν
706 841 740 904 δέ
753 867 787 905 τε
801 842 913 924 γίγνετ’
930 839 1031 918 ἀκουή,

273 947 313 1011 ὣς
327 951 386 1010 τῶν
402 946 511 1026 ὤρνυτο
527 949 636 1011 δοῦπος
651 945 711 1009 ἀπὸ
725 945 835 1028 χθονὸς
851 945 1018 1024 εὐρυοδείης
1062 947 1064 950 ’
1164 954 1213 1019 655

272 1052 389 1128 χαλκοῦ
403 1073 436 1112 τε
449 1050 533 1130 ῥινοῦ
547 1075 581 1113 τε
595 1055 679 1129 βοῶν
694 1048 720 1110 τ’
736 1043 930 1126 εὐποιητάων,

273 1149 467 1229 νυσσομένων
483 1149 606 1232 ξίφεσίν
620 1177 653 1215 τε
669 1151 717 1214 καὶ
732 1149 856 1232 ἔγχεσιν
873 1148 1079 1229 ἀμφιγύοισιν.

273 1253 333 1317 οὐδ’
348 1251 385 1316 ἀν
400 1253 444 1316 ἔτι
459 1251 604 1335 φράδμων
618 1279 674 1334 περ
690 1252 763 1334 ἀνὴρ
779 1251 959 1332 Σαρπηδόνα
974 1247 1039 1314 δῖον

274 1356 357 1437 ἔγνω,
375 1357 441 1420 ἐπεὶ
456 1355 606 1436 βελέεσσι
622 1357 671 1420 καὶ
686 1357 788 1435 οίματι
804 1356 853 1419 καὶ
870 1357 1006 1438 κονίῃσιν

275 1463 306 1523 ἐκ
322 1460 455 1539 κεφαλῆς
471 1461 571 1523 εἴλυτο
587 1461 745 1540 διαμπερὲς
760 1459 791 1524 ἐς
806 1458 900 1522 πόδας
914 1457 1030 1536 άκρους.
1164 1467 1214 1534 640

273 1563 302 1625 οἱ
317 1561 342 1625 δ’
359 1561 418 1625 οίεὶ
433 1562 501 1642 περὶ
517 1561 620 1643 νεκρὸν
636 1563 768 1640 ὁμίλεον,
785 1560 824 1625 ὣς
839 1561 890 1622 ὅτε
904 1563 987 1637 μυῖαι

272 1664 395 1748 σταθμῷ
412 1664 457 1727 ἔνι
471 1662 627 1745 βρομέωσι
642 1661 844 1745 περιγλαγέας
860 1661 934 1726 κατὰ
950 1663 1067 1726 πέλλας

272 1769 332 1853 ὥρῃ
348 1768 381 1831 ἐν
396 1755 517 1852 εἰαρινῇ,
535 1767 585 1830 ὅτε
599 1791 632 1829 τε
646 1763 761 1848 γλάγος
777 1764 975 1848 άγγεαδεύει·

273 1871 311 1936 ὣς
326 1870 383 1950 ἀρα
398 1870 445 1932 τοὶ
460 1869 528 1950 περὶ
543 1868 647 1949 νεκρὸν
663 1869 794 1946 όμίλεον,
813 1867 881 1932 οὐδέ
896 1891 969 1930 ποτε
987 1866 1061 1932 Ζεὺς

240 1991 243 2000 ·
272 1970 384 2054 τρέφεν
398 1971 458 2036 ἀπὸ
474 1975 614 2052 κρατερῆς
628 1971 753 2050 ῦσμίνης
769 1971 846 2034 όσσε
861 1970 985 2051 φαεινά,
1166 1979 1216 2043 645

271 2070 352 2134 ἀλλὰ
368 2073 430 2133 κατ’
447 2069 553 2136 αὐτοὺς
567 2073 632 2135 αἰέν
648 2070 703 2152 όρα
719 2069 768 2133 καί
784 2068 913 2150 φράζετο
932 2072 1022 2155 θυμῷ,

270 2176 375 2239 πολλὰ
388 2173 460 2254 μάλ’
477 2175 556 2255 ἀμφὶ
571 2172 655 2260 φόνῳ
671 2170 851 2256 Πατρόκλου
864 2175 1059 2257 μερμηρίζων,

270 2269 359 2352 ῆῆδη
376 2273 425 2335 καὶ
441 2277 538 2336 κεῖνον
553 2274 597 2337 ἐνὶ
613 2271 737 2359 κρατερῇ
754 2275 863 2360 ὑσμίνῃ

271 2374 360 2437 αὐτοῦ
376 2372 423 2437 ἐπ’
439 2365 563 2459 ἀντιθέῳ
580 2377 750 2456 Σαρπηδόνι
765 2377 908 2457 φαίδιμος
920 2375 1039 2457 Ἕκτωρ

271 2478 375 2561 χαλκῷ
391 2478 502 2564 δῃώσῃ,
520 2477 581 2541 ἀπό
594 2475 621 2540 τ’
637 2479 724 2558 ὤμων
739 2478 835 2561 τεύχε’
850 2479 966 2557 ἕληται,
1164 2491 1217 2556 650

271 2577 289 2655 ἦ
305 2580 348 2644 ἐτι
365 2580 413 2643 καὶ
428 2579 613 2644 πλεόνεσσιν
629 2579 792 2661 ὀφέλλειεν
807 2581 901 2644 πόνον
916 2578 1016 2646 αίπύυ.

270 2683 327 2745 ὧδε
342 2680 376 2747 δέ
391 2683 419 2745 οἱ
435 2681 593 2764 φρονέοντι
610 2682 763 2746 δοάσσατο
779 2681 896 2762 κέρδιον
912 2683 997 2763 εἶναι,

270 2784 340 2865 ὄφρ’
355 2783 408 2864 η’ύς
423 2784 561 2865 θεράπων
576 2785 756 2866 Πηληϊάδεω
773 2784 917 2868 Ἀχιλῆος

269 2887 386 2966 ἐξαῦτις
399 2888 504 2971 Τριῦάς
519 2915 552 2954 τε
567 2891 616 2954 καί
627 2890 758 2969 Ἕκτορα
772 2891 1021 2973 χαλκοκορυστὴν

269 2991 381 3054 ὤσαιτο
396 2992 483 3073 προτὶ
498 2991 584 3066 ἀστυ,
601 2990 721 3056 πολέων
736 2987 763 3055 δ’
779 2991 838 3056 ἀπδ
854 2993 946 3073 θυμδν
962 2994 1071 3059 ἕλοιτο.
1161 3009 1212 3073 655

263 3090 387 3174 Ἕκτορι
403 3096 435 3158 δέ
451 3096 606 3179 πρωτίστῳ
623 3093 768 3160 ἀνάλκιδα
784 3095 877 3176 θυμὸν
892 3098 1005 3172 ἐνῆκεν·

268 3196 299 3259 ἐς
314 3199 422 3276 δίφρον
437 3198 464 3260 δ’
480 3198 597 3277 ἀναβὰς
613 3195 721 3278 φύγαδ’
739 3197 856 3279 ἔτραπε,
873 3197 996 3261 κέκλετο
1011 3198 1036 3260 δ’
1053 3197 1167 3266 ἀλλους

266 3300 370 3377 Τρῶας
386 3297 577 3378 φευγέμεναι·
599 3304 661 3380 γνῶ
676 3301 734 3381 γδρ
750 3300 825 3365 Διὸς
841 3301 890 3379 ἱρά
905 3297 1047 3363 τάλαντα.

267 3398 327 3463 ἐνθ’
343 3397 405 3464 οὐδ’
420 3402 539 3480 ἴφθιμοι
554 3400 657 3465 Λύκιοι
672 3401 771 3481 μένον,
789 3398 860 3465 ἀλλ’
876 3401 1031 3482 ἐφόβηθεν

266 3500 384 3576 πάντες,
401 3503 467 3566 ἐπεὶ
481 3506 620 3582 βασιλῆα
634 3506 699 3568 ίδον
713 3503 932 3585 βεβλαμμένον
947 3503 1026 3585 ῆτορ,
1158 3519 1210 3570 66ο

266 3605 401 3683 κείμενον
415 3605 449 3670 ἐν
464 3604 575 3669 νεκύων
591 3605 701 3687 ἀγύρει·
724 3605 833 3673 πολέες
848 3609 905 3688 γδρ
921 3605 967 3669 ἐπ’
984 3607 1062 3691 αύτῷ

265 3705 431 3780 κάππεσον,
448 3703 507 3770 εὖτ’
524 3705 606 3787 ἔριδα
621 3710 764 3790 κρατερὴν
780 3708 928 3773 ἐτάνυσσε
944 3710 1086 3790 Κρονίων.
