2848 4296
236 315 301 396 456
565 331 615 398 23.
633 315 804 377 ΙΛΙΑΔΟΣ
827 315 865 376 ψ.

238 482 353 562 νήπιος,
370 483 422 546 οὐκ
438 481 562 555 ἔθέλων,
580 480 656 564 ἀμφ’
672 480 896 565 ἀστραγάλοισι
909 483 1069 568 χολωθείς·

237 588 311 653 ἔνθα
325 613 363 666 με
378 583 541 666 δεξόμενος
556 588 590 649 ἐν
605 586 742 666 διόμασιν
758 587 873 650 ίππότο
888 585 1010 664 Πηλεὺς

238 689 352 771 ἔτραφέ
366 692 391 752 τ’
408 687 551 755 ἐνδυκέως
567 689 617 753 καὶ
632 689 689 754 σὸν
704 688 862 771 θεράποντ’
879 691 1035 771 ὀνόμηνεν
1155 717 1188 767 9ο

238 795 278 861 ἀς
292 794 326 856 δὲ
341 793 391 857 καὶ
406 790 500 856 ὀστέα
515 798 587 858 νῶϊν
603 792 660 873 όμή
677 798 768 873 σορὸς
783 793 1009 872 ἀμφικαλύπτοι

236 896 367 980 χρύσεος
382 895 581 977 ἀμφιφορεύς,
601 898 654 960 τόν
669 921 716 959 τοι
731 897 807 978 πόρε
822 896 933 962 πότνια
947 894 1073 978 μήτηρ.”

278 1000 342 1064 Τὸν
357 999 381 1065 δ’
399 1000 643 1079 ἀπαμειβόμενος
658 997 800 1081 προσέφη
817 999 912 1066 πόδας
924 1000 1000 1066 ὠκὺς
1014 998 1188 1085 Ἀχιλλεύς·

239 1111 257 1140 “
267 1104 353 1168 τίπτε
367 1127 428 1184 μοι,
444 1101 529 1181 ἠθείη
546 1100 675 1183 κεφαλή,
691 1100 771 1183 δεῦρ’
788 1101 979 1181 εἰλήλουθας,

238 1207 288 1270 καί
301 1232 354 1285 μοι
369 1211 461 1270 ταῦτα
477 1202 579 1269 ἕκαστ’
595 1205 771 1271 ἐπιτέλλεαι
780 1232 791 1281 ,·
815 1206 908 1290 αύτάρ
923 1207 982 1290 έγαί
999 1231 1046 1270 τοι
1154 1233 1187 1284 95

237 1309 336 1374 πόντα
351 1307 422 1390 μόλ’
439 1307 568 1372 ἐκτελέω
585 1310 634 1373 καὶ
649 1309 794 1389 πείσομαι
810 1309 849 1376 ἀς
865 1309 904 1373 σὺ
919 1310 1063 1376 κελεύεις.

238 1412 320 1477 ἀλλά
333 1438 385 1492 μοι
400 1413 501 1478 ἀοσον
519 1416 619 1492 στῆθι·
643 1411 774 1492 μίνυνθό
789 1438 846 1495 περ
862 1413 1077 1495 ἀμφιβαλόντε

238 1514 393 1595 ἀλλήλους
407 1516 510 1579 ὀλοοῖο
525 1516 763 1596 τεταρπόμεσθα
776 1515 891 1598 γόοιο.”

274 1619 338 1687 Ὣς
353 1620 411 1701 ἆρα
426 1616 572 1701 φωνήσας
588 1616 719 1700 ὠρέξατο
735 1621 825 1704 χερσὶ
841 1620 981 1708 φίλῃσιν,

238 1724 298 1787 οὐδ’
316 1724 423 1803 ἔλαβε·
447 1723 534 1806 ψυχὴ
550 1723 584 1786 δὲ
599 1726 675 1792 κατὰ
688 1723 800 1808 χθονὸς
815 1721 886 1802 ἠύτε
902 1724 1014 1791 καπνὸς
1141 1749 1188 1788 ιοο
1234 1777 1237 1790 .

238 1827 335 1912 ᾤχετο
347 1831 511 1908 τετριγυῖα·
534 1827 641 1909 ταφὼν
657 1830 682 1891 δ’
699 1828 864 1909 ἀνόρουσεν
878 1826 1044 1910 Ἀχιλλεὺς

237 1930 329 2014 χερσί
343 1955 375 1993 τε
392 1928 659 2012 συμπλατάγησεν,
677 1931 750 1997 έπος
765 1930 790 1994 δ’
807 1931 979 2013 ὀλοφυδνὸν
995 1931 1105 1997 ἔειπεν

240 2031 292 2096 “b
308 2033 410 2109 πόποι,
427 2031 499 2115 ήρθ
513 2033 558 2099 τίς
577 2035 644 2097 έστι
661 2035 710 2098 καὶ
726 2035 771 2098 είν
785 2033 892 2098 Ἀίδαο
907 2036 1029 2114 δόμοισι

237 2138 324 2221 ψυχὴ
341 2137 390 2202 καὶ
407 2142 541 2214 εἴδωλον,
559 2137 634 2220 ἀτὰρ
650 2137 758 2220 φρένες
774 2137 825 2204 ούκ
842 2139 887 2205 ένι
902 2137 1036 2219 σύμπαν·

239 2243 387 2324 παννυχίη
403 2241 461 2323 γάρ
474 2267 524 2321 μοι
541 2244 737 2322 Πατροκλῆος
756 2246 870 2305 δειλοῖο
1140 2267 1186 2318 ¹05

237 2346 324 2429 ψυχὴ
340 2344 503 2426 έφεστήκει
518 2342 641 2427 γοόωσθ
656 2370 690 2409 τε
703 2344 853 2426 μυρομένη
868 2369 910 2422 τε,

239 2449 290 2511 καί
303 2473 355 2526 μοι
370 2445 471 2512 ἕκαστ’
488 2449 660 2527 ἐπέτελλεν,
677 2448 757 2512 ἔϊκτο
773 2450 807 2511 δὲ
822 2447 972 2513 θέσκελον
988 2443 1098 2530 αότῷ.”

275 2549 339 2617 Ὣς
354 2550 443 2632 φθτα,
458 2556 540 2615 τοῖσι
555 2553 587 2615 δὲ
603 2556 698 2620 πᾶσιν
712 2549 763 2632 ἀφ’
780 2553 883 2632 ἵμερον
898 2548 979 2632 ὦρσε
993 2551 1089 2633 γόοιο·

238 2652 433 2735 μυρομένοισι
448 2656 481 2718 δὲ
495 2659 577 2722 τοῖσι
592 2653 674 2736 φάνη
688 2652 907 2737 ῥοδοδάκτυλος
923 2651 1005 2720 Ἠὼς

239 2758 317 2838 ἀμφὶ
333 2755 421 2821 νέκυν
438 2757 581 2822 ἐλεεινόν.
621 2758 696 2839 ἀτάρ
712 2757 818 2839 κρείων
832 2755 1032 2840 Ἀγαμέμνων
1140 2781 1187 2818 no

240 2858 347 2941 ούρῆἀς
361 2860 386 2921 τ’
403 2860 514 2942 ὤτρυνε
529 2858 578 2925 καὶ
592 2859 700 2942 ἀνέρος
716 2858 825 2939 ἀξέμεν
839 2860 916 2939 ίίλην

240 2962 388 3029 πθυτοθεν
402 2961 435 3026 έκ
451 2969 588 3034 κλισιῶν·
612 2965 663 3028 ἐπὶ
678 2963 703 3027 δ’
719 2963 795 3044 ἀνδρ
811 2963 923 3030 έσθλδς
938 2963 1052 3046 ὀρθρει,

240 3067 403 3148 Μηριόνης,
419 3066 557 3148 θεράπων
572 3065 762 3151 ἀγαπήνορος
776 3067 957 3147 Ἰδομενῆος.

241 3174 270 3235 οἱ
285 3170 310 3235 δ’
325 3172 398 3233 ίσαν
412 3171 575 3250 ὑλοτόμους
591 3170 738 3237 πελέκεας
752 3171 787 3236 έν
799 3172 909 3253 χερσὶν
924 3169 1047 3254 ἔχοντες

242 3275 343 3358 σειράς
358 3271 384 3336 τ’
400 3271 590 3339 εύπλέκτους·
614 3281 672 3357 πρὸ
688 3273 716 3338 δ’
732 3269 780 3355 ἄρ’
795 3273 900 3356 οάρήες
915 3274 981 3337 κίον
995 3274 1100 3340 αύτῶν.
1139 3301 1185 3351 1¹5

242 3381 344 3446 πολλὰ
358 3381 384 3442 δ’
399 3376 512 3443 όναντα
527 3374 658 3441 κθταντα
672 3375 810 3459 πόραντά
825 3401 858 3441 τε
872 3375 985 3459 δόχμιά
999 3378 1024 3441 τ’
1041 3377 1146 3458 ἦλθον·

243 3480 311 3550 ἀλλ’
328 3483 378 3547 ότε
392 3480 428 3561 δή
444 3479 571 3560 κνημοὺς
586 3479 747 3563 προσέβαν
761 3481 965 3546 πολυπίδακος
977 3479 1068 3561 Ἴδης,

242 3585 337 3651 αὐτίκ’
353 3586 409 3668 ἀρα
423 3588 491 3666 δρῦς
504 3585 672 3666 ὑψικόμους
687 3581 829 3663 ταναήκεϊ
842 3584 949 3669 χαλκῷ

242 3690 354 3768 τόρνον
369 3689 567 3772 ἐπειγόμενοι·
591 3687 641 3753 ταὶ
656 3689 690 3754 δέ
704 3684 825 3770 μεγόλα
841 3685 1023 3752 κτυπέουσαι
