2834 4234
504 353 551 398 12.
576 340 808 399 ΟΔΎΣΣΕΙΑΣ
835 341 877 399 Μ.
1113 353 1171 415 711

219 505 322 567 αὐτίκα
339 502 365 568 δ’
381 506 559 570 ἀθανάτοισι
574 506 703 585 μετηύδα
719 508 873 590 χωόμενος
890 509 954 587 κῆρ·

262 614 281 642 “
292 613 351 671 Ζεῦ
367 607 461 684 πάτερ
477 609 521 688 ἠδ’
539 610 631 672 ἀλλοι
647 608 779 690 μάκαρες
795 611 859 673 θεοὶ
875 612 940 673 αἰὲν
957 610 1067 686 έόντες,

218 717 301 776 τῖσαι
317 714 352 791 δὴ
369 713 489 793 ἑτάρους
505 712 695 795 Λαερτιάδεω
712 714 874 792 Ὀδυσῆος,

218 818 249 878 οί
261 843 316 894 μευ
331 822 407 896 βοΰς
422 817 557 881 ἔκτειναν
573 816 731 896 ὑπέρβιον,
743 815 816 903 ᾗσιν
832 816 891 899 ἐγό
907 841 942 896 γε

219 921 384 1001 χαίρεσκον
398 922 455 1000 μὲν
472 921 525 986 ίάιν
542 923 585 987 είς
599 921 727 1002 οὐρανὸν
743 924 935 998 ἀστερόεντα,
1120 937 1172 995 380

217 1021 263 1100 ἠδ’
281 1022 365 1086 ὁπότ’
382 1023 430 1105 ἀφ
446 1027 494 1087 ἐπὶ
509 1029 600 1105 γαῖαν
616 1022 667 1087 ἀπ’
685 1024 847 1104 οὐρανόθεν
862 1024 1099 1104 προτραποίμην.

218 1128 244 1189 εί
259 1126 292 1190 δέ
305 1154 357 1207 μοι
376 1129 410 1190 οὐ
426 1130 546 1191 τίσουσι
562 1134 647 1208 βοοῖν
663 1125 790 1192 ἐπιεικέ’
807 1127 952 1207 ἀμοιβήν,

217 1230 344 1309 δύσομαι
361 1234 404 1297 είς
418 1230 521 1295 Ἀΐδαο
539 1233 587 1295 καὶ
603 1233 636 1297 ἓν
652 1232 792 1296 νεκύεσσι
808 1229 953 1313 φαείνω.”

260 1339 323 1399 Τδν
338 1335 363 1399 δ’
380 1337 626 1414 ἀπαμειβόμενος
642 1336 782 1416 προσέφη
800 1333 1025 1417 νεφεληγερέτα
1041 1335 1127 1400 Ζεύς·

216 1445 233 1470 “
246 1437 357 1516 Ἠέλι’,
372 1438 390 1516 ἦ
405 1465 452 1503 τοι
467 1442 523 1518 μέν
539 1439 578 1502 σὺ
592 1440 656 1520 μετ’
672 1437 852 1503 ἀθανάτοισι
869 1437 978 1518 φάεινε
1121 1453 1168 1512 385

217 1544 265 1604 καὶ
281 1547 417 1620 θνητοῖσι
433 1547 593 1623 βροτοῖσιν
609 1541 657 1607 ἐπὶ
675 1543 815 1624 ζείδωρον
831 1543 969 1624 ἄρουραν·

215 1645 323 1710 τῶνδέ
340 1646 365 1708 κ’
380 1648 439 1728 ἐγὼ
455 1646 534 1728 τάχα
548 1651 606 1726 νῆα
622 1647 697 1725 θοὴν
714 1648 821 1729 ἀργῆτι
838 1645 970 1731 κεραυνῷ

215 1749 306 1813 τυτθὰ
321 1751 429 1829 βαλὼν
445 1748 585 1830 κεάσαιμι
601 1750 685 1834 μέσῳ
702 1747 745 1816 ἐνὶ
762 1755 864 1814 οἴνοπι
880 1747 1010 1833 πόντῳ.”

258 1858 359 1916 Ταῦτα
375 1853 399 1914 δ’
416 1855 494 1932 ἐγὼν
508 1852 625 1932 ἤκουσα
639 1859 805 1934 Καλυψοῦς
821 1853 976 1932 ἠϋκόμοιο·
1191 1900 1197 1971 Ι

214 1956 276 2034 ἡδ’
294 1956 353 2037 ἔφη
368 1955 511 2038 Ἑρμείαο
527 1957 683 2029 διακτόρου
698 1957 772 2036 αύτῖη
788 1958 925 2019 ἀκοῦσαι.
1118 1987 1167 2035 390
1194 2000 1200 2008 -

259 2058 359 2140 Αάτάρ
374 2061 442 2124 ἐπεί
454 2060 485 2142 ῥ’
502 2061 551 2122 ε’πῖ
567 2063 623 2138 νῆα
640 2057 809 2137 κατήλυθον
823 2059 875 2137 ἠδὲ
894 2057 1069 2136 θάλασσαν,

215 2165 332 2228 νείκεον
348 2164 480 2227 ἀλλοθεν
495 2164 593 2226 ἀλλον
609 2164 779 2241 ἐπισταδόν,
796 2163 866 2227 οὐδέ
881 2188 909 2225 τι
925 2165 1022 2243 μῆχος

215 2269 369 2351 εὑρέμεναι
385 2267 566 2348 δυνάμεσθα·
588 2271 662 2347 βόες
679 2267 705 2331 δ’
721 2266 933 2331 ἀποτέθνασαν
948 2265 1013 2344 ἤδη.

215 2378 313 2435 τοῖσιν
328 2373 353 2435 δ’
369 2370 462 2435 αὐτίκ’
479 2371 582 2436 ἔπειτα
598 2369 661 2436 θεοὶ
676 2370 768 2451 τέραα
783 2371 980 2453 προύφαινον·

216 2479 320 2558 εἷρπον
334 2477 390 2556 μὲν
401 2476 488 2557 ῥινοί,
506 2474 576 2557 κρέα
591 2475 617 2539 δ’
635 2474 710 2557 ἀμφ’
727 2477 872 2555 ὀβελοῖσι
890 2477 1023 2554 μεμύκει,
1116 2502 1165 2555 395

215 2579 350 2644 ὀπταλέα
366 2606 398 2643 τε
414 2580 462 2645 καὶ
477 2578 553 2658 τάμά·
576 2586 661 2658 βοῶν
676 2579 701 2643 δ’
719 2579 759 2644 ὡς
774 2581 895 2661 γίγνετο
912 2575 1008 2658 φωνή.

256 2682 391 2763 Ἑξῆμαρ
407 2687 463 2762 μὲν
478 2683 580 2746 ἔπειτα
596 2681 665 2765 ἐμοὶ,
678 2685 792 2764 ἐρίηρες
808 2688 922 2762 ἑταῖροι

214 2784 343 2852 δαίνυντ’
357 2787 497 2850 Ἠελίοιο
512 2791 596 2861 βοῶν
613 2787 780 2853 ἐλάσαντες
797 2789 931 2869 ἀρίστας·

214 2890 283 2954 ἀλλ’
300 2892 351 2954 ὅτε
366 2890 402 2968 δὴ
419 2891 551 2970 ἕβδομον
565 2889 643 2970 ἦμαρ
659 2892 709 2955 ἐπὶ
727 2892 802 2956 Ζεὺς
819 2893 891 2969 θῆκε
908 2891 1052 2970 Κρονίων,

215 2999 263 3058 καὶ
278 2995 340 3059 τότ’
355 2995 447 3058 ἔπειτ’
462 2993 571 3074 άνεμος
585 2996 641 3074 μὲν
657 2996 809 3060 ε’παύσατο
825 2997 953 3060 λαίλαπι
971 2997 1058 3070 θύων,
1113 3025 1163 3072 400

213 3099 297 3178 ἡμεῖς
316 3097 341 3164 δ’
362 3097 430 3180 αἶψ’
447 3097 616 3177 ἀναβάντες
632 3098 778 3180 ἐνήκαμεν
794 3099 872 3178 εὐρέϊ
887 3101 996 3184 πόντῳ,

215 3206 299 3266 ἱστὸν
314 3202 502 3281 στησάμενοι
517 3201 575 3265 ἀνά
592 3201 619 3265 θ’
637 3205 718 3267 ἱστία
733 3202 815 3266 λεύκ’
833 3204 1000 3283 ἐρύσαντες.

255 3304 344 3369 Ἀλλ’
360 3307 411 3369 ὅτε
427 3307 463 3385 δὴ
480 3307 534 3385 τὴν
550 3309 642 3384 νῆσον
658 3309 829 3387 ἐλείπομεν,
845 3308 913 3372 οὐδέ
924 3331 968 3372 τις
984 3307 1066 3386 άλλη

213 3411 339 3493 φαίνετο
354 3410 478 3492 γαιάων,
499 3411 569 3474 ἀλλ’
584 3411 709 3491 ούρανδς
723 3411 775 3490 ἠδὲ
792 3411 944 3486 θάλασσα,

213 3516 249 3594 δη
266 3516 334 3577 τότε
350 3514 475 3593 κυανέην
490 3516 625 3597 νεφέλην
641 3515 754 3593 ἔστησε
772 3516 906 3595 Κρονίων
1110 3543 1160 3590 405

213 3626 283 3699 νηδς
298 3621 373 3701 ὕπερ
388 3622 556 3701 γλαφυρῆς,
572 3618 690 3700 ἤχλυσε
705 3620 739 3683 δέ
753 3607 865 3684 πόντος
877 3619 927 3681 ὑπ’
943 3617 1044 3694 αὐτῆς.

212 3724 230 3803 ἡ
247 3724 273 3788 δ’
288 3725 351 3788 έθει
367 3723 402 3787 οὐ
416 3723 498 3798 μάλα
514 3723 634 3790 πολλὸν
649 3721 697 3788 ἐπὶ
712 3726 830 3806 χρόνον·
854 3722 933 3803 αἶψα
949 3722 1005 3805 γὰρ
1022 3721 1097 3801 ἦλθε
