2792 4232
500 339 547 405 16.
571 311 740 404 πολλου
764 345 820 404 τι..
1058 365 1120 432 327

183 511 215 574 ἐκ
231 510 354 575 πόντοιο
370 511 473 594 θύραζε
488 513 562 596 λίνιρ
580 511 628 575 καὶ
643 509 734 590 ἤνοπι
748 514 865 598 χαλκῷ·

183 614 222 678 δς
237 609 300 676 ἕλκ’
316 615 349 675 ἐκ
363 614 484 695 δίφροιο
501 614 648 696 κεχηνότα
663 617 744 696 δουρὶ
761 616 886 700 φαεινῷ,

184 716 236 777 κὰδ
250 711 276 776 δ’
288 714 332 794 ἄρ’
345 715 395 778 ἐπὶ
411 715 496 794 στόμ’
510 715 597 779 ἔωσε·
615 716 748 779 πεσόντα
764 716 797 778 δέ
808 743 860 796 μιν
875 716 947 780 λίπε
960 720 1059 797 θυμός.
1075 741 1123 792 4ιο

183 813 274 893 αὐτὰρ
290 812 382 876 ἔπειτ’
402 811 550 894 ’Ἐρύλαον
566 813 772 894 ἐπεσσύμενον
786 813 869 894 βάλε
884 814 980 899 πέτρῳ

182 912 301 992 μέσσην
317 917 372 977 κδκ
388 913 536 995 κεφαλήν·
559 914 577 992 ή
593 913 620 979 δ’
636 915 745 999 ἄνδιχα
761 921 845 980 πᾶσα
861 916 973 995 κεάσθη

184 1018 216 1079 ἐν
231 1017 332 1098 κόρυθι
347 1021 468 1104 βριαρῇ·
492 1020 508 1081 ὃ
527 1018 552 1082 δ’
568 1018 626 1100 ἄρα
640 1020 755 1101 πρηνής
770 1019 820 1084 ἐπὶ
833 1021 906 1107 γαίῃ

184 1117 348 1192 κάππεσεν,
366 1119 444 1201 ἀμφὶ
459 1119 492 1184 δέ
505 1139 557 1199 μιν
572 1119 701 1188 θάνατος
715 1121 789 1204 χύτο
805 1121 1013 1204 θυμοραϊστής.

185 1221 275 1302 αὐτὰρ
288 1221 380 1285 ἔπειτ’
392 1222 561 1305 Ἐρύμαντα
577 1225 626 1288 καί
636 1223 827 1305 Ἀμφοτερὸν
839 1225 886 1288 καὶ
896 1223 1060 1303 Ἐπάλτην,
1075 1251 1121 1297 4¹5

184 1327 386 1404 Τληπόλεμόν
401 1351 434 1391 τε
453 1327 686 1408 Δαμαστορίδην
700 1326 808 1409 Ἐχίον
823 1352 856 1391 τε
871 1327 967 1409 Πύριν
982 1353 1023 1406 τε,

186 1425 271 1507 Ἰφέα
285 1430 310 1491 τ’
327 1428 465 1495 Εὔιππόν
479 1455 513 1494 τε
528 1431 577 1493 καὶ
591 1427 759 1511 Ἀργεάδην
774 1429 969 1509 Πολύμηλον,

186 1528 296 1596 πάντας
312 1533 535 1614 ἐπασσυτέρους
550 1531 667 1597 πέλασε
681 1532 770 1616 χθονὶ
786 1534 1016 1618 πουλυβοτείρῃ.

227 1636 392 1714 Σαρπηδὼν
406 1632 432 1698 δ’
448 1636 488 1701 ὣς
502 1635 554 1700 σύν
569 1635 607 1699 ἴδ’
624 1635 860 1719 ἀμιτροχίτωνας
871 1637 1009 1716 ’ἑταίρους
1070 1673 1072 1680 ι

184 1733 269 1820 χέρσ’
284 1739 342 1800 ύπο
357 1738 548 1819 Πατρόκλοιο
564 1731 766 1802 Μενοιτιάδαο
781 1737 935 1818 δαμέντας,
1076 1762 1124 1812 420

186 1837 298 1903 κέκλετ’
314 1839 359 1921 ἄρ’
375 1840 541 1904 ἀντιθέοισι
557 1842 782 1920 καθαπτόμενος
796 1842 964 1904 Λυκίοισιν·

186 1943 310 2017 “αίδός,
327 1939 349 2005 ὦ
366 1942 478 2006 Λύκιοι·
501 1943 580 2006 πόσε
597 1942 748 2024 φεύγετε,·
772 1948 825 2007 νῦν
840 1943 906 2006 θοοὶ
923 1943 1004 2006 ἔστε.

186 2044 304 2124 ἀντήσω
319 2047 377 2127 γὰρ
394 2046 451 2128 ἐγδι
467 2044 545 2108 τοῦδ’
562 2045 674 2128 ἀνέρος,
693 2047 773 2126 ὄφρα
787 2046 876 2108 δαείω

186 2149 217 2212 ός
232 2174 277 2213 τις
292 2149 344 2211 ὅδε
361 2147 477 2229 κρατέει
493 2148 541 2210 καὶ
557 2147 592 2226 δή
610 2149 686 2209 κακδ
701 2149 804 2210 πολλὰ
819 2148 906 2228 ἔοργε

184 2255 296 2331 Τρῶας,
312 2251 378 2314 ἐπεὶ
394 2255 519 2312 πολλῶν
534 2273 567 2314 τε
583 2251 632 2312 καὶ
648 2251 768 2312 ἐσθλῶν
783 2247 904 2330 γούνατ’
920 2243 1059 2313 ἔλυσεν.”
1076 2274 1123 2322 4²5

222 2356 266 2416 Ἠ
277 2357 322 2435 ῥα,
334 2354 384 2416 καὶ
400 2351 436 2430 ἐξ
449 2350 546 2436 ὀχέων
561 2349 618 2417 σὺν
633 2352 774 2433 τεύχεσιν
791 2342 867 2414 ἆλτο
882 2353 1007 2434 χαμᾶζε.

187 2457 360 2537 Πάτροκλος
376 2455 400 2519 δ’
418 2455 571 2536 ἑτέρωθεν,
589 2455 654 2519 ἐπεὶ
670 2457 742 2531 ίδεν,
760 2446 865 2536 ἔκθορε
879 2455 996 2535 δίφρου.

184 2561 212 2620 οἱ
233 2559 257 2621 δ’
278 2560 317 2624 ὥς
334 2556 359 2621 τ’
376 2560 508 2641 αἰγυπιοὶ
524 2558 727 2640 γαμψώνυχες
743 2558 960 2640 ἀγκυλοχεῖλαι

185 2663 275 2750 πέτρῃ
292 2663 341 2743 ἐφ’
357 2664 462 2749 ὑψηλῇ
477 2656 598 2743 μεγάλα
613 2659 755 2736 κλάζοντε
768 2660 932 2742 μάχωνται,

185 2768 223 2831 δς
238 2769 268 2828 οἱ
282 2763 480 2846 κεκλήγοντες
496 2759 544 2828 ἐπ’
559 2761 745 2841 ἀλλήλοισιν
764 2765 902 2843 ὄρουσαν.
1076 2788 1126 2838 430

184 2869 250 2934 τοὺς
266 2870 298 2932 δέ
315 2869 386 2931 ίδδιν
401 2866 511 2946 ἐλέησε
528 2869 643 2947 Κρόνου
659 2871 728 2933 παῖς
744 2863 964 2948 ἀγκυλομήτεω,

181 2969 279 3053 Ἥρην
294 2971 328 3034 δέ
342 2969 507 3051 προσέειπε
523 2967 708 3052 κασιγνήτην
724 2969 840 3051 ἄλοχόν
853 2986 896 3033 τε·

183 3079 200 3108 “
210 3074 232 3135 ὦ
243 3100 294 3153 μοι
308 3073 395 3156 ἐγόυ,
409 3073 470 3137 ὅτέ
484 3096 536 3150 μοι
552 3072 741 3153 Σαρπηδόνα,
758 3070 909 3151 φίλτατον
925 3070 1047 3152 ἀνδρῶν,

184 3175 258 3255 μοῖρ’
274 3172 333 3238 ὑπδ
349 3173 539 3253 Πατρόκλοιο
557 3171 759 3236 Μενοιτιάδαο
774 3174 908 3251 δαμῆναι.

185 3276 273 3361 διχθὰ
291 3274 325 3340 δέ
339 3299 390 3355 μοι
405 3277 508 3356 κραδίη
524 3273 635 3354 μέμονε
651 3276 763 3355 φρεσὶν
778 3274 959 3355 ὁρμαίνοντι,
1076 3298 1126 3349 435

184 3377 203 3456 ή
216 3404 267 3458 μιν
283 3377 358 3455 ζωὸν
374 3378 462 3440 ἐόντα
475 3373 575 3458 μάχης
590 3377 648 3440 άπο
664 3375 870 3457 δακρυοέσσης

184 3483 253 3546 θείω
269 3479 443 3562 ἀναρπάξας
459 3483 570 3558 Λυκίης
586 3483 620 3544 ἐν
635 3480 718 3544 πίονι
733 3477 825 3564 δήμιρ,

187 3581 274 3664 ήήδη
290 3582 348 3646 ὑπὸ
364 3578 452 3666 χερσὶ
468 3581 671 3646 Μενοιτιάδαο
687 3579 863 3661 δαμάσσω.”

224 3686 287 3749 Τδν
302 3683 328 3749 δ’
344 3685 479 3766 ἠμείβετ’
496 3685 600 3750 ἔπειτα
615 3690 732 3763 βοῶπις
748 3685 855 3748 πότνια
866 3681 959 3763 Ἥρη·
