2738 4226
470 382 518 428 11.
543 369 711 426 ΙΛΙΑΔΟΣ
728 369 772 429 A.
1033 381 1094 446 225

152 538 187 619 ἰῷ
203 536 261 600 ἀπὸ
278 539 381 616 νευρῆς
396 535 601 615 βεβλημένον.
634 535 726 616 αὐτὰρ
743 532 907 616 Ἀχιλλεὺς

152 641 262 706 ἐσθλὸς
278 641 335 702 ἐὼν
352 645 480 702 Δαναῶν
496 641 531 702 οὑ
546 639 666 718 κήδεται
682 638 744 702 οὐδ’
760 641 899 719 ἐλεαίρει.
1046 651 1094 713 665

152 742 170 820 ῆ
184 743 268 821 μένει
284 745 326 808 είς
342 743 362 804 ό
375 769 408 806 κε
424 743 460 821 δή
477 747 545 820 νῆες
561 743 629 805 θοαὶ
644 744 717 824 ἄγχι
734 739 892 820 θαλάσσης

151 846 295 927 Ἀργείων
311 845 413 925 ἀέκητι
428 845 519 926 πυρὸς
535 844 631 922 δηίοιο
646 844 800 926 θέρωνται,

152 949 236 1011 αὐτοί
250 975 283 1012 τε
298 946 470 1027 κτεινώμεθ’
486 949 638 1031 ἐπισχερώ
648 949 741 1020 ,·-οι’ν
755 951 813 1030 γὰρ
829 946 884 1025 ἐμῆ
900 947 930 1012 ῖς

152 1050 216 1114 ἐσθ’
233 1055 281 1131 οίη
298 1052 391 1134 πάρος
407 1053 496 1116 ἐσκεν
512 1053 556 1116 ἐνὶ
570 1056 755 1132 γναμπτοῖσι
770 1049 933 1128 μέλεσσιν.’

153 1153 206 1217 εἴθ’
224 1157 263 1221 ῶς
278 1155 409 1236 ἡβώοιμι
424 1157 479 1236 βίη
496 1157 530 1220 δέ
543 1181 594 1234 μοι
610 1156 737 1233 ἔμπεδος
753 1158 781 1217 εί
800 1205 807 1231 ,
959 1201 963 1209 .
1046 1166 1097 1226 670

153 1256 190 1321 ὡς
205 1259 289 1321 ὁπότ’
305 1258 462 1323 Ἠλείοισι
479 1261 527 1325 καὶ,
543 1259 613 1337 ῆμῖν
629 1262 725 1322 νεῖκος
741 1257 852 1340 ἐτύχθη

152 1362 229 1440 ἀμφὶ
244 1363 412 1448 βοηλασίῃ,
430 1363 472 1426 ὅτ’
490 1364 550 1444 ἐγὼ
566 1360 674 1424 κτάνον
687 1359 854 1438 Ἰτυμονῆα,

153 1463 265 1526 ἐσθλὸν
283 1463 504 1547 Ὑπειροχίδην,
522 1463 554 1528 δς
570 1465 603 1525 ἐν
615 1461 724 1524 Ἤλιδι
739 1461 928 1537 ναιετάασκε,
982 1463 985 1468 ’

151 1565 227 1644 ῥύσι’
245 1568 454 1646 ἐλαυνόμενος·
478 1567 494 1630 ὃ
513 1567 537 1629 δ’
554 1567 673 1646 ἀμύνων
687 1562 742 1652 ᾖσι
757 1565 890 1644 βόεσσιν

152 1667 258 1747 ἔβλητ’
275 1672 308 1732 ἐν
323 1671 488 1750 πρώτοισιν
504 1672 575 1748 ἐμῆς
592 1668 650 1730 ἀπὸ
665 1667 767 1749 χειρὸς
783 1668 895 1743 ἀκοντι,
1047 1675 1094 1739 675

153 1773 205 1832 κὰδ
221 1769 247 1833 δ’
264 1772 381 1849 ἔπεσεν,
398 1774 469 1838 λαοὶ
484 1773 517 1835 δέ
532 1773 712 1852 περίτρεσαν
728 1772 899 1851 ἀγροιῶται.

152 1873 241 1952 ληίδα
257 1874 281 1937 δ’
298 1876 331 1937 ἐκ
347 1877 451 1938 πεδίου
468 1874 702 1952 συνελάσσαμεν
717 1872 810 1951 ἤλιθα
825 1871 955 1952 πολλήν,

152 1976 337 2055 πεντήκοντα
350 1985 436 2058 βοῶν
451 1977 574 2058 ἀγέλας,
591 1977 668 2038 τόσα
683 1976 767 2038 πώεα
782 1978 864 2063 οἰῶν,
979 2023 982 2030 -

152 2080 250 2141 τόσσα
267 2086 348 2143 συῶν
363 2081 506 2160 συβόσια,
524 2077 590 2142 τόσ’
607 2079 733 2141 αἰπόλια
748 2076 853 2140 πλατέ’
871 2080 973 2159 αἰγῶν,

153 2185 259 2248 ίππους
274 2184 307 2245 δέ
322 2181 433 2260 ξανθὰς
448 2183 556 2246 ἑκατὸν
571 2181 619 2244 καὶ
634 2178 831 2258 πεντήκοντα,

152 2284 251 2351 πάσας
265 2287 399 2363 θηλείας,
415 2288 554 2372 πολλῇσι
571 2287 604 2348 δὲ
620 2289 718 2346 πῶλοι
732 2285 864 2360 ὑπῆσαν.

153 2388 199 2449 καὶ
214 2391 252 2450 τὰ
265 2391 322 2466 μὲν
335 2387 538 2468 ἠλασάμεσθα
554 2388 659 2451 Πύλον
673 2385 812 2464 Νηλήϊον
827 2388 901 2449 εἴσω

153 2491 282 2573 ἐνιώχιοι
297 2493 385 2573 προτὶ
401 2491 487 2562 ἄστυ·
511 2489 683 2574 γεγήθειδέ
699 2489 795 2571 φρένα
810 2489 940 2567 Νηλεύς,

153 2593 257 2657 οὑνεκό
271 2619 323 2672 μοι
338 2594 411 2677 τύχε
426 2598 530 2657 πολλὰ
546 2594 602 2678 νέῳ
618 2594 790 2672 πόλεμόνδε
806 2595 909 2657 κιόντι.

153 2695 273 2776 κήρυκες
288 2695 315 2760 δ’
333 2697 488 2778 ἐλίγαινον
507 2696 555 2776 ἀμ’
574 2697 623 2775 ήοῖ
638 2695 843 2778 φαινομένηφι
1044 2705 1093 2769 685

152 2798 217 2864 τοὺς
232 2801 300 2877 ίμεν
316 2801 379 2862 οῖσι
394 2804 495 2881 χρεῖος
511 2799 644 2880 ἀφείλετ’
661 2802 694 2862 ἐν
705 2798 815 2863 Ἤλιδι
828 2799 888 2884 δίῃ·

154 2905 181 2964 οῖ
196 2905 228 2964 δὲ
244 2903 464 2982 συναγρόμενοι
480 2903 605 2966 Πυλίων
619 2901 767 2983 ἡγήτορες
780 2904 885 2982 ἀνδρες
933 2903 937 2911 “

154 3007 314 3086 δαίτρευον·
338 3003 469 3069 πολέσιν
483 3007 541 3087 γὰρ
555 3004 674 3068 Ἐπειοὶ
688 3009 790 3087 χρεῖος
806 3007 940 3085 ὄφειλον,

154 3108 190 3172 ὣς
204 3108 290 3187 ἡμεῖς
305 3113 413 3189 παῦροι
430 3106 629 3185 κεκακωμένοι
645 3111 679 3171 ἐν
694 3108 786 3192 Πύλῳ
802 3106 886 3187 ῆμεν·

155 3213 249 3273 ἐλθὼν
263 3208 321 3293 γάρ
336 3211 361 3292 ῥ’
380 3208 514 3274 ἐκάκωσε
529 3212 584 3289 βίη
600 3209 786 3288 Ἡρακληείη
1044 3220 1092 3284 690

154 3318 210 3375 τῶν
225 3313 377 3395 προτέρων
393 3311 493 3385 ἐτέων,
510 3315 585 3375 κατὰ
600 3309 625 3376 δ’
642 3312 767 3376 ἔκταθεν
782 3313 874 3374 ὅσσοι
889 3309 1016 3392 ἄριστοι·

155 3418 265 3480 δώδεκα
278 3419 337 3500 γὰρ
352 3420 476 3494 Νηλῆος
492 3417 640 3497 ἀμύμονος
654 3414 732 3481 υἱέες
747 3415 831 3494 ῆμεν·

155 3526 211 3584 τῶν
226 3521 288 3586 οἶος
303 3521 445 3599 λιπόμην,
465 3521 494 3582 οἱ
509 3517 534 3582 δ’
550 3520 642 3582 ἀλλοι
656 3517 766 3584 πάντες
781 3520 899 3580 ὄλοντο.

155 3622 233 3686 ταῦθ’
250 3621 510 3703 ὑπερηφανέοντες
526 3619 643 3700 Ἐπειοὶ
659 3623 893 3704 χαλκοχίτωνες,
982 3675 986 3680 .

156 3725 245 3804 ἡμέας
260 3727 445 3808 ὑβρίζοντες,
456 3721 621 3788 ’ἀτάσθαλα
635 3726 843 3808 μηχανόωντο.
937 3799 939 3804 Ι
1046 3730 1095 3794 695

620 3834 631 3881 I
