2760 4232
515 353 765 412 νιν-ΕΡΜΗΝ.
1050 349 1114 430 9⁶3

168 518 220 582 τὸν
235 517 260 581 δ’
276 519 343 599 ἔρος
358 520 390 582 ἑν
406 516 575 597 στήθεσσιν
591 517 743 603 ἀμήχανος
759 518 859 582 αἴνυτο
875 520 978 596 θυμόν,
1081 529 1082 536 ’

169 622 219 684 καί
232 647 285 700 μιν
303 621 447 702 φωνήσας
464 622 537 686 έπεα
551 622 715 703 πτερόεντα
731 622 894 702 προσηύδα·
1067 649 1117 697 435

214 727 359 806 Βουφόυε,
373 721 558 808 μηχανιῶτα,
577 725 751 805 πονεύμενε,
767 724 868 791 δαιτὸς
883 728 990 805 ἑταῖρε,

170 827 352 908 πεντήκοντα
366 836 451 910 βοῶν
469 829 595 908 ἀντάξια
609 833 701 893 ταῦτα
717 828 890 908 ήμέμηλας.

168 933 302 1016 ἡσυχίως
319 930 367 996 καὶ
383 934 487 997 ἔπειτα
502 932 720 1014 διακρινέεσθαι
735 929 797 996 ἀΐω.

170 1040 222 1100 νῦν
238 1036 263 1099 δ’
279 1037 334 1118 ἄγε
349 1062 400 1117 μοι
416 1039 485 1102 τόδε
501 1037 578 1113 εἶπέ,
595 1037 765 1118 πολύτροπε
781 1033 920 1100 Μαιάδος
935 1032 989 1112 υἱέ,

170 1138 188 1218 ἦ
204 1139 257 1202 σοι’
270 1140 299 1222 γ’
316 1141 347 1203 ἐκ
364 1144 487 1222 γενετῆς
502 1139 565 1204 τάδ’
581 1137 630 1219 ἀμ’
646 1140 759 1204 ἕσπετο
775 1141 911 1220 θαυματὰ
926 1138 1000 1220 ἔργα
1066 1167 1117 1215 440

169 1241 205 1321 ήέ
218 1268 264 1308 τις
279 1242 434 1308 ἀθανάτων
448 1244 483 1323 ἠὲ
498 1248 614 1322 θνητῶν
628 1244 793 1325 ἀνθρώπων

170 1351 265 1428 δῶρον
280 1347 393 1429 ἀγαυὸν
409 1348 501 1412 ἔδωκε
516 1345 564 1411 καὶ
581 1347 698 1428 έφροσε
713 1348 823 1412 θέσπιν
838 1344 965 1424 ἀοιδήν,·

169 1451 340 1530 θαυμασίην
354 1449 411 1533 γὰρ
427 1450 515 1530 τήνδε
530 1449 684 1532 νεήφατον
700 1453 801 1514 ὄσσαν
816 1450 923 1525 ἀκούω,

168 1551 206 1629 ἣν
222 1553 256 1615 ού
271 1555 318 1617 πύ
333 1555 407 1620 ποτέ
421 1563 500 1636 φημι
514 1553 659 1635 δαήμεναι
675 1555 742 1619 ούτε
758 1555 814 1618 τιν’
829 1556 955 1635 ἀνδρῶν,

170 1656 238 1719 ούτε
253 1656 310 1722 τιν’
324 1659 481 1724 ἀθανάτων
496 1658 525 1722 οἳ
539 1659 693 1740 Ὀλύμπια
709 1657 818 1739 δόρατ’
835 1659 952 1741 έχουσι,

170 1762 264 1842 νόσφι
280 1760 381 1839 σέθεν,
397 1765 531 1844 φηλῆτα,
547 1768 622 1828 Διὸς
639 1759 687 1826 καὶ
703 1761 841 1827 Μαιάδος
856 1763 911 1825 υίέ.

169 1867 214 1930 τίς
230 1866 329 1948 τέχνη,
345 1868 390 1932 τίς
404 1871 502 1945 μοῦσα
518 1867 697 1949 ἀμηχανέων
710 1865 897 1945 μελεδώνων,

170 1970 215 2035 τίς
230 1971 354 2050 τρίβος,·
377 1967 521 2050 ἀτρεκέως
535 1972 593 2050 γδρ
608 1968 669 2047 ἀμα
683 1969 750 2050 τρία
763 1967 862 2032 πάντα
877 1967 1031 2049 πάρεστιν,

170 2072 360 2154 εὐφροσύνην
376 2070 424 2136 καὶ
440 2073 535 2154 έρωτα
551 2070 599 2136 καὶ
613 2073 726 2152 ἥδυμον
740 2073 835 2136 ύπνου
850 2071 984 2136 ἑλέσθαι.

172 2174 218 2239 καὶ
234 2179 292 2258 γὰρ
307 2177 366 2259 έγιδ
383 2177 547 2263 Μούσῃσιν
563 2175 826 2256 Ὀλυμπιάδεσσιν
841 2175 962 2253 ὀπηδός,
1024 2232 1028 2240 ,
1066 2201 1117 2250 450

170 2283 241 2366 τῇσι
256 2281 344 2365 χοροί
358 2307 391 2345 τε
406 2279 534 2359 μέλουσι
550 2281 598 2343 καὶ
614 2279 729 2361 ἀγλαὸς
744 2279 830 2358 οἶμος
846 2280 957 2357 ἀοιδῆς,

171 2385 220 2448 καὶ
235 2385 338 2464 μολπὴ
353 2389 497 2448 τεθαλυῖα
512 2381 560 2472 καὶ
578 2381 705 2464 ἱμερόεις
719 2383 836 2464 βρόμος
850 2383 961 2446 αιἰλῶν·

171 2486 241 2551 ἀλλ’
258 2488 293 2551 ού
308 2489 354 2552 πιύ
370 2489 399 2552 τί
412 2514 464 2568 μοι
480 2491 537 2552 ὦδε
552 2490 628 2568 μετά
644 2484 754 2569 φρεσὶν
767 2486 847 2548 ἀλλο
860 2484 1004 2565 μέλησεν,

171 2593 220 2655 οἶα
238 2592 314 2657 νέων
331 2593 435 2678 θαλίῃς
451 2590 568 2670 ἐνδέξια
585 2592 658 2674 ἔργα
673 2589 825 2658 πέλονται·

171 2695 317 2776 θαυμάζω,
335 2695 409 2761 Διὸς
424 2695 480 2774 υἱέ,
495 2693 559 2759 τάδ’
575 2695 614 2762 ὣς
629 2697 735 2776 ἐρατὸν
751 2695 920 2776 κιθαρίζεις.
1067 2721 1116 2770 455

171 2804 223 2863 νῦν
239 2797 265 2863 δ’
280 2802 346 2864 ἐπεὶ
362 2800 414 2864 οὖν
429 2801 533 2883 ὀλίγος
548 2825 604 2882 περ
619 2800 677 2865 &ew
693 2801 785 2862 κλυτδ
799 2797 893 2877 μήδεα
910 2798 1002 2873 οἶδας,

171 2903 250 2981 ήῖζε,
266 2903 372 2980 πέπον,
390 2905 439 2967 καὶ
458 2903 551 2984 θυμδυ
566 2902 710 2982 έπαίνειῒ
727 2901 972 2984 πρεσβυτέροισι.

171 3011 223 3070 νῦν
237 3006 295 3088 γάρ
309 3033 356 3070 τοι
375 3006 463 3074 κλέος
479 3006 564 3070 ἔσται
580 3008 613 3070 ἐν
632 3005 810 3071 ἀθανάτοισι
826 3009 932 3079 θεοῖσι,

171 3111 224 3172 σοί
236 3108 261 3172 τ’
276 3112 354 3196 αὐτῷ
369 3109 418 3174 καὶ
432 3112 534 3192 μητρί·
557 3115 591 3174 τὸ
606 3107 631 3174 δ’
646 3108 788 3190 ἀτρεκέως
804 3107 967 3190 ἀγορεύσω·
1130 3179 1131 3185 ,

145 3284 149 3289 ,
171 3210 219 3278 ναὶ
234 3217 275 3294 μδ
291 3215 359 3278 τόδε
375 3214 528 3296 κρανέῖυον
544 3215 690 3290 ἀκόντιον,
706 3212 724 3292 ή
738 3214 793 3291 μὲν
808 3214 866 3294 έγιύ
882 3237 919 3276 σε
1065 3226 1116 3289 4⁶0

170 3322 276 3400 κυδρὸν
293 3321 325 3383 έν
341 3317 519 3382 ἀθανάτοισι
534 3315 582 3380 καὶ
597 3319 707 3398 ὄλβιον
723 3316 949 3399 ’[ήγεμονεύσω,

171 3423 259 3484 δύσω
274 3419 300 3483 τ’
314 3424 414 3504 ἀγλαὰ
429 3427 509 3502 δῶρα
525 3422 573 3484 καὶ
590 3423 620 3488 ές
636 3420 724 3486 τέλος
740 3419 792 3482 οὐκ
808 3417 962 3497 ἀπατήσω.

203 3635 250 3684 45¹
270 3617 395 3688 οἶμαςκρ;
412 3621 483 3682 ὕμνοι
500 3623 554 3685 My.
698 3635 746 3684 453
764 3617 809 3668 ιὀδε
826 3619 865 3669 bis
882 3628 978 3685 praeter
992 3598 1023 3668 Μ
1042 3619 1114 3669 codd.

170 3698 218 3764 456
231 3695 302 3747 οῐσθα
313 3700 350 3750 Μ.
452 3701 501 3764 460
517 3698 629 3762 κρανόῖον
640 3699 715 3749 codd.
728 3695 867 3760 (κρανάῖνον
879 3700 928 3748 duo
940 3698 1115 3756 Parisienses};

170 3793 233 3828 corr.
246 3778 332 3842 Ilgen„
345 3777 378 3828 cf.
391 3779 478 3843 Apoll.
493 3792 547 3827 ιιι.

585 3859 661 3920 1i2
