2874 4234
548 353 578 422 5.
601 343 837 404 οΔτΣΣυιΑΣ
868 343 901 406 υ.
1135 357 1195 422 591

250 515 418 594 γόμφοισιν
429 509 458 576 δ’
469 511 527 592 ὄρα
542 509 598 589 τήν
613 537 650 594 γε
665 509 713 575 καὶ
729 512 907 598 ἁρμονίῃσιν
922 511 1068 592 ἄρασσεν.

250 619 346 680 όσσον
361 618 405 682 τίς
421 613 446 679 τ’
463 619 575 695 ἔδαφος
591 614 660 693 νηδς
674 615 857 695 τορνόσεται
876 617 951 696 ἀνὴρ

250 721 390 800 φορτίδος
407 720 529 800 είιρείης,
547 719 578 782 εὖ
594 719 680 784 εἰδὼς
697 719 913 794 τεκτοσυνάων,
1150 747 1198 796 250

249 827 364 887 τόσσον
379 821 425 887 ἔπ’
440 822 556 904 εὐρεῖαν
571 823 697 904 σχεδίην
713 820 853 901 ποιήσατ’
867 821 1046 888 Ὀδυσσεύς.

249 929 327 1008 ἴκρια
343 930 376 991 δὲ
390 924 516 1004 στήσας,
532 927 648 1007 ἆραρδν
663 927 774 1005 θαμέσι
790 928 981 1006 σταμίνεσσι,

249 1033 337 1095 ποίει·
359 1029 434 1110 άτάρ
448 1031 599 1115 μακρῇσιν
614 1031 845 1106 ἐπηγκενίδεσσι
862 1031 997 1096 τελεύτα.

249 1139 282 1200 ἐν
297 1132 322 1197 δ’
338 1135 424 1198 ῖστδν
439 1134 520 1197 ποίει
537 1131 585 1196 καὶ
601 1135 735 1213 έπίκριον
750 1133 879 1214 ὄρμενον
894 1133 982 1220 αὐτῷ·

248 1245 322 1318 πρὸς
341 1234 366 1301 δ’
382 1237 439 1317 άρα
454 1235 604 1315 πηδάλιον
619 1235 777 1315 ποιήσατο,
794 1237 862 1320 ὄφρ’
880 1239 984 1303 ι’θύνοι.
1149 1265 1194 1314 ²55

248 1340 345 1421 φράξε
361 1341 394 1405 δέ
409 1367 460 1422 μιν
474 1343 599 1424 ῥίπεσσι
614 1345 773 1422 διαμπερές
788 1341 943 1429 οίσυίνῃσι

249 1447 375 1524 κύματος
392 1445 477 1526 εἶλαρ
493 1445 572 1524 ἔμεν·
597 1445 716 1524 πολλὴν
731 1444 756 1509 δ’
771 1447 1035 1535 έπεχεύατούλην.

248 1552 345 1630 τόφρα
360 1552 392 1614 δὲ
407 1547 495 1632 φάρε’
507 1550 607 1614 ένεικε
625 1551 774 1628 Καλυψοῖ,
789 1555 839 1613 δῖα
849 1554 961 1628 «θεάων,

247 1760 278 1820 ἐν
294 1755 319 1821 δ’
334 1757 444 1838 ὑπέρας
457 1783 488 1820 τε
505 1756 614 1823 κάλους
628 1782 662 1822 τε
677 1759 770 1824 πόδας
787 1755 813 1820 τ’
832 1758 976 1837 ἐνέδησεν
991 1760 1024 1822 ἑν
1039 1759 1120 1845 αὐτῇ,
1147 1769 1194 1822 τόα

245 1866 410 1944 μοχλοῖσιν
424 1859 449 1924 δ’
465 1861 521 1939 άρα
536 1859 591 1938 τήν
603 1887 638 1942 γε
655 1863 829 1940 κατείρυσεν
842 1863 887 1926 είς
904 1861 965 1924 άλα
980 1867 1056 1926 δῖαν.

288 1966 439 2044 Τέτρατον
454 1963 533 2044 ἦμαρ
548 1964 613 2040 έην,
628 1965 676 2026 καὶ
692 1964 733 2048 τῷ
745 1963 909 2028 ’τετέλεστο
925 1964 1052 2029 ἅπαντα·

245 2069 286 2152 τῷ
302 2066 326 2134 δ’
342 2069 400 2149 ἄρα
415 2066 537 2151 πέμπτιρ
555 2065 644 2146 πέμπ’
661 2067 721 2129 άπὸ
737 2066 832 2145 νήσου
847 2072 895 2130 δῖα
912 2069 1060 2150 Καλυψοῖ,

245 2169 352 2249 εἵματά
366 2167 391 2233 τ’
407 2169 584 2251 ἀμφιέσασα
599 2170 713 2234 θυώδεα
729 2167 776 2232 καὶ
792 2169 939 2233 λούσασα.

245 2277 278 2337 έν
294 2273 327 2337 δέ
342 2276 371 2337 οῖ
388 2275 483 2338 άσκδν
498 2274 586 2350 έθηκε
601 2276 656 2337 θεὰ
671 2272 802 2354 μέλανος
817 2276 911 2338 οἴνοιο
1147 2291 1194 2356 ²⁶5

244 2383 295 2439 τδν
311 2376 422 2457 έτερον,
438 2376 539 2457 ἕτερον
554 2374 580 2440 δ’
594 2377 699 2442 ὕδατος
713 2374 815 2459 μέγαν,
829 2379 865 2440 έν
880 2379 912 2441 δὲ
930 2375 978 2442 καί
993 2377 1034 2464 ᾖα

246 2482 374 2565 κωρύκῳ·
398 2482 431 2543 έν
446 2479 479 2544 δέ
495 2483 523 2544 οῖ
539 2483 604 2561 ὄψα
619 2482 694 2543 τίθει
709 2481 866 2559 μενοεικέα
881 2482 993 2545 πολλά

245 2584 333 2664 οὖρον
348 2587 381 2647 δὲ
398 2584 543 2662 προέηκεν
560 2583 698 2662 ἀπήμονά
712 2609 745 2648 τε
760 2587 867 2665 λιαρόν
881 2611 923 2650 τε.

243 2690 411 2766 γηθόσυνος
427 2685 453 2750 δ’
463 2687 544 2771 οὔρῳ
559 2685 665 2752 τέτατ’
682 2689 763 2752 ἱστία
778 2693 840 2754 δῖος
858 2686 1034 2758 Ὀδυσσεύς.

243 2790 334 2872 αὐτὰρ
349 2794 367 2854 ὁ
384 2791 523 2874 πηδαλίῳ
539 2792 656 2856 ἰθύνετο
672 2790 855 2872 τεχνηέντως
1145 2819 1192 2870 τηο

243 2895 361 2971 ἥμενος·
386 2895 453 2959 οὐδέ
468 2897 497 2958 οῖ
513 2895 605 2960 ύτυος
623 2892 672 2958 ἐπὶ
686 2896 893 2976 βλεφάροισιν
909 2897 1018 2960 ἔπιπτε

244 2996 401 3076 Πληϊάδας
415 2995 441 3061 τ’
456 2999 600 3079 ἐσορῶντι
616 2997 664 3062 καὶ
681 2999 741 3076 ὀψὲ
758 2999 865 3063 δύοντα
877 2999 1000 3078 Βοάτηυ

240 3099 369 3180 Ἄρκτον
384 3099 419 3179 θ’,
434 3098 472 3180 ἣν
488 3099 536 3165 καὶ
552 3101 668 3182 ἄμαξαν
684 3104 846 3184 ἐπίκλησιν
864 3104 1035 3181 καλέουσιν,

242 3202 262 3280 ή
280 3202 304 3264 τ’
319 3205 407 3269 αὐτοῦ
423 3205 584 3288 στρέφεται
601 3207 651 3270 καί
664 3205 689 3269 τ’
705 3204 836 3288 Ὠρίωνα
852 3210 974 3284 δοκεύει,

244 3311 291 3385 οίη
307 3305 332 3370 δ’
348 3307 479 3389 ἄμμορός
496 3312 563 3373 ἐστι
577 3316 711 3387 λοετρῶν
725 3307 895 3376 Ὠκεανοῖο·
1142 3338 1189 3390 275

242 3411 297 3487 τὴν
312 3413 369 3492 γάρ
384 3411 420 3489 δή
435 3437 487 3489 μιν
502 3413 600 3495 ἄνωγε
616 3415 763 3493 Καλυψώ,
779 3419 828 3478 δῖα
845 3415 952 3493 θεάων,

241 3515 529 3595 ποντοπορευέμεναι
546 3513 593 3580 ἐπ’
608 3517 751 3598 ἀριστερὰ
767 3517 869 3599 χειρὸς
887 3518 1005 3600 έχοντα.

240 3617 317 3681 ἑπτά
333 3621 365 3682 δὲ
382 3621 428 3682 καὶ
444 3620 516 3684 δέκα
529 3623 584 3701 μὲν
599 3622 692 3686 πλέεν
708 3620 806 3701 ήματα
821 3624 1058 3704 ποντοπορεύων,

239 3721 477 3809 ὀκτωκαιδεκάτη
493 3721 519 3788 δ’
535 3723 631 3807 ἐφάνη
649 3727 719 3806 ὄρεα
734 3727 876 3791 σκιόεντα
