2738 4226
252 345 312 416 248
558 353 606 420 13.
631 339 801 397 ΙΛΙΑΔΟΣ
825 338 864 398 Ν.

249 505 326 566 αὐτώ
343 503 368 566 θ’
387 501 546 581 ἑστάμεναι
563 509 708 585 κρατερῶς
727 503 776 566 καὶ
791 499 944 583 ἀνωγέμεν
959 501 1084 567 ἀλλους·

249 609 289 689 τῶ
306 632 339 669 κε
354 609 403 670 καῖ
417 606 586 684 ἐσσύμενόν
600 631 656 685 περ
672 604 829 685 ἐρωήσαιτ’
846 603 906 668 ἀπὸ
921 611 1000 680 νηῶν

249 709 419 789 ὠκυπόρων,
436 711 462 776 εἰ
479 711 528 772 καί
541 734 593 788 μιν
606 708 774 788 Ὀλύμπιος
785 707 876 772 ,αὐτὸς
893 705 1029 788 έγείρει.”
1133 735 1135 743 s

280 809 333 889 Ἦ,
350 813 398 874 καὶ
413 812 572 896 σκηπανίῳ,
585 809 731 893 γαιήοχος
746 811 936 892 ἐννοσίγαιος

250 913 409 995 ἀμφοτέρω
426 916 557 978 κεκοπὼς
572 918 691 992 πλῆσεν
705 913 811 992 μένεος
827 917 989 994 κρατεροῖο,

250 1021 319 1097 γυῖα
333 1016 357 1079 δ’
376 1016 482 1094 έθηκεν
495 1015 624 1097 ἐλαφρά,
641 1017 735 1082 πόδας
751 1017 800 1079 καὶ
814 1021 918 1099 χεῖρας
932 1017 1067 1095 ὕπερθεν.

250 1117 338 1183 αὐτὸς
356 1118 380 1182 δ’
397 1120 437 1186 ώς
457 1116 483 1182 τ’
500 1118 570 1201 ’ίρηξ
584 1119 750 1201 ὠκύπτερος
765 1117 842 1199 ῶρτο
858 1117 1012 1189 πέτεσθαι,

250 1224 283 1286 ὅς
299 1221 337 1303 ῥά
352 1221 377 1284 τ’
394 1221 443 1285 ἀπ’
460 1223 618 1304 αἰγίλιπος,
628 1221 738 1302 πέτρης
753 1219 930 1303 περιμήκεος
944 1220 1044 1301 ἀρθεὶς

251 1323 367 1410 ὁρμήσῃ
383 1326 497 1389 πεδίοιο
512 1326 630 1391 διώκειν
646 1327 750 1406 ὄρνεον
765 1325 854 1399 ἀλλο,
947 1367 949 1370 -
970 1354 972 1358 ’
1010 1375 1018 1387 2

251 1429 290 1493 ῶς
305 1428 364 1491 ἀπὸ
379 1435 438 1492 τῶν
452 1426 518 1506 ἤϊξε
533 1427 712 1492 Ποσειδάων
727 1429 905 1510 ἐνοσίχθων.

252 1535 327 1592 τοῖιν
343 1529 368 1593 δ’
386 1532 462 1613 ἔγνω
479 1532 611 1611 πρόσθεν
631 1529 755 1608 Ὀϊλῆος
768 1531 862 1613 ταχὺς
878 1533 962 1602 Αίας,

252 1635 331 1714 αἶψα
345 1633 371 1697 δ’
388 1635 432 1716 ἀρ’
450 1639 566 1698 Αίαντα
581 1633 721 1716 προσέφη
736 1635 933 1719 Τελαμώνιον
947 1634 1023 1696 υἱόν·

252 1744 271 1772 “
282 1738 367 1810 Αῖαν,
383 1741 450 1802 ἐπεί
464 1764 510 1805 τις
527 1745 581 1803 νῶϊ
595 1743 681 1815 θεῶν,
697 1737 725 1800 οῖ
737 1735 898 1816 Ὄλυμπον
913 1737 1028 1818 ἔχουσι,

250 1837 355 1918 μάντεϊ
371 1841 521 1918 εἰδόμενος
536 1841 657 1906 κέλεται
672 1843 752 1921 παρὰ
768 1840 856 1916 νηυσὶ
873 1837 1033 1920 μάχεσθαι,

252 1943 313 2006 οὐδ’
329 1945 346 2005 ό
360 1970 396 2025 γε
411 1943 537 2027 Κάλχας
552 1945 629 2018 ἔστί,
645 1944 814 2024 θεοπρόπος
828 1939 997 2019 οἰωνιστής·
1160 1961 1193 2016 70

129 2050 134 2059 ’
251 2049 334 2128 ’ίχνια
349 2047 406 2129 γὰρ
419 2049 584 2127 μετόπισθε
601 2053 701 2111 ποδῶν
715 2047 767 2124 ἠδὲ
783 2042 922 2126 κνημάων

250 2149 303 2226 ῥεῖ’
321 2151 416 2230 ἔγνων
431 2150 582 2214 ἀπιόντος·
606 2150 764 2231 ἀρίγνωτοι
781 2152 815 2213 δὲ
831 2150 896 2213 θεοί
909 2173 975 2227 περ·

253 2255 301 2316 καὶ
317 2252 342 2316 δ’
360 2254 425 2331 ἐμοὶ
442 2252 519 2335 αὐτῷ
536 2252 626 2331 θυμὸς
642 2253 687 2315 ἔνὶ
703 2250 853 2330 στήθεσσι
868 2251 991 2331 φίλοισι

251 2361 370 2435 μᾶλλον
386 2358 553 2436 ἐφορμᾶται
569 2356 742 2434 πολεμίζειν
756 2355 808 2432 ἠδὲ
824 2352 987 2436 μάχεσθαι,

251 2460 408 2538 μαιμώωσι
423 2459 448 2522 δ’
466 2459 568 2540 ἔνερθε
583 2461 673 2525 πόδες
693 2460 741 2522 καὶ
756 2463 856 2540 χεῖρες
870 2455 1007 2536 ύπερθε,”
1162 2481 1194 2535 ⁷5

294 2563 356 2626 Τὸν
372 2562 396 2626 δ’
414 2563 658 2642 ἀπαμειβόμενος
673 2559 814 2643 προσέφη
829 2559 1023 2638 Τελαμώνιος
1039 2563 1121 2625 Αἴας·

254 2674 272 2700 “
283 2666 357 2728 ούτω
374 2671 426 2727 νῦν
443 2665 491 2728 καὶ
506 2665 573 2743 ἐμοὶ
588 2665 656 2745 περὶ
672 2663 792 2743 δούρατι
806 2666 906 2744 χεῖρες
921 2662 1030 2725 ἀαπται
1088 2713 1095 2720 .

252 2775 412 2848 μαιμῶσιν,
430 2767 480 2831 καί
492 2792 545 2847 μοι
559 2767 651 2847 μένος
664 2767 764 2846 ώραρε,
780 2765 867 2846 νέρθε
882 2765 915 2827 δὲ
930 2767 1046 2829 ποσσὶν

254 2873 383 2950 ἔσσυμαι
399 2869 607 2952 ἀμφοτέροισι·
626 2869 777 2949 μενοινώω
793 2872 826 2932 δὲ
842 2869 891 2931 καὶ
906 2868 969 2934 οἶος

249 2973 372 3055 Ἕκτορι
392 2974 543 3060 Πριαμίδη
558 2974 670 3054 ἄμοτον
683 2976 816 3050 μεμαῶτι
830 2967 1015 3053 μάχεσθαι.”
1119 3033 1122 3040 ,
1162 2983 1196 3034 80

289 3075 353 3141 Ὣς
365 3079 393 3139 οῖ
408 3081 463 3156 μὲν
478 3083 600 3141 τοιαῦτα
615 3074 688 3156 πρὸς
704 3072 858 3151 ἀλλήλους
872 3075 1026 3156 ἀγόρευον,

254 3165 354 3264 χάρμῃ
369 3179 543 3260 γηθόσυνοι,
560 3175 614 3256 τήν
629 3184 706 3257 σφιν
721 3176 790 3243 θεὸς
805 3178 924 3258 ἔμβαλε
939 3177 1030 3260 θυμῷ·

254 3285 353 3362 τόφρα
368 3283 400 3350 δὲ
416 3282 484 3346 τοὺς
500 3283 604 3344 ὄπιθεν
618 3277 765 3361 γαιήοχος
779 3277 877 3361 ἀρσεν
891 3279 1043 3361 Ἀχαιούς,

255 3384 282 3446 αϊ
298 3386 379 3464 παρά
395 3385 483 3460 νηυσὶ
498 3384 607 3468 θοῇσιν
622 3379 778 3464 ἀνέψυχον
792 3385 888 3463 φίλον
902 3381 983 3462 ἦτορ.

255 3493 312 3550 τῶν
328 3486 355 3568 ῥ’
372 3486 433 3564 ἀμα
448 3485 472 3547 τ’
489 3483 626 3568 ἀργαλέῳ
644 3484 762 3570 καμάτῳ
778 3486 857 3566 φίλα
871 3489 941 3566 γυῖα
955 3483 1092 3558 λέλυντο,
1163 3499 1194 3562 85

256 3592 305 3653 καί
319 3596 395 3669 σφιν
410 3589 483 3670 ἄχος
499 3590 573 3650 κατὰ
587 3587 680 3666 θυμὸν
695 3589 830 3669 ἐγίγνετο
846 3586 1053 3666 δερκομένοισι

254 3697 366 3772 Τρῶας,
382 3692 428 3753 τοὶ
443 3690 521 3769 μέγα
537 3696 637 3772 τεῖχος
652 3689 901 3771 ὑπερκατέβησαν
917 3691 1020 3775 ὁμίλῳ,
