2908 4232
277 409 343 476 474
601 409 651 476 ιη.
674 395 845 455 ιΛιΑΔον
868 396 905 455 ψ.

311 564 376 626 Ὣς
390 558 488 642 ἔφατ’,
505 561 616 641 ὤρνυτο
632 560 656 625 δ’
674 559 768 627 αὐτίκ’
784 563 859 644 ἀνὴρ
874 560 928 643 ἠύς
942 588 975 628 τε
989 562 1084 647 μέγας
1099 589 1133 630 τε

276 665 360 730 εἰδὼς
376 665 554 748 πυγμαχίης,
574 665 639 731 υἱὸς
655 668 818 743 Πανοπῆος
833 664 965 742 Ἐπειός,
1174 677 1223 742 665

275 767 377 849 ἅψατο
393 765 420 830 δ’
434 767 560 848 ἡμιόνου
577 774 744 851 ταλαεργοῦ
760 767 905 850 φώνησέν
919 788 962 834 τε·

273 875 291 904 “
302 872 402 934 ἆσσον
417 871 469 934 ῖτω
485 873 520 938 ός
535 896 580 937 τις
595 871 687 938 δέπας
704 874 821 937 οἴσεται
837 872 1082 954 ἀμφικύπελλον·

272 973 397 1053 ἡμίονον
411 971 438 1038 δ’
454 975 488 1038 ού
503 976 584 1056 φημί
596 974 651 1041 τιν’
670 973 779 1053 ἀξέμεν
794 976 893 1042 ἄλλον
906 976 1042 1059 Ἀχαιῶν

273 1078 372 1164 πυγμῇ
393 1076 558 1157 νικήσαντ’,
574 1076 640 1142 ἐπεὶ
657 1078 783 1162 εύχομαι
799 1079 877 1144 εῖναι
892 1079 1026 1160 ἀριστος.

272 1179 291 1259 ή
306 1180 362 1263 οὐχ
378 1181 447 1248 άλις
462 1183 527 1244 ὅττι
541 1181 642 1265 μάχης
657 1181 850 1263 ἑπιδεύομαις
874 1181 934 1246 οὐδ’
951 1181 1009 1263 άρα
1024 1207 1087 1248 πως
1102 1181 1139 1261 ἦν
1172 1194 1222 1259 670

272 1286 305 1348 ἐν
320 1282 466 1350 πάντεασ’
483 1285 602 1368 ἔργοισι
617 1283 752 1364 δαήμονα
767 1291 855 1367 φῶτα
869 1284 1023 1367 γενέσθαι.

271 1389 329 1451 ὧδε
342 1391 401 1470 γδρ
417 1386 534 1471 ἐξερέω,
550 1388 586 1452 τὸ
601 1391 635 1452 δὲ
650 1387 699 1453 καὶ
713 1387 932 1469 τετελεσμένον
951 1389 1047 1454 ἔσται·

271 1490 390 1573 ἀντικρὺ
405 1494 485 1574 χρόα
496 1518 532 1556 τε
546 1491 626 1575 ῥήξω
643 1492 700 1556 σύν
714 1489 740 1555 τ’
757 1491 843 1558 ὀστέ’
862 1492 940 1575 ἀράξ
964 1538 972 1557 .

271 1596 431 1675 κηδεμόνες
446 1594 479 1659 δέ
495 1597 523 1659 οῖ
539 1592 636 1659 ἐνθάδ’
652 1594 781 1661 ἀολλέες
796 1597 864 1660 αὖθι
884 1597 1047 1677 μενόντων,

271 1701 302 1762 οῖ
316 1697 349 1761 κέ
363 1725 415 1779 μιν
432 1697 607 1776 ἐξοίσουσιν
623 1700 696 1784 ἐμῇς
710 1698 769 1763 ὑπὸ
782 1697 874 1782 χερσὶ
889 1698 1048 1781 δαμέντα.”
1171 1711 1220 1776 675

306 1800 370 1868 Ὣς
386 1799 484 1883 ἔφαθ’,
502 1803 531 1865 οἱ
548 1801 573 1866 δ’
590 1801 648 1883 άρο
663 1801 774 1868 πάντες
789 1802 865 1881 ἀκὴν
881 1801 1022 1886 ἐγένοντο
1039 1803 1151 1890 σιωπῇ.

270 1905 424 1987 Εὐρύαλος
440 1904 474 1968 δέ
490 1908 518 1969 οῖ
534 1905 597 1970 οῖος
613 1905 769 1982 ἀνίστατο,
786 1907 908 1973 ἰσόθεος
924 1907 997 1988 φός,

270 2006 444 2086 Μηκιστέος
459 2008 524 2075 υἱὸς
540 2009 745 2072 Ταλαϊονίδαο
760 2008 898 2087 ἄνακτος,

270 2112 303 2178 ὅς
318 2137 391 2176 ποτε
409 2109 553 2192 Θήβοσδ’
568 2111 643 2190 ήλθε
659 2115 840 2179 δεδουπότος
855 2114 1024 2179 Οἰδιπόδαο

269 2220 300 2282 ές
316 2215 422 2299 τάφον·
446 2216 518 2282 ἔνθα
533 2218 566 2280 δὲ
582 2214 697 2282 πάντας
712 2218 796 2281 ἐνίκα
812 2218 1017 2297 Καδμείωνας.
1171 2229 1220 2282 68ο

269 2322 321 2385 τὸν
335 2323 391 2401 μὲν
405 2318 550 2399 Τυδεΐδης
566 2320 756 2402 δουρικλυτὸς
772 2322 978 2402 ἀμφεπονεῖτο

269 2425 425 2507 θαρσύνων
440 2424 556 2501 ἔπεσιν,
570 2423 649 2507 μέγα
668 2423 693 2487 δ’
710 2423 788 2508 αύτῷ
803 2423 936 2503 βούλετο
952 2425 1046 2503 νίκην.

270 2527 351 2606 ζῶμα
366 2527 400 2591 δέ
414 2530 444 2591 οἱ
459 2533 577 2609 πρῶτον
593 2525 846 2609 παρακάββαλεν,
863 2524 955 2609 αὐτὰρ
972 2527 1077 2592 ἔπειτα

269 2635 363 2696 δῶκεν
379 2629 504 2710 ἱμάντας
522 2629 682 2710 ἐϋτμήτους
698 2636 775 2710 βοὸς
791 2630 965 2711 ἀγραύλοιο.

268 2733 309 2794 τὸ
325 2735 358 2796 δὲ
374 2732 535 2814 ζωσαμένω
550 2731 650 2812 βήτην
666 2736 696 2799 ἐς
711 2731 831 2812 μέσσαν
847 2733 957 2815 ἀγῶνα,
1169 2745 1217 2810 ⁶⁸5

269 2835 343 2900 άντα
358 2835 383 2900 δ’
400 2835 599 2920 ἀνασχομένω
614 2834 705 2919 χερσὶ
720 2838 908 2922 στιβαρῇσιν
923 2832 973 2916 ἀμ’
989 2835 1080 2916 ἄμφω

268 2938 325 3002 σύν
338 2940 364 3022 ῥ’
382 2940 505 3017 ἔπεσον,
523 2939 580 3004 σὺν
595 2939 630 3004 δέ
645 2948 704 3021 σφι
718 2945 841 3021 βαρεῖαι
857 2943 957 3022 χεῖρες
974 2939 1105 3020 ἔμιχθεν.

268 3041 366 3108 δεινὸς
378 3044 411 3106 δὲ
426 3044 578 3125 χρόμαδος
589 3040 826 3125 γενύωνιγέυετζ
844 3043 927 3123 έρρεε
943 3040 967 3105 δ’
986 3042 1073 3122 ῖδρῖος

268 3143 417 3210 πάντοθεν
432 3147 466 3209 ἐκ
480 3144 606 3224 μελέων·
631 3143 681 3209 ἐπὶ
696 3144 722 3209 δ’
739 3145 851 3227 ὤρνυτο
866 3149 930 3210 δῖος
942 3143 1075 3223 Ἐπειός,

268 3249 347 3329 κόψε
362 3249 396 3311 δὲ
410 3246 607 3327 παπτήναντα
622 3246 759 3329 παρήϊον·
783 3248 844 3312 οὐδ’
860 3247 905 3329 ἄρ’
923 3247 967 3310 ἔτι
982 3245 1037 3324 δήν
1166 3259 1218 3327 690

268 3349 416 3429 ἑστήκειν·
441 3352 532 3415 αὐτοῦ
545 3354 604 3434 γὰρ
620 3349 751 3432 ὑπήριπε
765 3353 896 3433 φαίδιμα
909 3354 989 3434 γυῖα.

267 3453 307 3519 ὣς
322 3453 346 3516 δ’
363 3453 409 3517 ὅθ’
425 3456 484 3518 ὑπδ
500 3460 607 3536 φρικὸς
622 3453 723 3536 Βορέω
739 3453 950 3520 ἀναπάλλεται
966 3452 1051 3535 ἰχθὺς

267 3556 325 3621 θίν’
342 3557 376 3622 ἓν
391 3559 555 3638 φυκιόεντι,
571 3556 670 3637 μέλαν
684 3556 718 3621 δέ
734 3561 748 3622 ἑ
764 3563 842 3636 κΰμα
859 3555 1006 3640 κάλυψεν,

266 3660 305 3727 ὣς
320 3661 448 3743 πληγεὶς
465 3659 628 3726 ἀνέπαλτο·
652 3662 727 3742 ἀτὰρ
740 3659 912 3743 μεγάθυμος
928 3655 1050 3728 Ἐπειὸς
1146 3725 1148 3732 ,

265 3766 355 3849 χερσὶ
371 3764 480 3846 λαβὼν
495 3763 628 3845 ὤρθωσε·
651 3765 740 3845 φίλοι
755 3764 781 3828 δ’
799 3761 962 3845 ἀμφέσταν
977 3768 1097 3847 ἑταῖροι,
1165 3777 1215 3844 695
