2792 4232
277 325 339 394 286
593 337 641 396 ιι.
666 323 836 382 ιΛιΑΔοΣ
860 320 898 384 Ξ.

277 489 340 550 ὄττι
354 486 394 568 ῥά
408 488 437 550 οἱ
451 485 547 566 βέλος
563 485 622 549 ἀκδ
637 487 765 552 ἐτάσιον
781 486 895 567 ἔκφυγε
908 485 1019 569 χειρός,

276 588 324 668 ἂψ
339 587 366 652 δ’
383 588 495 669 ἑτάρων
511 591 554 654 είς
569 589 654 655 ἔθνος
671 587 795 672 ἐχάζετο
812 586 875 668 κῆρ’
892 590 1048 654 ἀλεείνων.

276 691 328 755 τὸν
342 693 397 770 μὲν
413 691 505 758 ἔπειτ’
520 692 648 757 ἀπιόντα
661 691 755 774 μέγας
769 692 965 771 Τελαμώνιος
980 694 1055 758 Αίας

275 796 435 880 χερμαδίῳ,
454 793 491 858 τά
504 797 543 877 ῥα
558 795 670 868 πολλά,
688 794 786 860 θοάων
807 794 924 876 ἔχματα
940 799 1028 872 νηῶν,
1173 821 1224 870 410

276 905 336 982 πάρ
351 900 425 966 ποσὶ
439 898 636 982 μαρναμένων
651 899 834 972 ἐκυλίνδετο,
849 903 909 964 τῶν
924 897 957 962 ἑν
973 897 1074 979 ἀείρας

275 1009 385 1084 στῆθος
399 1003 552 1085 βεβλήκει
567 1005 641 1083 ὑπὲρ
657 1003 782 1084 ἄντυγας
798 1002 910 1088 ἀγχόθι
925 1004 1034 1084 δειρῆς,

278 1101 433 1183 στρόμβον
448 1101 475 1165 δ’
491 1103 531 1169 ὣς
547 1102 656 1166 ἔσσευε
670 1100 788 1182 βαλόν,
805 1102 872 1181 περὶ
888 1098 915 1164 δ’
931 1102 1040 1182 ἔδραμε
1056 1100 1162 1187 πάντῃ.

278 1202 316 1268 ὡς
332 1201 358 1266 δ’
373 1201 418 1266 ὅθ’
434 1204 492 1267 ύπδ
508 1207 627 1285 πληγῆς
643 1203 753 1284 πατρὸς
770 1202 844 1269 Διὸς
859 1200 982 1289 ἐξερίπῃ
999 1208 1069 1285 δρῦς

278 1307 442 1387 πρόρριζος,
457 1307 540 1385 δεινὴ
557 1309 590 1370 δὲ
605 1307 704 1372 θεείου
719 1306 855 1387 γίγνεται
870 1307 946 1384 ὀδμή
1174 1337 1225 1386 4¹5

185 1473 186 1478 χ
277 1409 314 1486 ἐξ
326 1409 425 1488 αὐτῆς,
441 1409 494 1474 τάν
509 1407 535 1473 δ’
555 1409 589 1472 ού
604 1435 661 1490 περ
677 1408 741 1491 ἔχει
757 1406 869 1488 θράσος
884 1410 918 1475 ὄς
934 1435 985 1474 κεν
999 1412 1099 1488 ἴδηται

278 1511 366 1594 ἐγγὺς
385 1511 451 1585 ἐόν,
468 1511 604 1594 χαλεπὸς
619 1512 651 1574 δέ
669 1510 743 1576 Διὸς
756 1508 905 1593 μεγάλοιο
921 1511 1073 1592 κεραυνός,

279 1617 317 1682 ὣς
333 1615 416 1680 ἔπεσ’
429 1614 575 1695 Ἕκτορος
590 1613 652 1678 ὦκα
666 1615 763 1697 χαμαὶ
778 1613 869 1694 μένος
885 1616 918 1678 ἐν
935 1601 1063 1702 κφνίησι.
1170 1579 1211 1744 os

278 1717 378 1802 χειρὸς
392 1716 418 1782 δ’
436 1718 569 1797 ἔκβαλεν
584 1716 683 1799 ἔγχος,
700 1717 752 1781 ἐπ’
767 1717 843 1799 αὐτῷ
860 1716 885 1781 δ’
902 1717 995 1783 ἀσπὶς
1010 1716 1110 1800 ἑάφθη

279 1823 327 1885 καὶ
343 1822 437 1902 κόρυς,
454 1820 532 1900 ἀμφὶ
547 1818 580 1882 δέ
596 1822 624 1882 οἱ
639 1816 739 1902 βράχε
755 1820 863 1902 τεύχεα
878 1821 1003 1884 ποικίλα
1018 1823 1135 1905 χαλκῷ.
1173 1850 1225 1897 420

278 1927 307 1987 οί
323 1925 356 1987 δέ
370 1921 449 2004 μέγα
464 1923 600 2005 ἰάχοντες
616 1921 783 2002 ἐπέδραμον
801 1920 863 1986 υἶες
876 1918 1023 2004 Ἀχαιῶν,

278 2025 441 2103 ἐλπόμενοι
456 2024 607 2105 ἐρύεσθαι,
623 2023 778 2100 ἀκόντιζον
793 2025 826 2088 δέ
842 2024 966 2102 θαμειὰς

279 2131 398 2211 αἰχμάς·
420 2125 490 2190 ἀλλ’
507 2127 541 2190 ού
556 2151 601 2192 τις
617 2124 783 2204 ἐδυνήσατο
799 2126 928 2206 ποιμένα
942 2132 1027 2192 λαῶν

279 2230 404 2294 οὐτάσαι
420 2231 487 2293 οάδέ
502 2235 624 2311 βαλεῖν·
647 2230 718 2309 πρὶν
732 2228 790 2310 γὰρ
805 2231 977 2309 περίβησαν
993 2229 1121 2310 ἄριστοι,

279 2331 479 2411 Πουλυδάμας
493 2357 527 2396 τε
543 2333 591 2396 καὶ
607 2334 728 2398 Αἰνείας
744 2333 791 2396 καί
809 2337 871 2397 δῖος
888 2329 1025 2412 Ἀγήνωρ
1174 2361 1223 2411 4²5

279 2434 444 2514 Σαρπηδών
459 2437 494 2504 τ’,
511 2433 602 2516 ἀρχὸς
618 2434 744 2508 Λυκίων,
761 2434 810 2497 καὶ
826 2438 960 2499 Γλαῦκος
976 2433 1107 2514 ἀμύμων.

279 2543 338 2600 τῶν
353 2537 377 2599 δ’
395 2537 499 2599 ἀλλων
514 2536 549 2599 ού
564 2539 608 2602 τίς
624 2539 656 2601 εὑ
672 2536 829 2615 ἀκήδεσεν,
845 2536 927 2598 ἀλλά
942 2533 1086 2616 πάροιθεν

279 2640 411 2705 ἀσπίδας
425 2639 585 2706 εὐκύκλους
600 2639 714 2721 σχέθον
730 2640 828 2704 αὐτοῦ.
873 2638 925 2701 τὸν
940 2638 965 2703 δ’
982 2636 1029 2721 ἀρ’
1045 2643 1157 2720 ἑταῖραι

278 2743 386 2825 χερσὶν
401 2742 555 2823 ἀείραντες
570 2740 665 2823 φέρον
681 2743 713 2804 ἐκ
729 2741 833 2812 πόνου,
850 2737 921 2821 ὄφρ’
936 2739 1012 2805 ἵκεθ’
1026 2743 1136 2808 ἵππους

280 2844 382 2918 ὠκέας,
399 2847 431 2909 οἵ
444 2847 473 2908 οἱ
489 2847 598 2908 ὄπισθε
613 2843 712 2927 μάχης
726 2843 779 2922 ήδέ
794 2843 959 2924 πτολέμοιο
1175 2873 1226 2920 ⁴³0

280 2948 414 3010 ἔστασαν
428 2945 555 3029 ἡνίοχόν
568 2971 601 3010 τε
617 2946 665 3010 καὶ
682 2944 799 3025 άρματα
813 2945 929 3010 ποικίλ’
946 2947 1078 3029 ἔχοντες·

280 3051 308 3113 οῖ
325 3051 377 3112 τόν
388 3075 425 3130 γε
439 3049 527 3129 προτὶ
542 3048 620 3112 ἀστυ
635 3046 729 3128 φέρον
744 3046 843 3128 βαρέα
858 3047 1054 3132 στενάχοντα

322 3150 409 3214 Ἀλλ’
426 3152 477 3217 ότε
491 3152 528 3231 δῆ
544 3151 638 3234 πόρον
652 3148 719 3228 ἷξον
735 3152 866 3232 ἐϋρρεῖος
881 3157 1039 3232 ποταμοῖο,

281 3255 400 3323 Ξάνθου
416 3253 575 3332 δινήεντος,
592 3252 627 3318 δν
642 3250 789 3322 ἀθάνατος
804 3254 906 3319 τέκετο
922 3256 1006 3330 Ζεύς,

281 3359 352 3422 ἔνθα
365 3382 418 3435 μιν
433 3357 469 3434 ἐξ
482 3359 582 3421 ἵππων
597 3353 737 3420 πέλασαν
751 3359 847 3439 χθονί,
864 3359 918 3422 κάδ
934 3356 968 3421 δέ
983 3358 1012 3421 οί
1027 3358 1105 3439 ὕδωρ
1170 3386 1221 3437 435

281 3465 380 3542 χεῦαν·
404 3461 420 3523 ἀ
436 3455 462 3521 δ’
482 3458 630 3538 ἐμπνύνθη
646 3458 696 3522 καὶ
711 3459 873 3542 ἀνέδρακεν
887 3461 1104 3540 ὀφθαλμοῖσιν,

281 3563 418 3641 ἑζόμενος
432 3560 459 3625 δ’
474 3562 524 3626 ἐπὶ
540 3566 633 3642 γοῦνα
648 3565 825 3644 κελαινεφές
840 3559 902 3640 αἷμ’
917 3561 1101 3643 ἀπέμεσσεν·
1118 3583 1121 3588 ’

282 3665 362 3732 αὖτις
377 3661 404 3729 δ’
420 3662 552 3742 ἐξοπίσω
568 3669 666 3746 πλῆτο
681 3667 779 3752 χθονί,
796 3663 885 3730 τδῐδέ
900 3667 930 3730 οἱ
945 3668 1023 3732 ὄσσε
