2834 4234
500 363 549 408 11.
573 347 808 407 ΟΔΎΣΣΕΙΑΣ
839 348 873 408 Λ.
1108 345 1167 425 691

223 516 289 578 οὔτε
305 512 336 594 μ’
352 512 490 595 ἀνάρσιοι
505 514 610 595 ἄνδρες
625 513 802 593 ἐδηλήσαντ’
820 511 870 578 ἐπί
885 513 1003 596 χέρσου,

223 617 306 681 ἀλλά
320 643 372 696 μοι
387 621 535 699 Αἴγισθος
550 616 655 696 ί’τεύξας
672 617 801 682 θάνατόν
816 644 849 681 τε
863 619 956 698 μόρον
972 644 1004 682 τε

223 722 294 784 ἐκτα
310 722 366 786 σὺν
382 721 528 807 οὐλομένῃ
545 722 659 806 ἀλόχῳ,
677 721 792 786 οἶκόνδε
808 720 971 799 καλέσσας,

222 827 409 900 δειπνίσσας,
426 827 466 891 ὥς
482 827 526 891 τίς
541 850 575 888 τε
589 826 750 889 κατέκτανε
764 829 842 905 βοῦν
857 826 907 889 ἐπὶ
923 823 1032 912 φάτνῃ.

223 929 262 994 ὣς
278 927 368 992 θάνον
384 931 523 1013 οἰκτίστῳ
540 927 667 1013 θανάτῳ·
692 930 759 1010 περὶ
776 928 801 992 δ’
817 929 909 992 ἄλλοι
926 931 1035 1008 ἑταῖροι

223 1033 379 1112 νωλεμέως
395 1035 554 1109 κτείνοντο,
567 1033 638 1098 σύες
655 1033 694 1098 ὣς
711 1031 910 1114 ἀργιόδοντες,

223 1137 253 1198 οἵ
266 1135 305 1218 ῥά
320 1133 345 1199 τ’
361 1137 394 1200 ἐν
410 1138 537 1217 ἀφνειοῦ
554 1136 659 1217 ἀνδρὸς
674 1136 752 1217 μέγα
766 1137 943 1216 δυναμένοιο

222 1235 240 1315 ἢ
256 1237 340 1322 γάμῳ
356 1235 374 1317 ἢ
391 1239 484 1325 ἐράνῳ
500 1236 519 1316 ἢ
536 1240 677 1325 εἰλαπίνῃ
693 1240 846 1324 τεθαλυίῃ.

221 1339 277 1418 ἤδη
292 1343 347 1420 μέν
362 1341 483 1407 πολέων
498 1343 582 1426 φόνῳ
599 1344 713 1424 ἀνδρῶν
729 1343 953 1424 ἀντεβόλησας,

221 1443 338 1523 μουνὰξ
351 1445 547 1524 κτεινομένων
562 1447 611 1510 καὶ
630 1443 676 1510 ἐνί
692 1448 818 1535 κρατερῇ
833 1447 954 1535 ὑσμίνῃ·

222 1547 303 1610 ἀλλά
320 1574 352 1612 κε
368 1554 450 1614 κεῖνα
464 1549 600 1628 μάλιστα
615 1550 688 1615 ίδιδν
702 1551 857 1632 ὀλοφύραο
873 1553 966 1636 θυμῷ,

223 1650 262 1716 ὧς
277 1653 355 1733 ἀμφὶ
372 1655 501 1734 κρητῆρα
516 1653 663 1733 τραπέζας
677 1679 710 1717 τε
723 1654 900 1733 πληθούσας

223 1752 333 1834 κείμεθ’
348 1753 393 1819 ἐνί
410 1755 540 1841 μεγάρῳ,
557 1755 686 1821 δάπεδον
702 1756 728 1821 δ’
742 1757 824 1822 άπαν
840 1759 943 1837 αἵματι
959 1761 1037 1821 θΰεν.

223 1857 416 1937 οἰκτροτάτην
430 1857 456 1922 δ’
471 1858 587 1938 ἤκουσα
603 1862 664 1924 ὅπα
680 1861 832 1941 Πριάμοιο
849 1861 1004 1943 θυγατρός,

223 1960 433 2041 Κασσάνδρης,
450 1962 504 2042 τὴν
521 1967 617 2027 κτεῖνε
632 1962 884 2044 Κλυταιμνήστρη
900 1964 1063 2042 δολόμητις

222 2063 299 2145 ἀμφ’
315 2065 387 2142 ἐμοί·
412 2064 504 2146 αὐτὰρ
521 2066 580 2146 ἐγὼ
596 2067 667 2129 ποτὶ
683 2067 753 2152 γαίῃ
768 2071 874 2149 χεῖρας
890 2067 998 2147 ἀείρων

222 2167 344 2246 βάλλον
360 2166 561 2254 ἀποθνῄσκων
577 2170 645 2249 περὶ
662 2167 822 2254 φασγάνῳ·
845 2169 863 2248 ἡ
881 2172 913 2234 δέ
930 2175 1059 2236 κυνῶπις

223 2269 394 2352 νοσφίσατ’,
411 2270 480 2334 οὐδέ
495 2298 546 2351 μοι
564 2272 636 2351 ἔτλη
653 2274 729 2336 ἰόντι
745 2298 801 2354 περ
817 2276 860 2340 εἰς
874 2271 980 2338 Ἀίδαο

222 2372 312 2456 χερσὶ
330 2371 393 2438 κατ’
408 2375 584 2456 ὀφθαλμοὺς
600 2376 698 2440 ἑλέειν
716 2378 773 2440 σύν
787 2403 820 2440 τε
836 2375 923 2457 στόμ’
938 2379 1062 2458 ἐρεῖσαι.

224 2477 263 2542 ὣς
279 2476 332 2540 οὐκ
348 2479 502 2558 αἰνότερον
517 2476 566 2542 καὶ
583 2479 723 2559 κύντερον
739 2479 819 2542 ἀλλο
834 2481 975 2562 γυναικὸς

226 2575 260 2666 [ἤ
274 2606 319 2646 τις
335 2581 370 2660 δὴ
386 2586 508 2645 τοιαῦτα
526 2585 601 2663 μετὰ
617 2581 727 2664 φρεσὶν
742 2584 816 2666 ἔργα
830 2579 992 2669 βάληται]·

224 2685 288 2748 οῖον
306 2684 341 2763 δή
358 2686 407 2749 καὶ
423 2689 504 2765 κείνη
522 2685 655 2765 ἐμήσατο
671 2687 761 2768 ἔργον
775 2687 883 2766 ἀεικές,

225 2789 359 2873 κουριδίῳ
372 2787 504 2867 τεύξασα
518 2790 609 2852 πόσει
625 2790 729 2871 φόνον.
774 2789 793 2870 ή
811 2815 857 2853 τοι
873 2793 951 2871 ἔφην
967 2816 1002 2871 γε

225 2888 377 2956 ἀσπάσιος
392 2893 554 2956 παίδεσσιν
566 2894 611 2957 ἰδὲ
624 2895 777 2971 δμιύεσσιν
792 2897 911 2973 ἐμοῖσιν

224 2991 318 3058 οἴκαδ’
333 2995 524 3060 ἐλεύσεσθαι·
547 2996 565 3075 ἡ
582 2995 608 3060 δ’
624 2994 717 3078 ἔξοχα
732 2997 831 3079 λυγρὰ
848 2999 924 3060 ἰδυῖα

225 3099 255 3160 οῖ
268 3122 300 3160 τε
317 3097 379 3161 κατ’
394 3099 504 3183 αἶσχος
520 3099 607 3182 έχευε
624 3101 673 3164 καὶ
688 3100 893 3186 ἐσσομένῃσιν
904 3101 1025 3163 ὀπίσσω

224 3201 404 3288 θηλυτέρῃσι
418 3202 543 3286 γυναιξί,
562 3201 610 3268 καί
625 3203 645 3282 ἥ
661 3202 686 3267 κ’
703 3203 825 3286 εὐεργὸς
840 3203 956 3290 έῃσιν.”

108 3289 111 3294 ¹
261 3302 324 3370 Ὣς
341 3305 436 3386 ἔφατ’,
446 3305 537 3386 αὐτὰρ
552 3307 612 3389 ἐγώ
627 3333 678 3390 μιν
694 3308 895 3388 ἀμειβόμενος
911 3308 1102 3388 προσέειπον·
1119 3335 1168 3383 435

226 3414 243 3441 “
257 3405 280 3469 ιδ
296 3409 398 3488 πόποι,
413 3408 433 3489 ἦ
447 3409 529 3489 μάλα
545 3410 582 3488 δὴ
593 3413 689 3489 γγόνον
704 3411 827 3492 Ἀτρέος
842 3410 972 3492 εὐρύοπα
987 3411 1062 3477 Ζεὺς

225 3509 382 3592 ἐκπάγλως
400 3511 513 3596 ἤχθηρε
527 3517 697 3596 γυναικείας
712 3515 761 3579 διὰ
776 3517 894 3595 βουλὰς

225 3614 261 3694 ἐξ
274 3617 376 3698 ἀρχῆς·
398 3615 524 3695 Ἑλένης
539 3620 594 3697 μὲν
613 3615 786 3699 ἀπωλόμεθ’
802 3620 901 3684 εἵνεκα
917 3620 1040 3698 πολλοί,

225 3719 276 3783 σοὶ
291 3722 323 3784 δέ
342 3719 594 3802 Κλυταιμνήστρη
610 3725 703 3787 δόλον
716 3721 805 3804 ἤρτυε
820 3722 923 3801 τηλόθ’
938 3721 1046 3788 ἐόντι.”
