2874 4234
510 342 538 404 8.
569 293 804 405 ολςνννικν
835 347 875 407 ο.
1104 344 1168 427 ⁶25

215 507 316 591 δάκρυ’
331 508 533 591 ὀμορξάμενος
549 512 685 589 κεφαλῆς
696 508 755 572 άπο
771 513 868 590 φάρος
884 509 994 574 έλεσκε

216 610 265 677 καί
280 612 372 678 δέπας
387 612 620 693 ἀμφικύπελλον
635 612 714 676 ἑλὼν
729 613 900 676 σπείσασκε
916 617 1041 676 θεοῖσιν·

216 715 308 796 αὐτὰρ
324 716 367 778 ὅτ’
382 714 430 796 δφ
445 716 567 797 ἄρχοιτο
584 710 632 778 καί
648 714 803 794 ὀτρύνειαν
818 714 929 779 άείδειν
1133 741 1166 792 90

217 817 358 897 Φαιήκων
373 821 401 883 οί
417 817 545 900 ἄριστοι,
561 814 626 881 ἐπεὶ
642 817 778 898 τέρποντ’
794 816 949 896 ἐπέεσσιν,

216 920 263 1002 ἂψ
278 923 423 988 Ὀδυσεὺς
439 919 514 986 κατὰ
529 925 622 1001 κρᾶτα
638 920 852 1002 καλυψάμενος
867 919 1028 1003 γοάασκεν.

217 1025 276 1090 ἔνθ’
292 1025 406 1092 άλλους
422 1029 478 1106 μὲν
493 1023 607 1090 πάντας
625 1023 773 1089 ἐλάνθανε
792 1028 902 1102 δάκρυα
917 1025 1041 1105 λείβων,

216 1128 374 1195 Ἀλκίνοος
389 1129 422 1192 δέ
436 1155 488 1207 μιν
503 1128 566 1194 οἶος
582 1127 767 1208 ἐπεφράσατ’
782 1127 828 1206 ἠδ’
844 1128 970 1204 ἐνόησεν

215 1231 324 1310 ἥμενος
340 1233 409 1315 ἄγχ’
425 1233 522 1308 αὐτοῦ,
537 1231 617 1312 βαρὺ
633 1235 665 1296 δὲ
682 1229 885 1312 στενάχοντος
900 1231 1038 1295 άκουσεν.
1132 1256 1165 1308 95

216 1335 296 1417 αἶψα
314 1337 347 1399 δὲ
362 1334 536 1414 Φαιήκεσσι
551 1332 766 1416 φιληρέτμοισι
783 1335 923 1414 μετηύδα·

260 1444 281 1473 “
293 1438 432 1514 Κέκλυτε,
448 1436 590 1516 Φαιήκων
604 1436 748 1519 ἡγήτορες
765 1437 817 1515 ἠδὲ
830 1438 981 1518 μέδοντες·

215 1540 272 1620 ήδη
286 1544 342 1623 μὲν
356 1542 454 1609 δαιτὸς
473 1539 657 1622 κεκορήμεθα
672 1540 765 1621 θυμδν
782 1539 866 1619 ἐίσης

217 1646 385 1728 φόρμιγγός
397 1647 434 1724 θ’,
450 1643 469 1724 ή
485 1641 563 1708 δαιτὶ
579 1643 724 1725 συνήορός
739 1646 805 1708 ἐστι
821 1648 938 1732 θαλείῃ·

217 1754 269 1813 νῦν
284 1749 310 1812 δ’
326 1747 498 1829 ἐξέλθωμεν
514 1750 562 1812 καὶ
577 1749 698 1813 ἀέθλων
715 1747 918 1831 πειρηθέωμεν
1117 1777 1166 1814 τοο

216 1850 346 1931 πάντων,
362 1854 402 1920 ὥς
417 1853 447 1936 χ’
464 1855 480 1915 δ
496 1851 593 1930 ξεῖνος
610 1853 720 1937 ένίσπη
736 1855 799 1915 οίσι
815 1855 965 1932 φίλοισιν,

215 1958 316 2020 οἶκαδε
332 1955 492 2033 νοστήσας,
508 1956 606 2021 ὅσσον
621 1955 843 2037 περιγιγνόμεθ’
859 1954 965 2020 ἄλλων

216 2058 276 2138 πύξ
289 2084 322 2123 τε
336 2058 570 2142 παλαισμοσύνῃ
586 2083 619 2122 τε
636 2059 684 2122 καὶ
701 2057 836 2136 άλμασιν
852 2058 904 2136 ἠδὲ
918 2057 1098 2124 πόδεσσιν.”

252 2162 316 2229 Ὣς
333 2163 390 2244 άρα
405 2161 550 2243 φωνήσας
565 2161 712 2244 ἡγήσατο,
728 2163 776 2226 τοὶ
792 2161 817 2226 δ’
835 2161 883 2241 ἅμ’
900 2163 1020 2226 έποντο.

217 2269 271 2330 κδδ
287 2267 312 2329 δ’
328 2267 360 2329 ἐκ
376 2266 559 2345 πασσαλόφι
576 2264 724 2347 κρέμασεν
739 2266 894 2347 φόρμιγγα
908 2267 1038 2348 λίγειαν,
1118 2291 1165 2341 105

217 2371 393 2449 Δημοδόκου
409 2370 434 2434 δ’
451 2370 503 2434 ἕλε
518 2374 605 2451 χεῖρα
622 2370 671 2433 καὶ
687 2367 797 2452 ἔξαγεν
812 2375 844 2434 ἐκ
858 2369 1001 2451 μεγάροιο

217 2471 316 2554 κῆρυξ·
347 2473 421 2557 ήρχε
437 2479 469 2538 δὲ
485 2474 526 2557 τῷ
539 2473 632 2551 αὐτὴν
648 2472 717 2538 ὁδὸν
733 2472 770 2550 ἥν
786 2499 842 2554 περ
862 2475 891 2536 οἱ
907 2475 998 2536 ἄλλοι

216 2575 358 2655 Φαιήκων
373 2580 402 2642 οἱ
418 2577 546 2657 άριστοι,
562 2576 669 2640 ἀέθλια
685 2575 910 2655 θαυμανέοντες.

216 2680 279 2760 βὰν
294 2680 319 2743 δ’
335 2683 402 2759 ἴμεν
421 2684 463 2746 εἰς
480 2679 600 2763 άγορήν,
618 2679 679 2758 ἅμα
695 2679 720 2744 δ’
737 2680 847 2744 ἕσπετο
863 2680 976 2748 πουλὺς
992 2682 1107 2760 ὅμιλος,

216 2783 325 2863 μυρίοι·
354 2783 392 2848 δν
408 2783 433 2847 δ’
448 2775 572 2848 ίσταντό
588 2785 651 2848 νέοι
666 2785 782 2847 πολλοί
794 2810 827 2847 τε
844 2786 892 2848 καὶ
908 2785 1027 2848 ἐσθλοί.
1119 2811 1166 2847 110

217 2883 293 2966 ὦρτο
308 2889 362 2964 μὲν
378 2887 542 2968 Ἀκρόνεώς
558 2911 590 2950 τε
607 2885 655 2951 καὶ
673 2886 822 2953 Ὠκύαλος
840 2888 888 2952 καὶ
903 2887 1065 2970 Ἐλατρεύς

217 2989 351 3055 Ναυτεύς
367 3014 400 3053 τε
416 2990 573 3071 Πρυμνεύς
589 3015 622 3053 τε
638 2991 687 3053 καὶ
702 2990 869 3072 Ἀγχίαλος
886 2987 934 3054 καὶ
949 2990 1107 3072 Ἐρετμεύς

218 3094 351 3159 Ποντεύς
367 3118 399 3157 τε
416 3095 556 3177 Πρωρεύς
571 3119 612 3172 τε,
630 3094 721 3158 Θόων
735 3093 964 3174 Ἀναβησίνεώς
980 3119 1013 3158 τε
1114 3119 1116 3126 ’

217 3195 386 3277 Ἀμφίαλός
403 3196 439 3274 θ’,
456 3197 520 3262 υἱὸς
536 3196 696 3275 Πολυνήου
710 3198 901 3262 Τεκτονίδαο·

217 3295 254 3360 δν
269 3301 302 3362 δὲ
319 3295 366 3361 καὶ
384 3298 548 3380 Εὐρύαλος,
563 3300 755 3383 βροτολοιγῷ
769 3299 838 3365 ἶσος
848 3298 948 3381 Ἀρηϊ,
1120 3327 1166 3375 1¹5

218 3402 421 3480 Νουβολιδης,
438 3402 471 3469 ὃς
486 3403 609 3484 άριστος
625 3403 679 3482 ἔην
694 3403 772 3469 εἶδός
787 3428 820 3467 τε
835 3403 925 3484 δέμας
940 3429 974 3468 τε

216 3505 336 3569 πάντων
351 3503 491 3584 Φαιήκων
505 3506 570 3585 μετ’
584 3505 719 3585 ἀμύμονα
733 3504 942 3588 Λαοδάμαντα.

217 3606 254 3672 ἂν
269 3607 294 3670 δ’
310 3608 402 3671 έσταν
417 3614 495 3690 τρεῖς
511 3614 615 3675 παῖδες
631 3608 780 3689 ἀμύμονος
795 3609 976 3690 Ἀλκινόοιο,

217 3710 378 3794 Λαοδάμας
391 3711 417 3774 θ’
428 3710 537 3778 Ἀλιός
552 3738 584 3778 τε
601 3715 650 3778 καὶ
666 3713 802 3780 ἀντίθεος
817 3715 1000 3793 Κλυτόνηος·
