2874 4234
524 319 553 384 ιι.
582 322 819 384 omma
851 321 889 382 ω.
1116 319 1180 400 ⁶39

277 494 297 524 “
310 487 453 567 Κέκλυτε,
470 489 613 570 Φαιήκων
628 489 772 574 ἡγήτορες
788 490 841 569 ἠδὲ
855 488 1007 569 μέδοντες,

232 593 406 672 Δημόδοκος
422 594 446 657 δ’
462 594 517 673 ἤδη
534 595 670 677 σχεθέτω
687 596 838 676 φόρμιγγα
855 593 983 675 λίγειαν·

231 695 265 759 οὗ
280 695 337 779 γάρ
354 723 418 763 πως
433 697 583 764 πάντεσσι
598 698 795 782 χαριζόμενος
809 696 872 760 τάδ’
888 697 992 760 ἀείδει.

231 800 267 878 ἐξ
281 801 315 863 οὗ
330 799 495 881 δορπέομέν
509 827 542 866 τε
557 803 606 866 καὶ
622 802 714 883 ὤρορε
733 805 813 867 θεῖος
829 799 940 876 ἀοιδάς,

231 905 264 967 ἐκ
279 903 358 968 τοῦδ’
374 904 409 968 οὔ
423 931 471 970 πω
485 905 616 969 παύσατ’
631 906 759 986 ὀϊζυροῖα
773 905 858 986 γόοιο
1128 931 1177 982 540

232 1007 248 1068 ὁ
264 1005 370 1085 ξεῖνος·
392 1006 476 1088 μάλα
491 1009 548 1072 ποό
562 1034 615 1087 μιν
630 1010 705 1091 άχος
720 1006 831 1090 φρένας
847 1005 1073 1088 ἀμφιβέβηκεν.

231 1111 301 1173 ἀλλ’
317 1110 365 1193 άγ’
380 1113 398 1174 ὁ
412 1115 467 1192 μὲν
483 1112 630 1195 σχεθέτω,
645 1113 684 1177 ἵν’
701 1113 780 1191 ὁμῶς
794 1111 971 1192 τερπώμεθα
985 1109 1095 1176 πάντες

230 1212 394 1292 ξεινοδόκοι
410 1218 458 1279 καὶ
474 1214 581 1294 ξεῖνος,
597 1217 664 1280 ἐπεὶ
680 1215 758 1280 πολὺ
773 1213 900 1278 κάλλιον
918 1210 1020 1279 οὕτως·

231 1319 331 1381 είνεκα
346 1319 403 1401 γὰρ
419 1317 528 1398 ξείνοιο
542 1319 605 1383 τάδ’
625 1320 751 1383 αἰδοίοιο
766 1316 909 1394 τέτυκται,

231 1422 332 1502 πομπὴ
350 1423 397 1485 καὶ
413 1425 491 1504 φίλα
508 1429 597 1501 δῶρα,
614 1423 651 1487 τά
664 1425 694 1486 οἱ
709 1423 831 1502 δίδομεν
847 1418 1015 1501 φιλέοντες.

231 1525 295 1588 ἀντὶ
311 1525 491 1607 κασιγνήτου
507 1524 603 1605 ξεῖνός
619 1527 646 1589 θ’
663 1525 760 1604 ἱκέτης
777 1551 810 1589 τε
825 1524 961 1589 τέτυκται

230 1627 322 1709 ἀνέρι,
339 1630 372 1694 ὅς
382 1630 409 1692 τ’
424 1630 531 1713 ὀλίγον
544 1656 600 1712 περ
617 1631 751 1716 ἐπιψαύῃ
766 1631 961 1710 πραπίδεσσι.

231 1733 273 1816 τῷ
287 1739 340 1796 νῆν
357 1737 431 1812 μηδὲ
446 1734 485 1796 σὺ
500 1739 586 1799 κεῦθε
602 1733 731 1812 νοήμασι
748 1732 956 1813 κερδαλέοισιν

229 1834 292 1899 όττι
309 1837 342 1900 κέ
357 1838 388 1899 σ’
404 1841 536 1918 εἴρωμαι·
556 1837 675 1918 φάσθαι
690 1837 723 1902 δέ
739 1863 776 1900 σε
792 1836 920 1900 κάλλιόν
935 1837 1030 1900 ἔστιν.

231 1940 289 2004 εἴπ’
305 1941 388 2020 ὄνομ’
403 1939 467 2004 όττι
483 1967 519 2004 σε
535 1946 611 2004 κεῖθι
626 1940 738 2005 κάλεον
751 1939 847 2019 μήτηρ
863 1965 896 2004 τε
912 1938 1008 2020 πατήρ
1023 1966 1066 2019 τε,

230 2045 321 2108 ἄλλοι
337 2045 363 2109 θ’
380 2044 408 2107 οἳ
425 2048 499 2107 κατὰ
517 2044 593 2109 άστυ
609 2043 658 2108 καὶ
675 2043 703 2106 οδ
718 2044 986 2125 περιναιετάουσιν.

230 2149 263 2212 οὐ
277 2151 334 2227 μὲν
350 2148 406 2230 γάρ
420 2173 466 2214 τις
481 2147 606 2226 πάμπαν
622 2149 775 2227 ἀνώνυμός
787 2147 850 2211 ἔστ’
865 2147 1039 2228 ἀνθρώπων,

230 2253 264 2315 οίι
280 2250 369 2317 κακδς
384 2251 453 2316 οὐδὲ
468 2254 523 2330 μὲν
539 2253 663 2329 ἐσθλός,
676 2251 752 2330 ε’τῆν
767 2249 804 2314 τὰ
818 2256 921 2333 πρῶτα
935 2250 1067 2333 γένηται,

230 2355 300 2417 ἀλλ’
315 2353 365 2418 ἐπὶ
380 2360 458 2420 πᾶσι
473 2356 615 2433 τίθενται,
633 2358 701 2420 ἐπεί
715 2381 747 2418 κε
762 2355 882 2432 τέκωσι,
898 2356 1012 2431 τοκῆες.

230 2461 296 2523 είπέ
312 2458 344 2523 δέ
356 2485 407 2538 μοι
421 2457 512 2542 γαῖάν
526 2485 560 2523 τε
574 2459 644 2538 τεὴν
660 2460 754 2539 δῆμόν
769 2485 802 2522 τε
816 2459 907 2522 πόλιν
922 2484 965 2535 τε,

231 2564 310 2644 ὄφρα
327 2589 364 2626 σε
379 2567 414 2649 τῆ
431 2562 573 2643 πέμπωσι
589 2563 799 2641 τιτυσκόμεναι
815 2563 908 2643 φρεσὶ
923 2565 1002 2640 νῆες.

230 2666 264 2729 οὗ
278 2669 335 2749 γὰρ
351 2664 522 2746 Φαιήκεσσι
538 2669 754 2747 κυβερνητῆρες
771 2667 868 2743 έασιν,

229 2766 297 2829 οὐδέ
314 2792 342 2829 τι
358 2765 480 2845 πηδάλι’
496 2768 571 2844 ἐστί,
588 2767 626 2829 τά
641 2766 666 2829 τ’
682 2766 775 2829 ἄλλοι
791 2770 860 2845 νῆες
877 2765 1011 2848 ἔχουσιν·

229 2869 299 2932 ἀλλ’
315 2867 399 2934 αὐταί
415 2872 501 2933 ἴσασι
517 2868 651 2948 νοήματα
666 2866 715 2932 καὶ
731 2868 842 2951 φρένας
858 2869 982 2950 ἀνδρῶν,

230 2971 277 3036 καὶ
292 2973 412 3038 πάντων
426 2976 513 3037 ίσασι
529 2974 640 3039 πόλιας
656 2970 705 3037 καὶ
721 2975 824 3040 πίονας
841 2973 950 3054 ἀγροὺς

229 3078 404 3158 ἀνθρώπων,
421 3075 470 3142 καὶ
484 3082 597 3156 λαῖτμα
611 3076 733 3160 τάχισθ’
749 3076 823 3141 ἀλάς
839 3077 1024 3155 ἐκπερόωσιν

229 3179 292 3262 ήέρι
308 3178 357 3245 καὶ
373 3181 489 3267 νεφέλῃ
506 3179 735 3260 κεκαλυμμέναι·
759 3179 827 3244 αιἰδέ
842 3179 916 3244 ποτέ
931 3186 1008 3260 σφιν

228 3284 295 3348 οὔτε
310 3309 338 3348 τι
354 3287 544 3365 πημανθῆναι
560 3285 610 3349 ἔτι
626 3284 691 3350 δέος
707 3284 767 3347 οὔτ’
784 3283 964 3348 ἀπολέσθαι.

230 3388 312 3452 ἀλλὰ
327 3389 387 3452 τόδ’
404 3391 443 3454 ὥς
459 3413 533 3452 ποτε
548 3388 659 3469 πατρὸς
679 3389 757 3471 ἐγὼν
773 3388 909 3454 εἰπόντας
923 3389 1040 3453 άκουσα

229 3493 412 3569 Ναυσιθόου,
429 3491 462 3557 δς
478 3493 595 3574 ἔφασκε
612 3490 799 3583 Ποσειδάων’
815 3491 985 3574 ἀγάσεσθαι

226 3595 309 3676 ἡμῖν,
325 3596 432 3660 οὕνεκα
446 3594 560 3676 πομποί
575 3594 727 3674 ἀπήμονές
743 3597 825 3676 είμεν
841 3594 988 3662 ἁπάντων.

228 3702 270 3780 φῆ
289 3701 363 3763 τοτὲ
380 3696 521 3778 Φαιήκων
536 3701 651 3781 ἀνδρῶν
667 3697 790 3782 εὐεργέα
805 3702 861 3778 νῆα
