2792 4232
522 348 569 411 18.
594 351 764 411 ΙΛΙΑΔΟΣ
782 351 822 409 Σ.
1077 359 1144 436 '371

195 523 227 584 ἐκ
243 520 363 600 βελέων
378 520 524 603 ἐρύσαντο
540 519 636 594 νέκυν,
655 515 813 601 θεράποντ’
824 519 998 602 ,Ἀχιλῆος··
1029 547 1031 554 ’

195 626 277 692 οῦτις
291 627 349 709 γὰρ
365 625 401 704 δή
416 626 470 688 τόν
483 651 520 706 γε
536 625 624 708 κίχον
637 625 714 689 λαός
727 649 761 688 τε
777 625 826 687 καὶ
841 625 929 687 ἴπποι

190 727 309 810 Ἕκτωρ
320 754 361 794 ,τε
376 727 526 808 Πριάμοιο
542 725 621 803 πάϊς,
638 727 734 810 φλογὶ
749 731 866 792 εἴκελος
882 725 987 805 θλκήν.

195 833 257 914 τρὶς
270 831 326 910 μέν
340 857 392 911 μιν
406 831 572 909 μετόπισθε
587 836 688 894 ποδῶν
702 830 784 910 λάβε
799 830 941 912 φαίδιμος
951 829 1071 911 Ἕκτωρ
1095 856 1141 906 155

195 935 353 1016 ἑλκέμεναι
371 934 502 1015 μεμαύς,
517 934 596 1016 μέγα
611 938 644 998 δέ
658 935 820 1016 Τρώεσσιν
835 936 960 1013 ὁμόκλα·
1118 943 1120 946 ’

195 1040 257 1120 τρὶς
272 1041 305 1103 δέ
320 1037 363 1102 δύ’
380 1041 516 1113 Αἴαντεςζ
534 1042 636 1120 θοῦριν
651 1039 816 1117 ἐπιειμένοι
831 1037 936 1116 ἀλκήν,

196 1149 300 1225 νεκροῦ
316 1139 573 1223 ἀπεστυφέλιξαν·
597 1143 614 1204 ὁ
628 1141 653 1205 δ’
670 1142 800 1220 ἔμπεδον
816 1142 886 1204 άλκὶ
905 1140 1057 1206 πεποιθὼς

196 1245 302 1310 ἄλλοτ’
319 1244 485 1324 ἐπαΐξασκε
501 1248 576 1309 κατὰ
590 1246 694 1326 μόθον,
711 1245 825 1309 άλλοτε
839 1242 865 1308 δ’
881 1245 950 1309 αῦτε

197 1349 310 1415 στάσκε
324 1350 404 1432 μέγα
419 1347 525 1432 ἴάχων·
549 1349 649 1412 ὀπίσω
664 1344 691 1412 δ’
707 1348 741 1410 ού
755 1347 866 1431 χάζετο
881 1346 1016 1428 πάμπαν.
1097 1359 1144 1409 160

197 1455 235 1519 ὡς
250 1453 275 1517 δ’
292 1455 351 1517 άπὸ
368 1455 507 1533 σόματος
522 1452 556 1516 οῦ
571 1477 600 1515 τι
615 1449 715 1515 λέοντ’
731 1454 845 1516 αἴθωνα
859 1452 999 1516 δύνανται
1112 1450 1118 1502 T

196 1557 334 1637 ποιμένες
348 1557 497 1640 άγραυλοι
512 1555 591 1638 μέγα
606 1555 768 1621 πεινάοντα
783 1557 912 1628 δίεσθαι,

192 1661 236 1726 ιύς
249 1662 289 1743 ῥα
302 1660 355 1726 τὸν
371 1661 423 1724 οὐκ
439 1659 581 1724 ἐδύναντο
597 1659 655 1724 δύω
672 1661 782 1724 Αἴαντε
798 1661 929 1740 κορυστὰ

192 1761 323 1845 Ἕκτορα
338 1764 510 1846 Πριαμίδην
525 1762 585 1826 άπὸ
600 1767 706 1843 νεκροῦ
721 1761 919 1841 δειδίξασθαι.

197 1868 248 1931 καῖ
261 1868 297 1930 νύ
311 1893 362 1931 κεν
378 1866 520 1948 εἴρυσσέν
535 1892 568 1930 τε
584 1868 632 1930 καὶ
648 1867 782 1930 άσπετον
799 1864 891 1946 ἤρατο
910 1871 1004 1941 κῦδος,
1097 1879 1143 1944 165

197 1973 223 2035 εἴ
237 1971 278 2050 μή
294 1970 449 2049 Πηλεΐωνι
465 1967 632 2050 ποδήνεμος
647 1969 726 2032 ὧκέα
737 1967 812 2050 Ἶρις
898 1973 900 1980 ’

198 2179 311 2259 κρύβδα
328 2177 402 2244 Διὸς
420 2178 525 2242 άλλων
539 2201 572 2240 τε
588 2179 673 2240 θεῶν·
696 2175 754 2257 πρὸ
770 2178 828 2258 γὰρ
843 2174 898 2254 ήκέ
911 2200 963 2253 μιν
977 2173 1069 2256 Ἥρη.

198 2283 294 2364 ἀγχοῦ
312 2281 337 2345 δ’
356 2279 500 2359 ἱσταμένη
522 2279 596 2345 έπεα
612 2280 776 2361 πτερόεντα
791 2279 955 2359 προσηύδα·
978 2308 981 2314 ·

198 2386 330 2466 “όρσεο,“Ι
343 2383 489 2463 Πηλείδη,
507 2381 847 2464 πάντων·ἐκπαγλότατ’
865 2383 989 2463 ἀνδρῶν·
1097 2405 1144 2458 ¹70

198 2487 365 2571 Πατρόκλῳ
382 2484 542 2565 ἐπάμυνον,
560 2485 594 2549 οῦ
611 2486 711 2549 εἴνεκα
727 2484 860 2566 φύλοπις
876 2485 944 2564 αἴνη

198 2590 306 2670 ἔστηκε
321 2588 379 2669 πρὸ
394 2594 479 2656 νειῦν·
503 2591 532 2651 οἱ
548 2587 574 2652 δ’
588 2587 743 2666 ἀλλήλους
758 2587 920 2654 ὀλέκουσιν

197 2695 296 2768 οἱμὲν
311 2693 491 2774 ἀμυνόμενοι
507 2691 611 2758 νέκυος
625 2691 693 2773 πέρι
708 2697 884 2770 τεθνηῶτος,

198 2798 226 2859 οἱ
241 2797 274 2860 δὲ
289 2796 479 2878 ἐρύσσασθαι
495 2797 566 2860 ποτὶ
578 2794 676 2860 Ἴλιον
691 2795 882 2876 ἠνεμόεσσαν

197 2905 297 2981 Τρῶες
312 2899 478 2964 ἐπιθύουσι·
502 2897 638 2979 μάλιστα
654 2900 686 2963 δὲ
703 2901 846 2980 φαίδιμος
856 2898 976 2980 Ἕκτωρ
1099 2923 1144 2977 175

198 3001 356 3084 ἑλκέμεναι
373 3001 510 3083 μέμονεν·
535 3004 674 3084 κεφαλὴν
689 3002 723 3066 δέ
737 3006 752 3066 ἑ
771 3007 862 3081 θυμὸς
877 3003 987 3084 άνιύγει

197 3104 288 3184 πῆξαι
303 3106 360 3170 ἆνᾶ
376 3108 570 3170 σκολόπεσσι
585 3105 706 3184 ταμόνθ’
723 3109 842 3184 ἁπαλῆς
860 3107 920 3168 ἆπδ
935 3111 1043 3188 δειρῆς.

197 3207 268 3273 άλλ’
284 3210 350 3288 ἄνα,
365 3209 432 3289 μηδ’
451 3211 495 3274 ἔτι
512 3215 607 3274 κεῖσο·
634 3209 732 3288 σέβας
747 3209 781 3273 δέ
797 3234 834 3272 σε
849 3213 942 3287 θυμὸν
958 3209 1069 3274 ἴκέσθω

197 3311 378 3394 Πάτροκλον
392 3316 517 3401 Τρῳῇσι
533 3314 621 3378 κυσὶν
634 3311 794 3394 μέλπηθρα
808 3311 961 3394 γενέσθαι·

198 3417 249 3480 σοὶ
262 3417 362 3496 λόβη,
382 3419 417 3480 οἴ
430 3417 482 3482 κέν
496 3442 525 3480 τι
541 3415 627 3482 νέκυς
641 3413 835 3502 ᾐσχυμμένος
851 3412 954 3502 my?
1100 3432 1146 3480 180

239 3518 304 3599 Τήν
319 3521 344 3583 δ’
361 3519 495 3599 ἠμείβετ’
513 3520 617 3584 ἔπειτα
633 3517 784 3600 ποδάρκης
799 3518 1050 3602 δῖος·Ἀχιλλεύς·

197 3621 281 3705 ΜΙρι
297 3622 360 3699 θεά,
377 3623 423 3689 τίς
437 3623 495 3705 γάρ
511 3648 547 3687 σε
563 3627 640 3687 θεῶν
655 3622 721 3701 ἐμοὶ
737 3623 871 3704 άγγελον
885 3622 939 3702 ἧκε
951 3649 962 3697 ;
972 3620 991 3647 ”

199 3791 202 3802 ,
239 3726 302 3790 Τὸν
318 3725 342 3791 δ’
360 3726 431 3790 αῦτε
446 3725 610 3808 προσέειπε
624 3724 793 3806 ποδήνεμος
809 3725 887 3790 ὠκέα
895 3724 982 3808 ΙἸρις·
