2848 4296
566 487 616 535 22.
643 474 813 534 1A1AA02
835 473 873 534 x.
1125 489 1188 554 447

280 643 342 706 Τδν
357 640 383 706 δ’
399 640 443 723 ἄρ’
460 639 573 723 ὑπόδρα
589 642 660 706 Ζδδν
672 641 813 724 προσέφη
827 643 921 707 πόδας
931 639 1189 725 ὧκδςἈχιλλεύς·

237 754 257 782 “
266 744 307 826 μή
322 772 370 825 με,
391 745 470 821 κύον,
486 745 603 827 γούνων
617 744 761 827 γουνάζεο
775 749 851 824 μηδὲ
866 743 990 824 τοκήων·
1141 771 1188 820 545

209 895 212 900 -
239 850 269 913 αδ
287 847 345 931 γάρ
360 873 424 912 πως
442 847 532 912 αὐτόν
547 873 584 928 με
600 847 690 925 μένος
706 850 755 912 καὶ
771 849 862 928 θυμός
878 849 962 926 ἀνείη

238 948 292 1028 ὤμ’
308 947 558 1026 ἀποταμνόμενον
576 946 647 1028 κρέα
661 948 793 1035 ἐδμευαι,
811 946 861 1012 οἶά
876 946 907 1027 μ’
923 949 1041 1030 ἔοργας,
1082 961 1084 968 ’

238 1050 277 1115 ὡς
293 1051 344 1113 οὐκ
360 1047 425 1113 ἔσθ’
442 1048 475 1117 δς
492 1051 546 1124 σῆς
561 1075 599 1131 γε
614 1050 701 1116 κύνας
718 1054 854 1131 κεφαλῆς
869 1049 1051 1121 ἀπαλάλκοι,

238 1152 297 1216 οὐδ’
315 1155 344 1217 εἴ
358 1179 409 1216 κεν
425 1151 543 1218 δεκάκις
560 1178 592 1217 τε
610 1154 659 1216 καὶ
676 1152 866 1233 εἰκοσινήριτ’
883 1153 994 1218 ἄποινα
1086 1167 1088 1170 ’

239 1255 372 1334 στήσωσ’
390 1255 488 1318 ἐνθάδ’
505 1254 641 1336 όγοντες,
661 1252 856 1337 ὑπόσχωνται
871 1257 904 1318 δὲ
920 1255 969 1319 καὶ
983 1256 1077 1333 ἄλλα,
1141 1281 1189 1328 350

239 1357 297 1420 οὐδ’
315 1361 344 1422 εἴ
359 1357 409 1423 κέν
426 1355 455 1420 σ’
472 1358 563 1422 αὐτὸν
578 1359 682 1441 χρυσῷ
700 1359 867 1441 ἐρύσασθαι
882 1357 994 1439 ἆνόγοι

239 1465 427 1542 Δαρδανίδης
443 1463 590 1544 Πρίαμος·
617 1461 676 1525 οὐδ’
694 1462 733 1527 ὣς
749 1461 786 1524 σέ
801 1487 837 1544 γε
853 1458 1073 1540 πότνιαμήτηρ

238 1564 379 1643 ἐνθεμένη
395 1564 544 1648 λεχέεσσι
557 1565 716 1648 γοήσεται,
733 1564 768 1628 δν
786 1564 872 1628 τέκεν
887 1563 980 1642 αθτή,

239 1667 320 1730 ἀλλὰ
337 1669 421 1734 κύνες
437 1695 470 1732 τε
485 1671 535 1734 καὶ
552 1668 653 1734 οἰωνοὶ
669 1672 745 1732 κατὰ
759 1667 859 1732 πάντα
874 1663 1048 1732 δάσονται.”

281 1775 342 1833 Τδν
359 1772 391 1834 δὲ
408 1770 622 1850 καταθνήσκων
637 1771 777 1854 προσέφη
789 1773 984 1852 κορυθαίολος
995 1769 1122 1851 ἸἘκτωρ·
1140 1795 1187 1844 555

239 1873 287 1952 “ή
303 1873 333 1936 α’
350 1874 383 1938 εὖ
397 1876 576 1957 γιγνόσκων
592 1876 824 1956 προτιόσσομαι,
842 1875 901 1937 οὐδ’
919 1871 965 1955 ἄρ’
981 1873 1112 1953 ἔμελλον

238 1979 365 2042 πείσειν·
388 1977 481 2060 ἥγδρ
497 1979 599 2059 σοίγε
616 1976 754 2058 σιδήρεος
770 1979 802 2042 ἐν
822 1975 914 2058 φρεσὶ
928 1978 1029 2057 θυμός.

239 2079 353 2162 φράζεο
369 2086 430 2158 νῦν,
446 2079 488 2160 μή
504 2081 553 2142 τοέ
567 2102 596 2144 τι
612 2085 690 2144 θεῶν
703 2079 818 2160 μήνιμα
832 2080 965 2162 γένωμαι

238 2185 327 2265 ἤματι
343 2189 384 2272 τῷ
401 2188 452 2250 ὅτε
468 2185 520 2251 κέν
536 2212 573 2250 σε
588 2185 686 2267 Πάρις
702 2188 751 2251 καὶ
768 2191 885 2266 Φοῖβος
899 2186 1067 2250 Ἀπόλλων

239 2289 352 2353 ἐσθλδν
368 2289 445 2355 ἐόντ’
463 2289 618 2354 ὀλέσωσιν
634 2291 679 2354 ἐνὶ
695 2292 826 2373 Σκαιῇσι
841 2288 1007 2376 πύλῃσιν.”
1141 2302 1189 2363 56ο

275 2392 338 2460 Ὣς
354 2393 411 2475 ἄρα
425 2419 478 2473 μιν
493 2394 617 2459 εἰπόντα
631 2393 720 2460 τέλος
736 2391 1023 2475 θανάτοιοκάλυψε,

238 2497 325 2581 ψυχή
341 2495 368 2561 δ’
383 2499 416 2562 ἐκ
431 2497 544 2582 ῥεθέων
559 2497 693 2577 πταμένη
708 2495 852 2579 Ἀϊδόσδε
867 2497 1007 2578 βεβήκει,

240 2599 275 2665 δν
289 2602 405 2680 πότμον
418 2603 551 2685 γοόωσα,
567 2601 690 2666 λιποΰσ’
707 2603 873 2684 ἀνδροτῆτα
888 2603 936 2666 καὶ
951 2602 1043 2683 ἥβην.

239 2710 292 2769 τὸν
307 2704 355 2768 καὶ
371 2710 524 2785 τεθνηῶτα
539 2707 696 2785 προσηύδα
711 2710 775 2772 δῖος
789 2705 961 2790 Ἀχιλλεύς·

241 2812 258 2841 “
268 2805 398 2873 τέθναθι·
423 2813 498 2890 κῆρα
513 2810 538 2872 δ’
557 2811 615 2892 ἐγδ
632 2810 701 2875 τότε
716 2808 847 2890 δέξομαι,
865 2811 979 2874 ὁππότε
996 2836 1047 2874 κεν
1062 2810 1098 2888 δή
1137 2821 1186 2884 565

192 2959 195 2966 ,
241 2910 315 2977 Ζεὺς
329 2911 420 2999 ἐθέλῃ
435 2911 561 2976 τελέσαι
579 2911 625 2992 ἠδ’
642 2912 785 2978 ἀθάνατοι
801 2914 864 2977 θεοὶ
881 2911 1001 2977 όλλοι.”

278 3013 324 3077 Ἦ
337 3018 384 3099 ῥα,
400 3018 448 3080 καὶ
466 3019 498 3080 ἐκ
514 3021 631 3099 νεκροῖο
647 3017 798 3099 ἐρύσσατο
812 3015 946 3100 χάλκεον
961 3017 1063 3100 ἔγχος,

241 3118 289 3183 καὶ
307 3119 383 3204 τόγ’
400 3122 524 3186 ἄνευθεν
540 3118 637 3204 ἔθηχ’,
655 3123 671 3183 ὁ
687 3121 711 3184 δ’
730 3121 779 3184 ἀπ’
796 3122 884 3200 ὤμων
899 3119 996 3203 τεύχε’
1014 3121 1110 3185 ἐσύλα

241 3223 418 3303 αἱματόεντ’·
442 3223 534 3286 ἄλλοι
550 3225 583 3286 δέ
599 3225 779 3306 περίδραμον
793 3225 856 3290 υἷες
872 3221 1013 3306 Ἀχαιῶν,

141 3350 142 3355 “
241 3327 269 3389 οδ
286 3329 334 3391 καὶ
349 3326 501 3407 θηήσαντο
517 3327 599 3408 φυήν
616 3329 664 3391 καὶ
682 3328 761 3393 εἶδος
776 3327 888 3410 ἀγητὸν
1136 3349 1185 3400 370

236 3429 391 3518 Ἕκθρρος·
415 3430 478 3495 οὐδ’
495 3430 553 3512 ἄρα
568 3433 599 3494 οἵ
613 3455 658 3496 τις
674 3432 814 3509 ἀνουτητί
828 3428 1024 3513 γε’·παρέστη.

240 3535 298 3598 ὧδε
312 3521 346 3598 δέ
360 3560 405 3600 τις
421 3538 564 3599 εἴπεσκεν
580 3535 651 3598 ἶδδν
667 3535 698 3599 ἐς
713 3535 847 3613 πλησίον
862 3534 968 3596 ἄλλον·

241 3638 294 3700 “b
308 3639 411 3722 πόποι,
428 3637 447 3717 ή
461 3635 546 3717 μάλα
558 3637 595 3716 δή
610 3637 823 3718 μαλακώτερος
839 3635 1065 3729 ἀμφαφάασθαι

236 3739 353 3823 Ἕκτωρ
369 3739 387 3820 ἢ
404 3742 454 3806 ότε
478 3745 551 3819 νῆας
567 3739 734 3822 ἐνέπρησεν
749 3740 820 3821 πυρὶ
839 3738 963 3826 κηλέῳ.”

276 3843 340 3910 Ὣς
355 3845 412 3926 ἄρα
428 3869 472 3910 τις
487 3846 611 3908 εἴπεσκε
627 3844 676 3906 καὶ
692 3841 862 3922 οὐτήσασκε
878 3843 1041 3927 παραστάς,
1136 3867 1183 3920 375
