2758 4228
259 325 321 407 928
658 326 805 387 ΎΜΝΟΙ.

258 496 347 576 τόξον
362 494 547 577 ἀνεκρέμασε
564 499 638 575 πρὸς
653 494 739 559 κίονα
753 499 865 575 πατρὸς
881 495 943 557 έοῖο

258 599 419 664 πασσάλου
434 600 466 662 έκ
483 596 619 680 χρυσέου·
642 598 695 662 τδυ
711 598 737 661 δ’
753 601 796 664 εἰς
812 599 918 679 θρόνον
934 597 1018 660 εῖσεν
1033 594 1162 678 ἄγουσα.

256 706 298 789 τῷ
313 704 340 767 δ’
355 702 413 786 άρα
428 701 534 785 νέκταρ
550 703 643 767 έδωκε
657 702 753 784 πατὴρ
769 701 858 767 δέπαϊ
872 701 1002 786 χρυσείῳ
1176 726 1208 762 ιο

257 807 444 888 δεικνύμενος
460 807 553 889 φίλον
570 807 645 881 υῖόν,
662 806 765 870 ἔπειτα
781 809 814 869 δὲ
830 807 968 885 δαίμονες
983 803 1075 867 άλλοι

257 911 330 974 ἔνθα
345 911 526 987 καθίζουσιν
543 910 643 994 χαίρει
658 908 692 973 δέ
706 934 740 974 τε
754 909 863 972 πότνια
878 908 976 988 Λητοῖ,

257 1015 361 1078 οὕνεκα
377 1012 546 1096 τοξοφόρον
562 1015 611 1077 καὶ
627 1017 770 1095 καρτερὸν
784 1014 850 1077 υῖδν
865 1013 988 1076 ἔτικτεν.

300 1121 404 1198 Χαῖρε,
419 1116 538 1198 μάκαιρ’
554 1114 577 1180 ὦ
593 1121 696 1195 Λητοῖ,
713 1113 778 1180 ἐπεῖ
794 1115 879 1182 τέκες
894 1115 994 1198 άγλαδ
1010 1114 1107 1193 τέκνα,

256 1220 440 1285 Ἀπόλλωνά
454 1220 480 1282 τ’
496 1220 609 1284 ἄνακτα
624 1218 672 1284 καὶ
684 1219 828 1302 Ἀρτεμιν
844 1219 1013 1303 ἰοχέαιραν,
1173 1213 1215 1294 15¹

256 1325 311 1403 τὴν
324 1328 381 1403 μὲν
393 1326 425 1388 έν
440 1324 591 1411 Ὀρτυγίῃ,
608 1324 661 1388 τὸν
676 1326 709 1387 δὲ
726 1325 835 1410 κραναῇ
853 1319 896 1387 ένὶ
913 1321 1017 1407 Δήλῳ,

257 1427 413 1506 κεκλιμένη
432 1434 505 1508 πρὸς
519 1426 632 1509 μακρδν
647 1428 716 1510 όρος
735 1429 784 1491 καὶ
800 1426 930 1492 Κύνθιον
945 1427 1048 1509 ὄχθον,

256 1532 414 1616 ἀγχοτάτω
430 1530 566 1611 φοίνικος
582 1530 629 1594 ἐπ’
645 1531 782 1594 Ἰνωποῖο
796 1530 939 1613 ῥεέθροις.

300 1641 372 1701 Πῶς
387 1633 412 1698 τ’
429 1633 465 1714 άρ
482 1633 512 1695 σ’
526 1633 648 1713 ύμυήσω
664 1633 783 1700 πάντως
801 1632 927 1714 εὔυμνον
942 1636 1031 1698 ἐόντα
1044 1660 1055 1708 ,·

255 1737 352 1826 πάντῃ
368 1736 496 1818 γάρτοι,
511 1739 620 1818 Φοῖβε,
635 1739 722 1816 νομοὶ
736 1735 911 1817 βεβλήαται
927 1736 1013 1824 ῳδῆς,
1171 1765 1205 1800 ιο

255 1843 329 1925 ήμέν
346 1839 390 1906 δυ’
404 1839 528 1923 ήπειρον
543 1842 744 1924 πορτιτρόφον
759 1841 803 1921 ἠδ’
818 1843 875 1906 άνδ
890 1840 1009 1922 νήσους.

256 1951 351 2011 πᾶσαι
367 1949 400 2010 δὲ
414 1947 544 2011 σκοπιαί
558 1970 605 2010 τοι
621 1945 693 2011 άδον
709 1947 758 2010 καὶ
772 1948 906 2030 πρώονες
921 1948 1006 2030 όκροι

255 2052 384 2132 ύήτηλῶν
398 2049 491 2133 άρέων
509 2050 638 2130 ποταμοί
653 2047 679 2113 θ’
695 2049 788 2115 άλαδε
803 2050 986 2132 προρέοντες,

256 2154 343 2218 ἆκταί
358 2151 384 2216 τ’
399 2156 442 2220 εἰς
457 2154 517 2217 άλα
532 2154 704 2231 κεκλιμέναι
720 2153 839 2232 λιμένες
854 2180 887 2219 τε
902 2152 1069 2231 θαλάσσης.

254 2257 272 2336 ή
293 2259 333 2324 ὥς
350 2283 386 2322 σε
401 2263 518 2338 πρῶτον
533 2259 620 2336 Λητδ
635 2257 701 2322 τέκε
714 2256 814 2342 χάρμα
828 2262 976 2341 βροτοῖσι,
1173 2284 1185 2318 2
1190 2285 1204 2334 5

256 2366 412 2426 κλινθεῖσα
428 2366 501 2442 πρὸς
518 2361 632 2428 Κάνθος
647 2362 715 2442 όρος
731 2361 842 2448 κραναῇ
858 2363 902 2425 ένὶ
919 2360 1011 2446 νήσῳ,

256 2464 349 2550 Δήλῳ
365 2466 397 2529 έν
413 2465 586 2552 άμφιρύτῃ,·
611 2463 749 2545 ἑκάτερθε
765 2466 797 2529 δὲ
814 2470 889 2545 κῦμα
906 2464 1046 2530 κελαινὸν

255 2566 335 2656 έξήει
353 2568 500 2654 χέρσονδε
515 2568 701 2651 λιγυπνοίοις
716 2568 881 2649 ἀνέμοισιν·

254 2674 340 2737 ἔνθεν
356 2674 558 2755 ἀπορνύμενος
574 2676 650 2735 πῖισι
667 2677 821 2750 θνητοῖσιν
836 2671 992 2740 ἀνάσσεις.

255 2778 367 2843 ὅσσους
386 2775 484 2858 Κρήτη
500 2772 525 2838 τ’
542 2776 625 2842 έυτδς
642 2775 706 2860 ἔχει
722 2774 770 2839 καὶ
785 2778 875 2855 δῆμος
890 2777 1033 2855 Ἀθηνῶν,
1169 2801 1204 2850 30

254 2880 349 2960 νῆσός
362 2877 388 2944 τ’
403 2879 510 2962 Αἰγίνη
528 2877 719 2958 ναυσικλειτή
734 2877 759 2941 τ’
777 2880 901 2960 Εὔβοια,

254 2984 349 3068 Αἰγαί
362 2984 387 3047 τ’
402 2983 540 3063 Είρεσίαι
554 3006 587 3046 τε
604 2979 651 3045 καὶ
667 2982 799 3065 άγχιάλη
816 2982 1006 3066 Πεπάρηθος,

255 3086 398 3170 Θρηίκιός
412 3085 438 3148 τ’
453 3084 567 3152 Ἀθόως
584 3083 630 3149 καὶ
647 3088 766 3164 Πηλίου
781 3088 858 3170 άκρα
872 3087 993 3170 κάρηνα,

255 3191 383 3275 Θρηϊκίη
398 3215 432 3253 τε
447 3188 547 3269 Σάμος
558 3185 640 3268 Ἴδης
654 3189 680 3250 τ’
696 3191 767 3272 όρεα
782 3193 930 3271 σκιόεντα,

289 3402 317 3449 18
335 3396 372 3447 δι’
388 3396 479 3458 codd.;
502 3395 539 3445 ἔτ’
553 3396 621 3446 Reiz.
773 3413 804 3464 19
821 3397 868 3464 γάρ
885 3401 971 3459 codd.;
991 3417 1053 3452 corr.
1068 3401 1202 3454 Matthiae.

255 3495 286 3531 ιο
302 3476 374 3538 νόμος
389 3475 473 3538 codd„
490 3473 559 3536 νομοί
575 3489 606 3523 αα
623 3472 691 3536 νόμοι
709 3485 817 3542 praestet
834 3478 953 3539 dubium
973 3479 1022 3530 hoc
1039 3479 1115 3540 Wolf,
1134 3478 1202 3531 illud

253 3560 345 3608 Barnea
355 3569 467 3620 posuere.
597 3567 625 3602 τι
652 3555 819 3619 ταντατρόραν
839 3574 864 3622 p.
993 3569 1074 3622 23-74
1090 3574 1139 3608 om.
1161 3559 1200 3609 M.

254 3650 286 3698 ²4
302 3633 382 3696 λίμναι
394 3650 418 3698 p.
508 3645 540 3692 30
555 3628 578 3679 τ’
591 3633 647 3682 add.
661 3634 797 3684 Hermann.
888 3647 916 3697 31
935 3633 1016 3700 αίγινα
1028 3637 1118 3698 αοόά.;
1134 3653 1200 3688 corr.

215 3734 217 3740 ’
254 3719 352 3768 Βαιπες.
434 3728 464 3777 3²
483 3711 605 3777 ἀγχίαλος
616 3731 641 3780 p.
