2792 4232
514 333 563 396 16.
588 339 759 399 ΙΛΙΑΔΟΣ
782 337 823 398 Π.

198 511 227 570 οἱ
243 507 269 570 δ’
286 504 331 586 ἀρ’
348 502 399 569 ἀπ’
415 506 520 583 ὤμοιιν
535 507 728 585 Σαρπηδόνος
743 503 819 570 ἔντε’
835 505 942 570 ἕλοντο

197 609 314 691 χάλκεα
328 611 539 690 μαρμαίροντα,
556 611 593 670 τδ
607 609 663 687 μὲν
679 609 783 673 κοίλας
799 609 849 671 ἐπὶ
865 610 936 683 νῆας

198 717 273 775 δῶκε
288 711 392 792 φέρειν
408 710 541 792 ἑτάροισι
557 712 719 775 Μενοιτίου
736 711 861 789 ἀλκιμος
876 711 949 776 υῖός.
1089 720 1138 780 665

198 816 247 877 καὶ
261 813 324 877 τότ’
343 811 526 877 Ἀπόλλωνα
540 812 683 894 προσέφη
697 812 922 894 νεφεληγερέτα
937 812 1020 878 Ζεύς·
1143 839 1146 846 ’

198 926 218 952 “
228 919 254 979 εί
269 916 295 981 δ’
310 917 365 998 ἀγε
380 922 441 988 νῦν,
458 917 531 998 φίλε
546 920 654 995 Φοῖβε,
671 917 849 996 κελαινεφὲς
865 917 938 995 οἶμα
954 915 1082 995 κάθηρον

197 1019 296 1083 ἐλθὼν
311 1021 343 1081 ἐκ
358 1018 479 1099 βελέων
493 1019 682 1100 Σαρπηδόνα,
699 1019 750 1081 καί
763 1043 815 1098 μιν
831 1017 935 1081 ἔπειτα

198 1122 315 1186 πολλάν
331 1122 448 1201 ἀποπρὸ
464 1120 565 1202 φέρων
579 1125 693 1184 λοῦσον
709 1125 855 1199 ποταμοῖο
870 1123 960 1205 ῥοῇσι

196 1225 306 1306 χρῖσόν
320 1221 346 1286 τ’
362 1224 526 1310 ἀμβροσίῃ,
542 1226 610 1304 περὶ
626 1222 653 1287 δ’
669 1223 809 1305 ἄμβροτα
824 1225 930 1302 είματα
945 1223 1050 1286 έσσον·
1089 1234 1139 1297 670

197 1324 295 1403 πέμπε
310 1325 344 1391 δέ
357 1351 409 1405 μιν
424 1331 591 1405 πομποῖσιν
606 1325 667 1405 ἀμα
683 1331 855 1409 κραιπνοῖσι
871 1325 1030 1406 φέρεσθαι,

192 1427 295 1512 ’Ὕπνῳ
313 1430 361 1492 καὶ
377 1428 507 1514 Θανάτῳ
523 1428 708 1507 διδυμάοσιν,
725 1431 757 1493 οί
768 1429 807 1509 ῥά
820 1455 872 1509 μιν
886 1427 949 1492 ὦκα

198 1528 325 1609 θήσουσ’
342 1535 375 1596 ἐν
389 1533 502 1610 Λυκίης
517 1533 630 1613 εὐρείης
645 1533 727 1596 πίονι
742 1531 834 1616 δήμιρ,

198 1633 269 1697 ἔνθα
284 1638 298 1698 ἑ
314 1634 499 1716 ταρχύσουσι
519 1635 696 1716 κασίγνητοί
710 1658 742 1698 τε
758 1635 822 1698 ἔται
837 1660 871 1698 τε

197 1736 300 1820 τύμβῳ
316 1761 349 1799 τε
365 1734 463 1821 στήλῃ
479 1755 520 1799 τε·
542 1736 577 1800 τδ
592 1739 650 1819 γάρ
664 1736 754 1819 γέρας
769 1738 836 1802 ἐστὶ
852 1733 1034 1802 θανόντων.”
1089 1748 1137 1812 ⁶75

234 1838 296 1904 Ὣς
312 1839 409 1926 ἔφατ’,
426 1837 487 1902 οὐδ’
504 1838 561 1919 ἀρα
575 1838 687 1921 πατρὸς
703 1840 927 1919 ἀνηκούστησεν
944 1839 1116 1903 Ἀπόλλων.

197 1945 239 2025 βῆ
254 1944 287 2006 δὲ
303 1939 368 2004 κατ’
382 1940 502 2006 Ἰδαίων
517 1939 610 2021 ἀρέων
626 1943 657 2008 ές
672 1942 807 2022 φύλοπιν
821 1941 916 2020 αἰνήν,

197 2047 302 2110 αὐτίκα
317 2045 341 2108 δ’
359 2048 392 2109 ἐκ
407 2043 527 2124 βελέων
542 2047 722 2125 Σαρπηδόνα
736 2051 801 2110 δῖον
816 2045 917 2128 ἀείρας

197 2147 314 2212 πολλὸν
331 2147 450 2226 ἀποπρὸ
464 2145 566 2227 φέρων
582 2151 695 2210 λοῦσεν
710 2151 857 2225 ποταμοῖο
871 2148 961 2232 ῥοῇσι

197 2251 303 2334 χρῖσέν
319 2250 344 2312 τ’
359 2249 523 2334 ἀμβροσίη,
539 2250 607 2329 περὶ
623 2244 649 2311 δ’
665 2248 803 2330 ἄμβροτα
818 2250 924 2328 είματα
939 2249 1024 2313 ἕσσε·
1086 2260 1136 2311 68ο

197 2354 295 2434 πέμπε
310 2351 343 2416 δέ
358 2379 409 2431 μιν
425 2356 592 2430 πομποῖσιν
607 2350 668 2429 ἀμα
683 2356 855 2432 κραιπνοῖσι
871 2350 1027 2433 φέρεσθαι,

194 2454 295 2541 Ὕπνῳ
312 2458 361 2519 καὶ
376 2454 506 2538 Θανάτῳ
522 2453 706 2534 διδυμάοσιν,
723 2455 754 2518 οἵ
765 2453 804 2536 ῥά
817 2479 869 2536 μιν
883 2452 945 2517 ὦκα

198 2559 346 2624 κάτθεσαν
361 2561 394 2624 ἑν
408 2558 519 2636 Λυκίης
535 2557 649 2637 εὐρείης
663 2557 745 2621 πίονι
760 2555 851 2642 δήμῳ.

240 2661 416 2742 Πάτροκλος
431 2657 458 2724 δ’
474 2662 595 2724 ἵπποισι
611 2659 659 2722 καὶ
673 2659 873 2741 Αὐτομέδοντι
889 2657 1035 2725 κελεύσας

191 2761 295 2838 Τρῶας
311 2758 360 2820 καὶ
374 2757 501 2823 Λυκίους
515 2757 681 2838 μετεκίαθε,
697 2759 746 2823 καὶ
761 2757 827 2841 μέγ’
844 2757 944 2840 ἀάσθη
1091 2772 1138 2836 ⁶⁸5

194 2859 305 2937 νήπιος·
330 2861 357 2923 εί
372 2861 405 2923 δὲ
420 2859 492 2926 έπος
508 2861 686 2938 Πηληϊάδαο
702 2860 848 2944 φύλαξεν,

193 2964 211 3042 ἦ
225 2961 250 3026 τ’
266 2963 303 3026 δν
317 2961 472 3045 ὑπέκφυγε
490 2967 564 3046 κῆρα
580 2965 673 3044 κακὴν
688 2963 820 3042 μέλανος
835 2964 986 3032 θανάτοιο.

193 3063 260 3128 ἀλλ’
277 3067 338 3130 αίεί
352 3091 384 3130 τε
403 3065 477 3133 Διὸς
492 3067 643 3148 κρείσσων
658 3068 727 3132 νόος
741 3065 777 3145 ἠέ
792 3091 847 3147 περ
863 3068 987 3144 ἀνδρῶν·

193 3164 241 3254 [ὅς
255 3195 288 3233 τε
303 3170 353 3233 καὶ
367 3169 495 3249 ἄλκιμον
510 3171 602 3252 ἄνδρα
617 3174 714 3252 φοβεῖ
728 3171 777 3233 καὶ
793 3169 937 3250 ἀφείλετο
953 3171 1038 3249 νίκην

191 3277 318 3359 ῥηϊδίως,
335 3275 386 3338 ὅτε
400 3273 426 3336 δ’
442 3273 530 3338 αὐτὸς
545 3272 725 3357 ἐποτρύνῃσι
739 3267 918 3357 μάχεσθαι’]
1089 3284 1141 3351 69ο

192 3382 226 3446 ὅς
240 3382 269 3443 οἱ
285 3375 333 3442 καὶ
349 3375 417 3440 τότε
432 3374 525 3455 θυμὸν
541 3375 586 3440 ἐνὶ
602 3373 770 3453 στήθεσσιν
786 3375 903 3451 ἀνῆκεν.

231 3481 328 3547 Ἔνθα
343 3481 410 3546 τίνα
425 3485 553 3560 πρῶτον,
568 3480 636 3543 τίνα
651 3475 677 3542 δ’
692 3477 825 3540 ὕστατον
837 3475 1021 3557 ἐξενάριξας,

193 3582 386 3666 Πατρόκλεις,
402 3583 453 3647 ὅτε
468 3581 503 3661 δή
519 3608 557 3647 σε
572 3582 636 3646 θεοὶ
652 3577 815 3644 θάνατόνδε
830 3579 1008 3658 κάλεσσαν,·
1069 3654 1071 3658 Ι

189 3689 358 3772 Ἄδρηστον
371 3688 427 3766 μὲν
442 3691 544 3767 πρῶτα
561 3685 609 3748 καὶ
625 3680 777 3748 Αὐτόνοον
793 3680 840 3746 καὶ
854 3682 1006 3766 Ἔχεκλον
