2728 4230
492 351 718 415 αιλιΑοου
742 357 777 416 z.
1049 371 1106 433 117

170 522 305 604 δεύτερον
320 521 358 586 ού
373 521 540 602 Σολύμοισι
554 519 715 606 μοχήσατο
732 485 945 600 κυδολίμοισιί

169 628 329 706 καρτίστην
344 626 380 705 δή
396 624 452 704 τήν
466 651 502 708 γε
515 624 617 709 μάχην
632 623 712 706 φάτο
728 625 849 703 δύμεναι
868 626 993 705 ἀνδρῶν.
1063 643 1107 702 185

169 729 201 792 τὸ
216 731 317 810 τρίτον
333 728 371 793 αθ
386 727 574 810 κατέπεφνεν
587 728 756 808 Ἀμαζόνας
772 728 968 810 ἀντιανείρας.
1191 729 1195 732 ’

169 936 268 1014 κρίνας
288 936 321 998 ἐκ
336 936 448 1013 Λυκίης
463 936 579 1016 εθρείης
593 940 697 1016 φῶτας
715 934 854 1014 ἀρίστους

169 1039 233 1100 εἷσε
248 1038 354 1119 λόχον·
378 1039 424 1100 τοὶ
440 1035 465 1102 δ’
482 1037 516 1100 ού
531 1063 560 1104 τι
575 1037 669 1102 πάλιν
692 1036 810 1102 οἶκόνδε
825 1034 939 1100 νέοντο·

169 1139 280 1213 πάντας
295 1142 355 1222 γὰρ
370 1139 557 1222 κατέπεφνεν
572 1141 694 1220 ἀμύμων
709 1141 967 1221 Βελλεροφόντης.
1064 1169 1111 1219 ι9ο

169 1241 238 1306 ἀλλ’
255 1244 306 1306 ὅτε
321 1243 359 1322 δή
373 1243 526 1326 γίγνωσκε
538 1247 607 1308 θεοῦ
623 1244 715 1326 γόνον
730 1241 786 1322 ήθν
800 1244 899 1322 ἐόντα,

169 1345 257 1409 αὐτοῦ
271 1371 323 1426 μιν
339 1344 488 1426 κατέρυκε,
505 1347 588 1410 δίδου
604 1343 630 1410 δ’
646 1347 664 1409 ό
677 1371 714 1428 γε
729 1344 877 1427 θυγατέρα
892 1344 938 1424 ἥν,

169 1453 243 1512 δῶκε
258 1447 292 1512 δέ
307 1450 336 1511 οί
350 1450 436 1528 τιμῆς
450 1446 634 1528 βασιληίδος
649 1447 743 1528 ἥμισυ
756 1446 866 1528 πάσης·

169 1553 217 1614 καὶ
231 1549 288 1630 μέν
303 1552 333 1614 οἱ
347 1550 452 1614 Λύκιοι
467 1549 590 1631 τέμενος
605 1549 701 1631 τάμον
715 1549 827 1634 ἔξοχον
839 1551 953 1623 ἀλλων,

169 1653 263 1717 κολδν
278 1655 426 1734 φυταλιῆς
442 1653 490 1716 καὶ
506 1654 640 1734 ἀρούρης,
657 1655 740 1736 ὄφρα
752 1653 881 1734 νέμοιτο.
1066 1677 1110 1728 195

167 1757 186 1835 ἦ
202 1755 228 1820 δ’
246 1757 328 1821 ἔτεκε
342 1757 410 1838 τρία
425 1755 515 1820 τέκνα
529 1755 671 1838 δαίφρονι
686 1759 928 1844 Βελλεροφόντῃ,

165 1860 325 1941 Ἴσανδρόν
340 1883 374 1923 τε
389 1861 438 1923 καὶ
453 1857 641 1944 Ἱππόλοχον
655 1861 704 1924 καὶ
719 1855 921 1940 Λαοδάμειαν.

168 1963 341 2048 Λαοδαμείῃ
354 1965 412 2041 μὲν
426 1960 616 2045 παρελέξατο
628 1963 754 2042 μητίετα
770 1962 857 2035 Ζεύς,

167 2065 187 2142 ἡ
203 2063 229 2128 δ’
245 2063 320 2129 ἔτεκ’
336 2065 475 2129 ἀντίθεον
489 2065 668 2148 Σαρπηδόνα
682 2063 940 2148 χαλκοκορυστήν.

170 2164 238 2229 ἀλλ’
254 2167 305 2231 ὅτε
319 2166 355 2248 δή
371 2169 420 2231 καὶ
436 2171 532 2233 κεῖνος
547 2164 701 2250 ἀπήχθετο
716 2169 795 2230 πᾶσι
808 2169 934 2237 θεοῖσιν,
1063 2188 1111 2224 200
1145 2239 1148 2245 y

170 2270 189 2349 ἦ
202 2295 249 2334 τοι
264 2272 281 2334 ό
297 2273 357 2335 κάπ
373 2272 478 2336 πεδίον
492 2269 527 2334 τδ
540 2269 668 2349 Ἀλήϊον
683 2269 745 2334 οἶος
754 2269 869 2340 ἀλᾶτο,

170 2372 204 2439 δν
218 2373 310 2453 θυμὸν
325 2372 464 2450 κατέδων,
481 2371 578 2438 πάτον
593 2371 756 2454 ἀνθρώπων
771 2370 927 2443 ἀλεείνων,

166 2477 325 2558 Ἴσανδρον
340 2475 374 2542 δέ
389 2479 418 2540 οἱ
433 2473 601 2558 υίδοἊρης
615 2476 689 2541 ἀτος
704 2472 851 2553 πολέμοιο

168 2579 357 2662 μαρνάμενον
372 2579 540 2661 Σολύμοισι
555 2577 716 2644 κατέκτανε
731 2579 932 2657 κυδαλίμοισι,

169 2683 224 2762 τὴν
239 2685 271 2748 δὲ
286 2682 491 2767 χολωσαμένη
505 2679 670 2766 χρυσήνιος
680 2680 822 2762 Ἄρτεμις
839 2679 918 2744 ἔκτα.
958 2711 960 2718 ’
1065 2705 1111 2754 205

168 2785 354 2871 Ἱππόλοχος
370 2787 396 2851 δ’
411 2786 455 2866 ἔμ’
473 2785 579 2862 ἔτικτε,
595 2785 645 2849 καὶ
660 2785 694 2848 ἐκ
712 2788 765 2847 τοῦ
781 2783 858 2864 φημὶ
874 2781 1027 2866 γενέσθαι·

169 2891 269 2970 πέμπε
284 2890 317 2955 δέ
331 2889 362 2972 μ’
378 2893 408 2958 ές
422 2890 545 2972 Τροίην,
562 2889 613 2954 καί
625 2913 678 2968 μοι
690 2887 774 2969 μάλα
788 2885 880 2950 πόλλ’
896 2885 1068 2958 ἐπέτελλεν,

169 2995 234 3058 αι’ἒυ
248 2993 417 3075 ἀριστεύειν
432 2996 482 3058 καί
495 2995 660 3076 ύπείροχον
674 2991 800 3072 ἔμμεναι
813 2989 926 3069 ἀλλων,

167 3099 243 3176 μηδὲ
256 3096 345 3179 γένος
359 3096 499 3178 πατέρων
511 3094 704 3180 αἰσχυνέμεν,
721 3094 748 3157 οδ
763 3091 830 3176 μέγ’
846 3093 966 3178 ἀριστοι

169 3200 203 3263 έν
217 3197 244 3261 τ’
261 3196 377 3287 Ἐφύρῃ
393 3199 533 3282 ἐγένοντο
550 3201 599 3264 καὶ
614 3200 650 3264 έν
661 3198 756 3284 Λυκίῃ
772 3197 880 3285 εὗρείῃ.
1066 3223 1112 3258 210
1217 3256 1222 3260 .

168 3295 276 3379 ταύτης
290 3328 338 3366 τοι
351 3305 458 3384 γενεῆς
473 3327 507 3367 τε
523 3303 571 3366 καὶ
587 3304 713 3381 αἵματος
726 3300 853 3384 εὔχομαι
868 3299 977 3364 εἶναι.”

205 3403 269 3471 Ὣς
284 3404 375 3487 φάτο,
390 3405 527 3488 γήθησεν
540 3409 573 3469 δὲ
587 3405 668 3485 βοήν
683 3403 795 3486 άγαθδς
811 3403 975 3486 Διομήδης·

166 3509 261 3592 ἔγχος
273 3510 330 3587 μὲν
346 3507 511 3588 κατέπηξεν
526 3510 576 3584 ἐπὶ
591 3508 679 3590 χθονὶ
694 3509 925 3596 πουλυβοτείρῃ,

167 3611 261 3692 αὐτὰρ
277 3614 294 3675 ὅ
308 3612 490 3695 μειλιχίοισι
505 3611 661 3693 προσηύδα
677 3609 806 3690 ποιμένα
820 3617 913 3676 λαῶν·

166 3712 219 3793 “ἦ
232 3714 271 3795 ῥά
285 3714 321 3779 νύ
333 3740 385 3793 μοι
401 3715 499 3794 ξεῖνος
514 3713 663 3796 πατρόϊός
678 3717 750 3778 ἐσσι
765 3718 907 3782 παλαιός·
1066 3739 1113 3787 ²¹5
