2834 4234
266 381 328 447 734
548 381 596 440 14.
620 365 853 427 ΟΔὙΣΣΕΙΑΣ
882 365 920 426 Ξ.

263 539 303 602 ὡς
319 541 413 600 νεῖται
428 534 582 602 Ὀδυσεύς·
607 537 784 618 εὐαγγέλιον
799 535 832 600 δέ
845 559 898 612 μοι
913 534 992 598 ἔστω

263 638 365 718 αὐτίκ’,
380 642 448 704 ε’πεί
462 665 513 704 κεν
528 645 625 705 κεῖνος
642 642 696 705 ἰὼν
713 637 750 702 τά
766 640 785 702 δ
800 636 911 718 δώμαθ’
927 639 1036 716 ἵκηται·

263 745 368 827 [ἔσσαι
383 769 420 821 με
435 742 566 826 χλαῖνάν
581 769 614 807 τε
625 742 737 824 χιτῶνά
752 768 795 820 τε,
812 744 918 822 εἵματα
934 735 1035 826 καλά’]

263 846 334 928 πρὶν
348 847 382 911 δέ
397 873 439 923 κε,
457 852 504 909 καὶ
519 847 602 926 μάλα
618 873 673 926 περ
689 847 880 930 κεχρημένος,
896 844 975 908 οὔτι
991 844 1143 926 δεχοίμην.
1164 867 1172 901 ι
1178 867 1208 916 55

263 953 371 1032 ἐχθρὸς
386 949 444 1034 γάρ
459 976 511 1029 μοι
529 955 625 1016 κεῖνος
641 952 720 1027 ὁμῶς
734 947 840 1013 Ἀίδαο
856 949 972 1035 πύλῃσι

262 1057 406 1136 γίγνεται,
422 1053 455 1120 δς
471 1055 559 1140 πενίῃ
578 1054 665 1117 είκων
681 1052 834 1131 ἀπατήλια
849 1051 948 1131 βάζει.

263 1161 338 1221 ἵστω
354 1163 406 1221 νῦν
423 1158 497 1222 Ζεὺς
512 1162 617 1238 πρώτα
633 1162 711 1221 θεῶν
726 1155 808 1236 ξενίη
825 1182 858 1220 τε
873 1156 1013 1237 τράπεζα,

264 1263 346 1341 ἱστίη
365 1260 390 1324 τ’
405 1259 555 1340 Ὀδυσῆος
572 1262 732 1340 ἀμύμονος,
747 1259 784 1338 ἣν
799 1260 946 1341 ἀφικάνω·

263 1365 281 1444 ἦ
297 1364 350 1445 μέν
365 1391 411 1428 τοι
427 1364 498 1428 τάδε
513 1363 611 1442 πάντα
626 1367 774 1428 τελείεται
790 1364 828 1430 ὡς
845 1363 987 1445 ἀγορεύω.
1163 1376 1209 1424 160

262 1466 342 1532 τοῦδ’
357 1469 446 1531 αὐτοῦ
461 1468 652 1548 λυκάβαντος
669 1468 827 1531 ἐλεύσεται
842 1465 941 1532 ἐνθάδ’
954 1465 1131 1532 Ὀδυσσεύς.

263 1577 315 1634 τοῦ
330 1574 385 1652 μὲν
401 1573 561 1652 φθίνοντος
576 1573 679 1651 μηνός,
696 1576 748 1634 τοῦ
764 1571 788 1634 δ’
808 1569 990 1651 ἱσταμένοιο,

264 1681 364 1739 οἴκαδε
381 1674 533 1752 νοστήσει,
549 1677 597 1738 καὶ
613 1676 730 1740 τίσεται
746 1677 780 1742 ὅς
796 1700 840 1742 τις
855 1677 971 1739 ἐκείνου

264 1776 363 1842 ἐνθάδ’
378 1779 512 1859 ἀτιμάζει
527 1778 642 1862 άλοχον
658 1776 706 1844 καῖ
722 1783 865 1861 φαίδιμον
880 1778 975 1844 υἱόν.”

306 1887 367 1947 Τὸν
383 1880 408 1946 δ’
425 1884 668 1963 ἀπαμειβόμενος
684 1885 850 1965 προσέφης,
867 1883 983 1964 Εὔμαιε
998 1889 1131 1964 συβῶτα
1165 1897 1209 1958 ¹⁶5

264 1985 313 2049 “‹T›
330 1987 430 2067 γέρον,
445 1985 505 2050 οὔτ’
520 1987 565 2068 ἄρ’
582 1989 660 2069 ἐγδν
673 1988 852 2069 εὐαγγέλιον
867 1990 937 2052 τάδε
951 1988 1036 2062 τίσω,

263 2088 323 2153 οὔτ’
338 2089 484 2156 Ὀδυσεὺς
499 2091 543 2154 ἔτι
559 2092 640 2155 οἶκον
657 2093 823 2156 ἐλεύσεται·
847 2093 930 2155 ἀλλὰ
946 2093 1055 2172 ἕκηλος

262 2199 341 2267 πῖνε,
359 2191 406 2257 καὶ
422 2193 505 2257 ἄλλα
519 2194 617 2274 παρὲξ
632 2195 821 2275 μεμνώμεθα,
837 2195 912 2274 μηδέ
926 2221 965 2275 με
979 2195 1092 2264 τούτων

261 2295 418 2377 μίμνησκ’·
441 2297 460 2375 ή
475 2301 533 2380 γὰρ
549 2299 639 2377 θυμὸς
655 2297 699 2363 ἐνὶ
715 2298 883 2378 στήθεσσιν
902 2301 1022 2377 ἐμοῖσιν

263 2403 401 2482 ἄχνυται,
415 2402 531 2465 ὁππότε
546 2427 591 2468 τις
609 2401 709 2488 μνήση
726 2407 844 2467 κεδνοῖο
858 2402 997 2468 ἄνακτος.
1164 2425 1209 2476 170

263 2502 334 2566 ἀλλ’
349 2503 369 2583 ή
383 2529 430 2567 τοι
446 2505 534 2585 ὅρκον
548 2507 603 2585 μὲν
619 2505 760 2586 ἐάσομεν,
776 2505 867 2587 αὐτὰρ
882 2506 1050 2572 Ὀδυσσεὺς

263 2610 349 2671 ἔλθοι
368 2609 449 2675 ὅπως
463 2636 515 2688 μιν
531 2611 589 2691 ἐγώ
606 2611 634 2692 γ’
653 2611 749 2674 ἐθέλω
766 2613 815 2675 καὶ
831 2611 1026 2689 Πηνελόπεια

263 2713 396 2794 Λαέρτης
412 2712 438 2775 θ’
454 2716 470 2776 δ
486 2716 582 2794 γέρων
598 2715 647 2777 καὶ
661 2714 843 2797 Τηλέμαχος
860 2714 1002 2794 θεοειδής.

263 2823 315 2880 νῦν
330 2817 367 2880 αὖ
383 2817 488 2882 παιδὸς
502 2817 638 2882 ἄλαστον
653 2819 803 2899 ὀδύρομαι,
820 2819 854 2882 δν
869 2817 930 2883 τέκ’
943 2819 1122 2899 Ὀδυσσεύς,

261 2920 453 3003 Τηλεμάχου·
478 2921 530 2985 τὸν
546 2919 612 2984 ἐπεὶ
629 2922 746 3002 θρέψαν
762 2922 826 2987 θεοῖ
842 2924 921 3004 ἔρνεϊ
935 2923 1014 3002 ἴσον,
1164 2949 1208 3000 ¹75

264 3026 313 3086 καί
327 3050 378 3101 μιν
394 3025 472 3104 ἔφην
488 3026 636 3089 ἔσσεσθαι
652 3027 685 3089 ἐν
701 3025 847 3108 ἀνδράσιν
862 3028 896 3090 ού
912 3053 941 3090 τι
956 3027 1058 3108 χέρεια

262 3126 374 3206 πατρὸς
391 3130 451 3191 ἑοῖο
467 3129 581 3205 φίλοιο,
597 3129 687 3207 δέμας
703 3126 751 3192 καί
767 3130 846 3196 εἶδος
861 3132 981 3212 ἀγητόν,

262 3230 314 3292 τὸν
330 3228 362 3292 δέ
376 3254 421 3296 τις
437 3230 594 3296 ἀθανάτων
609 3230 719 3314 βλάψε
734 3233 846 3314 φρένας
862 3235 949 3299 ἔνδον
964 3232 1050 3302 ἐΐσας

262 3332 296 3410 ήέ
310 3357 354 3398 τις
371 3333 546 3413 ἀνθρώπων·
569 3337 585 3398 ὁ
604 3333 630 3399 δ’
646 3337 704 3417 ἔβη
718 3341 794 3415 μετὰ
810 3343 921 3419 πατρὸς
936 3340 1048 3418 ἀκουὴν

263 3439 293 3502 ἐς
310 3437 416 3501 Πύλον
430 3436 571 3520 ἠγαθέην·
594 3439 647 3504 τὸν
662 3445 695 3504 δὲ
708 3445 876 3522 μνηστῆρες
892 3439 999 3524 ἀγαυοὶ
1162 3460 1209 3507 ι8ο

263 3538 356 3604 οἴκαδ’
375 3542 460 3604 ἰόντα
474 3549 621 3624 λοχῶσιν,
638 3545 720 3612 ὅπως
735 3548 795 3611 ἀπὸ
811 3551 912 3627 φῦλον
927 3548 1036 3625 ὄληται

262 3645 396 3722 νώνυμον
411 3643 446 3723 ἐξ
459 3643 579 3723 Ἰθάκης
593 3645 765 3728 Ἀρκεισίου
780 3648 937 3714 ἀντιθέοιο.
994 3689 996 3692 -

257 3747 332 3831 Χἀλλ’
347 3748 367 3828 ή
384 3772 431 3812 τοι
447 3752 546 3811 κεῖνον
561 3753 617 3827 μὶν
633 3753 772 3832 ἐάσομεν,
789 3752 809 3831 ἥ
823 3779 876 3820 κεν
889 3755 975 3843 ἁλώῃ
