<?xml version="1.0" encoding="UTF-8"?>
<!DOCTYPE html PUBLIC "-//W3C//DTD XHTML 1.0 Transitional//EN"
    "http://www.w3.org/TR/xhtml1/DTD/xhtml1-transitional.dtd">
<html xmlns="http://www.w3.org/1999/xhtml" xml:lang="en" lang="en">
 <head>
  <title>
</title>
<meta http-equiv="Content-Type" content="text/html;charset=utf-8" />
  <meta name='ocr-system' content='tesseract 3.04.00' />
  <meta name='ocr-capabilities' content='ocr_page ocr_carea ocr_par ocr_line ocrx_word'/>
</head>
<body>
  <div class='ocr_page' id='page_1' title='image "./homerioperaetre00homegoog_0137.png"; bbox 0 0 2728 4230; ppageno 0'>
   <div class='ocr_carea' id='block_1_1' title="bbox 478 331 1091 398">
    <p class='ocr_par' dir='ltr' id='par_1_1' title="bbox 478 331 1091 398">
     <span class='ocr_line' id='line_1_1' title="bbox 478 331 1091 398; baseline 0 -5"><span class='ocrx_word' id='word_1_1' title='bbox 478 331 507 398; x_wconf 91' lang='lat'>6.</span> <span class='ocrx_word' id='word_1_2' title='bbox 530 335 701 396; x_wconf 85' lang='grc' dir='ltr'>ΙΛΙΑΔΟΣ</span> <span class='ocrx_word' id='word_1_3' title='bbox 724 336 758 396; x_wconf 84' lang='lat' dir='ltr'>z.</span> <span class='ocrx_word' id='word_1_4' title='bbox 1031 341 1091 395; x_wconf 80' lang='grc' dir='ltr'>τοι·</span> 
     </span>
    </p>
   </div>
   <div class='ocr_carea' id='block_1_2' title="bbox 145 499 1094 3787">
    <p class='ocr_par' dir='ltr' id='par_1_2' title="bbox 157 499 862 589">
     <span class='ocr_line' id='line_1_2' title="bbox 157 499 862 589; baseline -0.001 -22"><span class='ocrx_word' id='word_1_5' title='bbox 157 502 192 570; x_wconf 85' lang='grc' dir='ltr'>δς</span> <span class='ocrx_word' id='word_1_6' title='bbox 206 504 238 568; x_wconf 82' lang='grc' dir='ltr'>αί</span> <span class='ocrx_word' id='word_1_7' title='bbox 252 503 309 584; x_wconf 90' lang='grc' dir='ltr'>μέν</span> <span class='ocrx_word' id='word_1_8' title='bbox 321 501 353 587; x_wconf 80' lang='grc' dir='ltr'>ρ’</span> <span class='ocrx_word' id='word_1_9' title='bbox 369 502 495 587; x_wconf 79' lang='grc' dir='ltr'>εὔχοντο</span> <span class='ocrx_word' id='word_1_10' title='bbox 512 503 586 570; x_wconf 87' lang='grc' dir='ltr'>Διδς</span> <span class='ocrx_word' id='word_1_11' title='bbox 601 503 691 589; x_wconf 83' lang='grc' dir='ltr'>κούρη</span> <span class='ocrx_word' id='word_1_12' title='bbox 706 499 862 586; x_wconf 80' lang='grc' dir='ltr'>μεγάλοιο,</span> 
     </span>
    </p>

    <p class='ocr_par' dir='ltr' id='par_1_3' title="bbox 153 602 901 688">
     <span class='ocr_line' id='line_1_3' title="bbox 153 602 901 688; baseline 0.005 -23"><span class='ocrx_word' id='word_1_13' title='bbox 153 602 314 687; x_wconf 86' lang='grc' dir='ltr'>Ἕκτωρδέ</span> <span class='ocrx_word' id='word_1_14' title='bbox 329 605 402 688; x_wconf 86' lang='grc' dir='ltr'>πρὸς</span> <span class='ocrx_word' id='word_1_15' title='bbox 417 604 526 686; x_wconf 87' lang='grc' dir='ltr'>δώματ’</span> <span class='ocrx_word' id='word_1_16' title='bbox 543 603 756 688; x_wconf 84' lang='grc' dir='ltr'>Ἀλεξάνδροιο</span> <span class='ocrx_word' id='word_1_17' title='bbox 770 603 901 685; x_wconf 80' lang='grc' dir='ltr'>βεβήκει</span> 
     </span>
    </p>

    <p class='ocr_par' dir='ltr' id='par_1_4' title="bbox 155 704 1090 994">
     <span class='ocr_line' id='line_1_4' title="bbox 155 704 1042 794; baseline -0.001 -23"><span class='ocrx_word' id='word_1_18' title='bbox 155 707 239 785; x_wconf 85' lang='grc' dir='ltr'>καλά,</span> <span class='ocrx_word' id='word_1_19' title='bbox 260 707 298 772; x_wconf 87' lang='grc' dir='ltr'>τά</span> <span class='ocrx_word' id='word_1_20' title='bbox 310 707 338 794; x_wconf 87' lang='grc' dir='ltr'>ῥ’</span> <span class='ocrx_word' id='word_1_21' title='bbox 353 709 441 777; x_wconf 81' lang='grc' dir='ltr'>αὐτὸς</span> <span class='ocrx_word' id='word_1_22' title='bbox 456 708 556 789; x_wconf 80' lang='grc' dir='ltr'>ἔτευξε</span> <span class='ocrx_word' id='word_1_23' title='bbox 573 709 630 773; x_wconf 78' lang='grc' dir='ltr'>σὺν</span> <span class='ocrx_word' id='word_1_24' title='bbox 644 707 789 791; x_wconf 77' lang='grc' dir='ltr'>ἀνδράσιν</span> <span class='ocrx_word' id='word_1_25' title='bbox 804 708 832 771; x_wconf 76' lang='grc' dir='ltr'>ολ</span> <span class='ocrx_word' id='word_1_26' title='bbox 847 704 908 771; x_wconf 89' lang='grc' dir='ltr'>τότ’</span> <span class='ocrx_word' id='word_1_27' title='bbox 924 707 1042 790; x_wconf 90' lang='grc' dir='ltr'>άριστοι</span> 
     </span>
     <span class='ocr_line' id='line_1_5' title="bbox 155 809 1090 899; baseline -0.001 -27"><span class='ocrx_word' id='word_1_28' title='bbox 155 809 231 888; x_wconf 84' lang='grc' dir='ltr'>ήσαν</span> <span class='ocrx_word' id='word_1_29' title='bbox 246 812 291 876; x_wconf 73' lang='grc' dir='ltr'>ἐνὶ</span> <span class='ocrx_word' id='word_1_30' title='bbox 305 813 400 899; x_wconf 86' lang='grc' dir='ltr'>Τροίη</span> <span class='ocrx_word' id='word_1_31' title='bbox 416 811 582 893; x_wconf 76' lang='grc' dir='ltr'>ἐριβώλακι</span> <span class='ocrx_word' id='word_1_32' title='bbox 596 809 732 877; x_wconf 91' lang='grc' dir='ltr'>τέκτονες</span> <span class='ocrx_word' id='word_1_33' title='bbox 747 810 860 892; x_wconf 80' lang='grc' dir='ltr'>ἄνδρες,</span> <span class='ocrx_word' id='word_1_34' title='bbox 1043 837 1090 886; x_wconf 79' lang='lat'>3¹5</span> 
     </span>
     <span class='ocr_line' id='line_1_6' title="bbox 155 913 879 994; baseline 0.001 -18"><span class='ocrx_word' id='word_1_35' title='bbox 155 915 184 977; x_wconf 81' lang='grc' dir='ltr'>οἵ</span> <span class='ocrx_word' id='word_1_36' title='bbox 193 916 224 977; x_wconf 75' lang='grc' dir='ltr'>οἱ</span> <span class='ocrx_word' id='word_1_37' title='bbox 238 915 387 993; x_wconf 87' lang='grc' dir='ltr'>ἐποίησαν</span> <span class='ocrx_word' id='word_1_38' title='bbox 402 913 540 994; x_wconf 90' lang='grc' dir='ltr'>θάλαμον</span> <span class='ocrx_word' id='word_1_39' title='bbox 554 915 603 978; x_wconf 83' lang='grc' dir='ltr'>καὶ</span> <span class='ocrx_word' id='word_1_40' title='bbox 618 919 703 993; x_wconf 81' lang='grc' dir='ltr'>δῶμα</span> <span class='ocrx_word' id='word_1_41' title='bbox 717 915 767 978; x_wconf 85' lang='grc' dir='ltr'>καὶ</span> <span class='ocrx_word' id='word_1_42' title='bbox 782 913 879 993; x_wconf 81' lang='grc' dir='ltr'>αύλῆν</span> 
     </span>
    </p>

    <p class='ocr_par' dir='ltr' id='par_1_5' title="bbox 155 1014 963 1104">
     <span class='ocr_line' id='line_1_7' title="bbox 155 1014 963 1104; baseline 0.002 -26"><span class='ocrx_word' id='word_1_43' title='bbox 155 1017 256 1098; x_wconf 81' lang='grc' dir='ltr'>ἐγγύθι</span> <span class='ocrx_word' id='word_1_44' title='bbox 271 1043 304 1082; x_wconf 90' lang='grc' dir='ltr'>τε</span> <span class='ocrx_word' id='word_1_45' title='bbox 321 1016 471 1099; x_wconf 88' lang='grc' dir='ltr'>Πριάμοιο</span> <span class='ocrx_word' id='word_1_46' title='bbox 486 1018 535 1081; x_wconf 81' lang='grc' dir='ltr'>καὶ</span> <span class='ocrx_word' id='word_1_47' title='bbox 551 1014 707 1098; x_wconf 90' lang='grc' dir='ltr'>Ἕκτορος,</span> <span class='ocrx_word' id='word_1_48' title='bbox 723 1020 757 1081; x_wconf 88' lang='grc' dir='ltr'>ἐν</span> <span class='ocrx_word' id='word_1_49' title='bbox 773 1016 864 1080; x_wconf 92' lang='grc' dir='ltr'>πόλει</span> <span class='ocrx_word' id='word_1_50' title='bbox 878 1016 963 1104; x_wconf 80' lang='grc' dir='ltr'>άκρῃ.</span> 
     </span>
    </p>

    <p class='ocr_par' dir='ltr' id='par_1_6' title="bbox 155 1119 900 1204">
     <span class='ocr_line' id='line_1_8' title="bbox 155 1119 900 1204; baseline 0.004 -21"><span class='ocrx_word' id='word_1_51' title='bbox 155 1119 214 1186; x_wconf 85' lang='grc' dir='ltr'>ἔνθ’</span> <span class='ocrx_word' id='word_1_52' title='bbox 225 1120 344 1202; x_wconf 84' lang='grc' dir='ltr'>Ἕκτωρ</span> <span class='ocrx_word' id='word_1_53' title='bbox 360 1124 485 1202; x_wconf 81' lang='grc' dir='ltr'>εἰσῆλθε</span> <span class='ocrx_word' id='word_1_54' title='bbox 499 1122 641 1202; x_wconf 85' lang='grc' dir='ltr'>διίφιλος,</span> <span class='ocrx_word' id='word_1_55' title='bbox 659 1123 693 1186; x_wconf 93' lang='grc' dir='ltr'>ἐν</span> <span class='ocrx_word' id='word_1_56' title='bbox 707 1119 734 1186; x_wconf 92' lang='grc' dir='ltr'>δ’</span> <span class='ocrx_word' id='word_1_57' title='bbox 749 1121 806 1202; x_wconf 88' lang='grc' dir='ltr'>ίίριι</span> <span class='ocrx_word' id='word_1_58' title='bbox 820 1122 900 1204; x_wconf 81' lang='grc' dir='ltr'>χειρὶ</span> 
     </span>
    </p>

    <p class='ocr_par' dir='ltr' id='par_1_7' title="bbox 154 1223 1091 1516">
     <span class='ocr_line' id='line_1_9' title="bbox 155 1223 986 1308; baseline 0.005 -21"><span class='ocrx_word' id='word_1_59' title='bbox 155 1225 244 1308; x_wconf 89' lang='grc' dir='ltr'>έγχος</span> <span class='ocrx_word' id='word_1_60' title='bbox 258 1223 306 1308; x_wconf 79' lang='grc' dir='ltr'>ἔχ’</span> <span class='ocrx_word' id='word_1_61' title='bbox 324 1225 521 1308; x_wconf 83' lang='grc' dir='ltr'>ἑνδεκάπηχυ·</span> <span class='ocrx_word' id='word_1_62' title='bbox 543 1225 670 1307; x_wconf 89' lang='grc' dir='ltr'>πάροιθε</span> <span class='ocrx_word' id='word_1_63' title='bbox 684 1228 717 1290; x_wconf 75' lang='grc' dir='ltr'>δὲ</span> <span class='ocrx_word' id='word_1_64' title='bbox 730 1225 868 1306; x_wconf 84' lang='grc' dir='ltr'>λάμπετο</span> <span class='ocrx_word' id='word_1_65' title='bbox 883 1224 986 1306; x_wconf 88' lang='grc' dir='ltr'>δουρδς</span> 
     </span>
     <span class='ocr_line' id='line_1_10' title="bbox 155 1328 1091 1412; baseline 0.002 -22"><span class='ocrx_word' id='word_1_66' title='bbox 155 1328 245 1409; x_wconf 79' lang='grc' dir='ltr'>αἰχμὴ</span> <span class='ocrx_word' id='word_1_67' title='bbox 261 1329 400 1410; x_wconf 89' lang='grc' dir='ltr'>χαλκείη,</span> <span class='ocrx_word' id='word_1_68' title='bbox 416 1329 484 1409; x_wconf 84' lang='grc' dir='ltr'>περὶ</span> <span class='ocrx_word' id='word_1_69' title='bbox 499 1330 532 1392; x_wconf 78' lang='grc' dir='ltr'>δὲ</span> <span class='ocrx_word' id='word_1_70' title='bbox 546 1329 676 1412; x_wconf 80' lang='grc' dir='ltr'>χρύσεος</span> <span class='ocrx_word' id='word_1_71' title='bbox 694 1328 744 1393; x_wconf 92' lang='grc' dir='ltr'>θέε</span> <span class='ocrx_word' id='word_1_72' title='bbox 759 1328 880 1411; x_wconf 91' lang='grc' dir='ltr'>πόρκης.</span> <span class='ocrx_word' id='word_1_73' title='bbox 1043 1356 1091 1404; x_wconf 78' lang='lat'>320</span> 
     </span>
     <span class='ocr_line' id='line_1_11' title="bbox 154 1427 956 1516; baseline 0.007 -26"><span class='ocrx_word' id='word_1_74' title='bbox 154 1429 205 1495; x_wconf 86' lang='grc' dir='ltr'>τὸν</span> <span class='ocrx_word' id='word_1_75' title='bbox 218 1428 244 1493; x_wconf 84' lang='grc' dir='ltr'>δ’</span> <span class='ocrx_word' id='word_1_76' title='bbox 261 1427 320 1512; x_wconf 78' lang='grc' dir='ltr'>εὗρ’</span> <span class='ocrx_word' id='word_1_77' title='bbox 336 1433 370 1494; x_wconf 88' lang='grc' dir='ltr'>ἐν</span> <span class='ocrx_word' id='word_1_78' title='bbox 385 1430 509 1516; x_wconf 72' lang='grc' dir='ltr'>θαλάμης</span> <span class='ocrx_word' id='word_1_79' title='bbox 524 1429 710 1512; x_wconf 77' lang='grc' dir='ltr'>περικαλλέα</span> <span class='ocrx_word' id='word_1_80' title='bbox 724 1431 820 1514; x_wconf 82' lang='grc' dir='ltr'>τεύχε’</span> <span class='ocrx_word' id='word_1_81' title='bbox 837 1431 956 1510; x_wconf 75' lang='grc' dir='ltr'>ἕποντα,</span> 
     </span>
    </p>

    <p class='ocr_par' dir='ltr' id='par_1_8' title="bbox 155 1533 920 1618">
     <span class='ocr_line' id='line_1_12' title="bbox 155 1533 920 1618; baseline 0.003 -22"><span class='ocrx_word' id='word_1_82' title='bbox 155 1535 268 1598; x_wconf 80' lang='grc' dir='ltr'>ἀσπίδα</span> <span class='ocrx_word' id='word_1_83' title='bbox 283 1535 333 1598; x_wconf 84' lang='grc' dir='ltr'>καὶ</span> <span class='ocrx_word' id='word_1_84' title='bbox 348 1535 476 1615; x_wconf 87' lang='grc' dir='ltr'>θώρηκα,</span> <span class='ocrx_word' id='word_1_85' title='bbox 493 1536 542 1599; x_wconf 82' lang='grc' dir='ltr'>καὶ</span> <span class='ocrx_word' id='word_1_86' title='bbox 558 1535 674 1618; x_wconf 79' lang='grc' dir='ltr'>ἀγκύλα</span> <span class='ocrx_word' id='word_1_87' title='bbox 689 1533 753 1614; x_wconf 79' lang='grc' dir='ltr'>τόξ’</span> <span class='ocrx_word' id='word_1_88' title='bbox 768 1535 920 1617; x_wconf 79' lang='grc' dir='ltr'>ἁφόωντα·</span> 
     </span>
    </p>

    <p class='ocr_par' dir='ltr' id='par_1_9' title="bbox 153 1633 876 1726">
     <span class='ocr_line' id='line_1_13' title="bbox 153 1633 876 1726; baseline 0.004 -26"><span class='ocrx_word' id='word_1_89' title='bbox 153 1633 274 1719; x_wconf 78' lang='grc' dir='ltr'>Ἀργείη</span> <span class='ocrx_word' id='word_1_90' title='bbox 289 1637 315 1700; x_wconf 84' lang='grc' dir='ltr'>δ’</span> <span class='ocrx_word' id='word_1_91' title='bbox 327 1637 438 1716; x_wconf 85' lang='grc' dir='ltr'>Ἑλένη</span> <span class='ocrx_word' id='word_1_92' title='bbox 452 1635 519 1717; x_wconf 65' lang='grc' dir='ltr'>μετ)</span> <span class='ocrx_word' id='word_1_93' title='bbox 534 1638 592 1719; x_wconf 89' lang='grc' dir='ltr'>άρα</span> <span class='ocrx_word' id='word_1_94' title='bbox 609 1641 726 1726; x_wconf 81' lang='grc' dir='ltr'>δμῳῇσι</span> <span class='ocrx_word' id='word_1_95' title='bbox 739 1637 876 1722; x_wconf 68' lang='grc' dir='ltr'>γυναιξιν</span> 
     </span>
    </p>

    <p class='ocr_par' dir='ltr' id='par_1_10' title="bbox 152 1739 920 1824">
     <span class='ocr_line' id='line_1_14' title="bbox 152 1739 920 1824; baseline 0.007 -22"><span class='ocrx_word' id='word_1_96' title='bbox 152 1739 237 1818; x_wconf 80' lang='grc' dir='ltr'>ἧστο,</span> <span class='ocrx_word' id='word_1_97' title='bbox 254 1742 304 1805; x_wconf 86' lang='grc' dir='ltr'>καὶ</span> <span class='ocrx_word' id='word_1_98' title='bbox 319 1741 525 1822; x_wconf 76' lang='grc' dir='ltr'>ἀμφιπόλοισι</span> <span class='ocrx_word' id='word_1_99' title='bbox 539 1745 703 1823; x_wconf 73' lang='grc' dir='ltr'>περικλυτὰ</span> <span class='ocrx_word' id='word_1_100' title='bbox 716 1742 791 1824; x_wconf 79' lang='grc' dir='ltr'>ἔργα</span> <span class='ocrx_word' id='word_1_101' title='bbox 805 1741 920 1807; x_wconf 89' lang='grc' dir='ltr'>κέλευε.</span> 
     </span>
    </p>

    <p class='ocr_par' dir='ltr' id='par_1_11' title="bbox 153 1841 1090 2033">
     <span class='ocr_line' id='line_1_15' title="bbox 153 1841 1090 1928; baseline 0 -22"><span class='ocrx_word' id='word_1_102' title='bbox 153 1843 205 1907; x_wconf 88' lang='grc' dir='ltr'>τὸν</span> <span class='ocrx_word' id='word_1_103' title='bbox 219 1842 245 1907; x_wconf 95' lang='grc' dir='ltr'>δ’</span> <span class='ocrx_word' id='word_1_104' title='bbox 255 1841 374 1925; x_wconf 87' lang='grc' dir='ltr'>Ἕκτωρ</span> <span class='ocrx_word' id='word_1_105' title='bbox 388 1844 546 1910; x_wconf 80' lang='grc' dir='ltr'>νείκεσσεν</span> <span class='ocrx_word' id='word_1_106' title='bbox 562 1845 633 1909; x_wconf 80' lang='grc' dir='ltr'>ίδιδν</span> <span class='ocrx_word' id='word_1_107' title='bbox 648 1847 786 1928; x_wconf 80' lang='grc' dir='ltr'>αἰσχροῖς</span> <span class='ocrx_word' id='word_1_108' title='bbox 802 1844 936 1908; x_wconf 88' lang='grc' dir='ltr'>ἐπέεσσι·</span> <span class='ocrx_word' id='word_1_109' title='bbox 1042 1873 1090 1922; x_wconf 78' lang='lat'>325</span> 
     </span>
     <span class='ocr_line' id='line_1_16' title="bbox 155 1945 948 2033; baseline -0.004 -22"><span class='ocrx_word' id='word_1_110' title='bbox 155 1956 174 1982; x_wconf 91' lang='grc'><strong>“</strong></span> <span class='ocrx_word' id='word_1_111' title='bbox 181 1947 320 2026; x_wconf 82' lang='grc' dir='ltr'>δαιμόνι’,</span> <span class='ocrx_word' id='word_1_112' title='bbox 336 1947 370 2011; x_wconf 86' lang='grc' dir='ltr'>ού</span> <span class='ocrx_word' id='word_1_113' title='bbox 384 1948 440 2027; x_wconf 79' lang='grc' dir='ltr'>μέν</span> <span class='ocrx_word' id='word_1_114' title='bbox 455 1950 534 2012; x_wconf 83' lang='grc' dir='ltr'>καλδ</span> <span class='ocrx_word' id='word_1_115' title='bbox 548 1949 646 2031; x_wconf 93' lang='grc' dir='ltr'>χόλον</span> <span class='ocrx_word' id='word_1_116' title='bbox 660 1945 740 2012; x_wconf 91' lang='grc' dir='ltr'>τόνδ’</span> <span class='ocrx_word' id='word_1_117' title='bbox 756 1948 841 2012; x_wconf 88' lang='grc' dir='ltr'>ἔνθεο</span> <span class='ocrx_word' id='word_1_118' title='bbox 856 1949 948 2033; x_wconf 76' lang='grc' dir='ltr'>θυμῷ.</span> 
     </span>
    </p>

    <p class='ocr_par' dir='ltr' id='par_1_12' title="bbox 152 2051 945 2235">
     <span class='ocr_line' id='line_1_17' title="bbox 152 2051 945 2134; baseline 0.008 -23"><span class='ocrx_word' id='word_1_119' title='bbox 152 2053 222 2114; x_wconf 88' lang='grc' dir='ltr'>λαοὶ</span> <span class='ocrx_word' id='word_1_120' title='bbox 235 2051 292 2130; x_wconf 79' lang='grc' dir='ltr'>μὲν</span> <span class='ocrx_word' id='word_1_121' title='bbox 306 2051 487 2132; x_wconf 85' lang='grc' dir='ltr'>φθινύθουσι</span> <span class='ocrx_word' id='word_1_122' title='bbox 502 2052 570 2132; x_wconf 87' lang='grc' dir='ltr'>περὶ</span> <span class='ocrx_word' id='word_1_123' title='bbox 586 2051 696 2116; x_wconf 90' lang='grc' dir='ltr'>πτόλιν</span> <span class='ocrx_word' id='word_1_124' title='bbox 709 2051 781 2115; x_wconf 86' lang='grc' dir='ltr'>αίπύ</span> <span class='ocrx_word' id='word_1_125' title='bbox 795 2075 829 2116; x_wconf 89' lang='grc' dir='ltr'>τε</span> <span class='ocrx_word' id='word_1_126' title='bbox 843 2055 945 2134; x_wconf 81' lang='grc' dir='ltr'>τεῖχος</span> 
     </span>
     <span class='ocr_line' id='line_1_18' title="bbox 153 2153 921 2235; baseline 0 -16"><span class='ocrx_word' id='word_1_127' title='bbox 153 2153 344 2235; x_wconf 83' lang='grc' dir='ltr'>μαρνάμενοι·</span> <span class='ocrx_word' id='word_1_128' title='bbox 368 2153 423 2220; x_wconf 89' lang='grc' dir='ltr'>σέο</span> <span class='ocrx_word' id='word_1_129' title='bbox 438 2155 464 2218; x_wconf 84' lang='grc' dir='ltr'>δ’</span> <span class='ocrx_word' id='word_1_130' title='bbox 480 2154 568 2220; x_wconf 82' lang='grc' dir='ltr'>εἵνεκ’</span> <span class='ocrx_word' id='word_1_131' title='bbox 585 2154 659 2233; x_wconf 83' lang='grc' dir='ltr'>ἆῦτή</span> <span class='ocrx_word' id='word_1_132' title='bbox 674 2180 707 2220; x_wconf 86' lang='grc' dir='ltr'>τε</span> <span class='ocrx_word' id='word_1_133' title='bbox 722 2155 874 2234; x_wconf 90' lang='grc' dir='ltr'>πτόλεμός</span> <span class='ocrx_word' id='word_1_134' title='bbox 888 2179 921 2219; x_wconf 88' lang='grc' dir='ltr'>τε</span> 
     </span>
    </p>

    <p class='ocr_par' dir='ltr' id='par_1_13' title="bbox 153 2257 1094 2549">
     <span class='ocr_line' id='line_1_19' title="bbox 154 2257 994 2343; baseline 0 -22"><span class='ocrx_word' id='word_1_135' title='bbox 154 2258 229 2322; x_wconf 77' lang='grc' dir='ltr'>ἄστυ</span> <span class='ocrx_word' id='word_1_136' title='bbox 242 2257 304 2322; x_wconf 89' lang='grc' dir='ltr'>τόδ’</span> <span class='ocrx_word' id='word_1_137' title='bbox 322 2258 497 2339; x_wconf 80' lang='grc' dir='ltr'>ἀμφιδέδηε·</span> <span class='ocrx_word' id='word_1_138' title='bbox 520 2259 559 2322; x_wconf 84' lang='grc' dir='ltr'>σὺ</span> <span class='ocrx_word' id='word_1_139' title='bbox 574 2258 599 2322; x_wconf 95' lang='grc' dir='ltr'>δ’</span> <span class='ocrx_word' id='word_1_140' title='bbox 615 2259 653 2322; x_wconf 82' lang='grc' dir='ltr'>ἂν</span> <span class='ocrx_word' id='word_1_141' title='bbox 666 2257 818 2341; x_wconf 82' lang='grc' dir='ltr'>μαχέσαιο</span> <span class='ocrx_word' id='word_1_142' title='bbox 835 2259 884 2322; x_wconf 86' lang='grc' dir='ltr'>καὶ</span> <span class='ocrx_word' id='word_1_143' title='bbox 899 2257 994 2343; x_wconf 78' lang='grc' dir='ltr'>ἅλλιρ,</span> 
     </span>
     <span class='ocr_line' id='line_1_20' title="bbox 154 2360 1094 2444; baseline 0 -20"><span class='ocrx_word' id='word_1_144' title='bbox 154 2360 270 2425; x_wconf 85' lang='grc' dir='ltr'>ὅντινά</span> <span class='ocrx_word' id='word_1_145' title='bbox 284 2386 344 2425; x_wconf 93' lang='grc' dir='ltr'>που</span> <span class='ocrx_word' id='word_1_146' title='bbox 357 2360 499 2440; x_wconf 77' lang='grc' dir='ltr'>μεθιέντα</span> <span class='ocrx_word' id='word_1_147' title='bbox 513 2363 589 2428; x_wconf 84' lang='grc' dir='ltr'>ίδοις</span> <span class='ocrx_word' id='word_1_148' title='bbox 605 2367 752 2444; x_wconf 77' lang='grc' dir='ltr'>στυγεροῦ</span> <span class='ocrx_word' id='word_1_149' title='bbox 766 2360 922 2440; x_wconf 90' lang='grc' dir='ltr'>πολέμοιο.</span> <span class='ocrx_word' id='word_1_150' title='bbox 1045 2390 1094 2438; x_wconf 79' lang='lat'>330</span> 
     </span>
     <span class='ocr_line' id='line_1_21' title="bbox 153 2461 934 2549; baseline 0.003 -23"><span class='ocrx_word' id='word_1_151' title='bbox 153 2463 223 2526; x_wconf 81' lang='grc' dir='ltr'>ἀλλ’</span> <span class='ocrx_word' id='word_1_152' title='bbox 237 2465 305 2538; x_wconf 81' lang='grc' dir='ltr'>άνα,</span> <span class='ocrx_word' id='word_1_153' title='bbox 319 2465 361 2545; x_wconf 76' lang='grc' dir='ltr'>μὴ</span> <span class='ocrx_word' id='word_1_154' title='bbox 377 2465 457 2549; x_wconf 91' lang='grc' dir='ltr'>τάχα</span> <span class='ocrx_word' id='word_1_155' title='bbox 471 2466 548 2530; x_wconf 84' lang='grc' dir='ltr'>άστυ</span> <span class='ocrx_word' id='word_1_156' title='bbox 563 2465 654 2546; x_wconf 89' lang='grc' dir='ltr'>πυρδς</span> <span class='ocrx_word' id='word_1_157' title='bbox 669 2464 766 2545; x_wconf 83' lang='grc' dir='ltr'>δηίοιο</span> <span class='ocrx_word' id='word_1_158' title='bbox 782 2461 934 2546; x_wconf 90' lang='grc' dir='ltr'>θέρηται.”</span> 
     </span>
    </p>

    <p class='ocr_par' dir='ltr' id='par_1_14' title="bbox 146 2565 1094 3582">
     <span class='ocr_line' id='line_1_22' title="bbox 192 2565 954 2651; baseline 0.004 -21"><span class='ocrx_word' id='word_1_159' title='bbox 192 2567 256 2631; x_wconf 88' lang='grc' dir='ltr'>Τὸν</span> <span class='ocrx_word' id='word_1_160' title='bbox 270 2567 296 2632; x_wconf 90' lang='grc' dir='ltr'>δ’</span> <span class='ocrx_word' id='word_1_161' title='bbox 313 2568 384 2634; x_wconf 83' lang='grc' dir='ltr'>αύτε</span> <span class='ocrx_word' id='word_1_162' title='bbox 398 2568 581 2650; x_wconf 82' lang='grc' dir='ltr'>προσέειπεν</span> <span class='ocrx_word' id='word_1_163' title='bbox 593 2567 796 2651; x_wconf 86' lang='grc' dir='ltr'>Ἀλέξανδρος</span> <span class='ocrx_word' id='word_1_164' title='bbox 811 2565 954 2647; x_wconf 89' lang='grc' dir='ltr'>θεοειδής·</span> 
     </span>
     <span class='ocr_line' id='line_1_23' title="bbox 153 2668 1074 2753; baseline 0.004 -21"><span class='ocrx_word' id='word_1_165' title='bbox 153 2668 300 2753; x_wconf 87' lang='grc' dir='ltr'>“Ἕκπορ,</span> <span class='ocrx_word' id='word_1_166' title='bbox 316 2672 385 2736; x_wconf 77' lang='grc' dir='ltr'>ἐπεί</span> <span class='ocrx_word' id='word_1_167' title='bbox 396 2697 436 2750; x_wconf 87' lang='grc' dir='ltr'>με</span> <span class='ocrx_word' id='word_1_168' title='bbox 450 2671 512 2736; x_wconf 85' lang='grc' dir='ltr'>κατ’</span> <span class='ocrx_word' id='word_1_169' title='bbox 529 2672 623 2737; x_wconf 82' lang='grc' dir='ltr'>αἶσαν</span> <span class='ocrx_word' id='word_1_170' title='bbox 637 2672 792 2737; x_wconf 78' lang='grc' dir='ltr'>ἐνείκεσας</span> <span class='ocrx_word' id='word_1_171' title='bbox 807 2670 868 2735; x_wconf 78' lang='grc' dir='ltr'>οὐδ’</span> <span class='ocrx_word' id='word_1_172' title='bbox 883 2673 958 2752; x_wconf 79' lang='grc' dir='ltr'>ύπέρ</span> <span class='ocrx_word' id='word_1_173' title='bbox 973 2669 1074 2744; x_wconf 82' lang='grc' dir='ltr'>αἶσαν,</span> 
     </span>
     <span class='ocr_line' id='line_1_24' title="bbox 152 2773 964 2857; baseline 0.004 -22"><span class='ocrx_word' id='word_1_174' title='bbox 152 2774 277 2840; x_wconf 88' lang='grc' dir='ltr'>τούνεκά</span> <span class='ocrx_word' id='word_1_175' title='bbox 291 2799 339 2838; x_wconf 94' lang='grc' dir='ltr'>τοι</span> <span class='ocrx_word' id='word_1_176' title='bbox 353 2773 437 2857; x_wconf 87' lang='grc' dir='ltr'>ἐρέω·</span> <span class='ocrx_word' id='word_1_177' title='bbox 460 2775 500 2839; x_wconf 80' lang='grc' dir='ltr'>σὺ</span> <span class='ocrx_word' id='word_1_178' title='bbox 515 2776 548 2839; x_wconf 79' lang='grc' dir='ltr'>δὲ</span> <span class='ocrx_word' id='word_1_179' title='bbox 563 2774 673 2840; x_wconf 93' lang='grc' dir='ltr'>σύνθεο</span> <span class='ocrx_word' id='word_1_180' title='bbox 688 2775 741 2839; x_wconf 93' lang='grc' dir='ltr'>καί</span> <span class='ocrx_word' id='word_1_181' title='bbox 752 2799 808 2853; x_wconf 86' lang='grc' dir='ltr'>μευ</span> <span class='ocrx_word' id='word_1_182' title='bbox 823 2773 964 2838; x_wconf 79' lang='grc' dir='ltr'>ἄκουσον·</span> 
     </span>
     <span class='ocr_line' id='line_1_25' title="bbox 152 2875 1093 2963; baseline 0.001 -23"><span class='ocrx_word' id='word_1_183' title='bbox 152 2877 187 2940; x_wconf 90' lang='grc' dir='ltr'>ού</span> <span class='ocrx_word' id='word_1_184' title='bbox 200 2903 248 2943; x_wconf 91' lang='grc' dir='ltr'>τοι</span> <span class='ocrx_word' id='word_1_185' title='bbox 264 2878 322 2960; x_wconf 78' lang='grc' dir='ltr'>ἐγὼ</span> <span class='ocrx_word' id='word_1_186' title='bbox 337 2878 450 2961; x_wconf 87' lang='grc' dir='ltr'>Τρώων</span> <span class='ocrx_word' id='word_1_187' title='bbox 466 2878 584 2943; x_wconf 89' lang='grc' dir='ltr'>τόσσον</span> <span class='ocrx_word' id='word_1_188' title='bbox 596 2878 683 2963; x_wconf 79' lang='grc' dir='ltr'>χόλῳ</span> <span class='ocrx_word' id='word_1_189' title='bbox 699 2878 768 2942; x_wconf 73' lang='grc' dir='ltr'>οὐδὲ</span> <span class='ocrx_word' id='word_1_190' title='bbox 786 2875 915 2956; x_wconf 85' lang='grc' dir='ltr'>νεμέσσι</span> <span class='ocrx_word' id='word_1_191' title='bbox 1045 2903 1093 2952; x_wconf 75' lang='lat'>335</span> 
     </span>
     <span class='ocr_line' id='line_1_26' title="bbox 151 2979 936 3067; baseline -0.004 -22"><span class='ocrx_word' id='word_1_192' title='bbox 151 2981 230 3060; x_wconf 86' lang='grc' dir='ltr'>ήμην</span> <span class='ocrx_word' id='word_1_193' title='bbox 246 2982 279 3046; x_wconf 86' lang='grc' dir='ltr'>ἐν</span> <span class='ocrx_word' id='word_1_194' title='bbox 294 2979 429 3067; x_wconf 84' lang='grc' dir='ltr'>θαλάμιρ,</span> <span class='ocrx_word' id='word_1_195' title='bbox 446 2980 555 3045; x_wconf 85' lang='grc' dir='ltr'>έθελον</span> <span class='ocrx_word' id='word_1_196' title='bbox 569 2979 596 3046; x_wconf 92' lang='grc' dir='ltr'>δ’</span> <span class='ocrx_word' id='word_1_197' title='bbox 612 2981 682 3063; x_wconf 83' lang='grc' dir='ltr'>άχεῖ</span> <span class='ocrx_word' id='word_1_198' title='bbox 698 2979 936 3062; x_wconf 89' lang='grc' dir='ltr'>προτραπέσθαι.</span> 
     </span>
     <span class='ocr_line' id='line_1_27' title="bbox 151 3081 956 3168; baseline -0.002 -20"><span class='ocrx_word' id='word_1_199' title='bbox 151 3090 205 3150; x_wconf 83' lang='grc' dir='ltr'>νῦν</span> <span class='ocrx_word' id='word_1_200' title='bbox 219 3084 253 3148; x_wconf 97' lang='grc' dir='ltr'>δέ</span> <span class='ocrx_word' id='word_1_201' title='bbox 267 3109 306 3165; x_wconf 86' lang='grc' dir='ltr'>με</span> <span class='ocrx_word' id='word_1_202' title='bbox 322 3083 501 3166; x_wconf 85' lang='grc' dir='ltr'>παρειποῢσ’</span> <span class='ocrx_word' id='word_1_203' title='bbox 518 3085 633 3168; x_wconf 81' lang='grc' dir='ltr'>ἄλοχος</span> <span class='ocrx_word' id='word_1_204' title='bbox 646 3087 795 3164; x_wconf 79' lang='grc' dir='ltr'>μαλακοῖς</span> <span class='ocrx_word' id='word_1_205' title='bbox 810 3081 956 3147; x_wconf 84' lang='grc' dir='ltr'>ἐπέεσσιν</span> 
     </span>
     <span class='ocr_line' id='line_1_28' title="bbox 150 3186 939 3271; baseline -0.001 -20"><span class='ocrx_word' id='word_1_206' title='bbox 150 3186 266 3269; x_wconf 89' lang='grc' dir='ltr'>ώρμησ’</span> <span class='ocrx_word' id='word_1_207' title='bbox 280 3188 312 3253; x_wconf 91' lang='grc' dir='ltr'>ἐς</span> <span class='ocrx_word' id='word_1_208' title='bbox 326 3187 471 3266; x_wconf 87' lang='grc' dir='ltr'>πόλεμον·</span> <span class='ocrx_word' id='word_1_209' title='bbox 494 3187 592 3252; x_wconf 83' lang='grc' dir='ltr'>δοκέει</span> <span class='ocrx_word' id='word_1_210' title='bbox 607 3186 641 3251; x_wconf 91' lang='grc' dir='ltr'>δέ</span> <span class='ocrx_word' id='word_1_211' title='bbox 653 3212 706 3265; x_wconf 85' lang='grc' dir='ltr'>μοι</span> <span class='ocrx_word' id='word_1_212' title='bbox 724 3189 781 3252; x_wconf 88' lang='grc' dir='ltr'>ώδε</span> <span class='ocrx_word' id='word_1_213' title='bbox 796 3187 845 3250; x_wconf 81' lang='grc' dir='ltr'>καὶ</span> <span class='ocrx_word' id='word_1_214' title='bbox 860 3186 939 3271; x_wconf 75' lang='grc' dir='ltr'>αύτῷ</span> 
     </span>
     <span class='ocr_line' id='line_1_29' title="bbox 148 3289 900 3372; baseline -0.001 -17"><span class='ocrx_word' id='word_1_215' title='bbox 148 3293 244 3357; x_wconf 78' lang='grc' dir='ltr'>λώϊον</span> <span class='ocrx_word' id='word_1_216' title='bbox 258 3292 419 3356; x_wconf 81' lang='grc' dir='ltr'>ἔσσεσθαι·</span> <span class='ocrx_word' id='word_1_217' title='bbox 442 3291 508 3371; x_wconf 87' lang='grc' dir='ltr'>νίκη</span> <span class='ocrx_word' id='word_1_218' title='bbox 525 3289 553 3356; x_wconf 79' lang='grc' dir='ltr'>δ’</span> <span class='ocrx_word' id='word_1_219' title='bbox 568 3292 768 3371; x_wconf 85' lang='grc' dir='ltr'>ἐπαμείβεται</span> <span class='ocrx_word' id='word_1_220' title='bbox 783 3290 900 3372; x_wconf 77' lang='grc' dir='ltr'>ἄνδρας.</span> 
     </span>
     <span class='ocr_line' id='line_1_30' title="bbox 149 3394 1094 3479; baseline -0.003 -20"><span class='ocrx_word' id='word_1_221' title='bbox 149 3395 222 3459; x_wconf 77' lang='grc' dir='ltr'>ἀλλ’</span> <span class='ocrx_word' id='word_1_222' title='bbox 237 3395 293 3479; x_wconf 78' lang='grc' dir='ltr'>ἆγε</span> <span class='ocrx_word' id='word_1_223' title='bbox 308 3401 361 3461; x_wconf 79' lang='grc' dir='ltr'>νύν</span> <span class='ocrx_word' id='word_1_224' title='bbox 376 3396 538 3474; x_wconf 87' lang='grc' dir='ltr'>ἐπίμεινον,</span> <span class='ocrx_word' id='word_1_225' title='bbox 551 3394 661 3477; x_wconf 82' lang='grc' dir='ltr'>Ἀρήϊα</span> <span class='ocrx_word' id='word_1_226' title='bbox 678 3395 788 3478; x_wconf 89' lang='grc' dir='ltr'>τεύχεα</span> <span class='ocrx_word' id='word_1_227' title='bbox 801 3395 871 3459; x_wconf 91' lang='grc' dir='ltr'>δύω·</span> <span class='ocrx_word' id='word_1_228' title='bbox 1045 3421 1094 3471; x_wconf 78' lang='lat'>340</span> 
     </span>
     <span class='ocr_line' id='line_1_31' title="bbox 146 3496 904 3582; baseline -0.004 -18"><span class='ocrx_word' id='word_1_229' title='bbox 146 3496 232 3578; x_wconf 79' lang='grc' dir='ltr'>ἣίθ,</span> <span class='ocrx_word' id='word_1_230' title='bbox 247 3499 307 3582; x_wconf 80' lang='grc' dir='ltr'>έγδ</span> <span class='ocrx_word' id='word_1_231' title='bbox 323 3500 356 3562; x_wconf 79' lang='grc' dir='ltr'>δὲ</span> <span class='ocrx_word' id='word_1_232' title='bbox 369 3497 497 3578; x_wconf 84' lang='grc' dir='ltr'>μέτειμι·</span> <span class='ocrx_word' id='word_1_233' title='bbox 522 3497 707 3582; x_wconf 87' lang='grc' dir='ltr'>κιχήσεσθαι</span> <span class='ocrx_word' id='word_1_234' title='bbox 722 3498 756 3563; x_wconf 90' lang='grc' dir='ltr'>δέ</span> <span class='ocrx_word' id='word_1_235' title='bbox 771 3497 800 3561; x_wconf 83' lang='grc' dir='ltr'>π’</span> <span class='ocrx_word' id='word_1_236' title='bbox 820 3497 904 3562; x_wconf 82' lang='grc' dir='ltr'>όίω.”</span> 
     </span>
    </p>

    <p class='ocr_par' dir='ltr' id='par_1_15' title="bbox 145 3598 1068 3787">
     <span class='ocr_line' id='line_1_32' title="bbox 183 3598 1068 3682; baseline -0.003 -18"><span class='ocrx_word' id='word_1_237' title='bbox 183 3599 250 3668; x_wconf 70' lang='grc' dir='ltr'>*Ως</span> <span class='ocrx_word' id='word_1_238' title='bbox 264 3598 357 3682; x_wconf 86' lang='grc' dir='ltr'>φάτο,</span> <span class='ocrx_word' id='word_1_239' title='bbox 372 3600 426 3665; x_wconf 89' lang='grc' dir='ltr'>τδν</span> <span class='ocrx_word' id='word_1_240' title='bbox 440 3598 467 3666; x_wconf 88' lang='grc' dir='ltr'>δ’</span> <span class='ocrx_word' id='word_1_241' title='bbox 482 3601 518 3664; x_wconf 90' lang='grc' dir='ltr'>ού</span> <span class='ocrx_word' id='word_1_242' title='bbox 532 3626 561 3665; x_wconf 87' lang='grc' dir='ltr'>τι</span> <span class='ocrx_word' id='word_1_243' title='bbox 576 3600 718 3682; x_wconf 88' lang='grc' dir='ltr'>προσέφη</span> <span class='ocrx_word' id='word_1_244' title='bbox 735 3602 931 3682; x_wconf 90' lang='grc' dir='ltr'>κορυθαίολος</span> <span class='ocrx_word' id='word_1_245' title='bbox 941 3599 1068 3678; x_wconf 83' lang='grc' dir='ltr'>Ἕκτωρ·</span> 
     </span>
     <span class='ocr_line' id='line_1_33' title="bbox 145 3702 886 3787; baseline 0.001 -19"><span class='ocrx_word' id='word_1_246' title='bbox 145 3703 201 3770; x_wconf 83' lang='grc' dir='ltr'>τὸν</span> <span class='ocrx_word' id='word_1_247' title='bbox 216 3704 241 3768; x_wconf 90' lang='grc' dir='ltr'>δ’</span> <span class='ocrx_word' id='word_1_248' title='bbox 256 3702 370 3782; x_wconf 83' lang='grc' dir='ltr'>Ἑλένη</span> <span class='ocrx_word' id='word_1_249' title='bbox 385 3703 508 3782; x_wconf 87' lang='grc' dir='ltr'>μύθοισι</span> <span class='ocrx_word' id='word_1_250' title='bbox 523 3704 680 3786; x_wconf 82' lang='grc' dir='ltr'>προσηύδα</span> <span class='ocrx_word' id='word_1_251' title='bbox 693 3706 886 3787; x_wconf 88' lang='grc' dir='ltr'>μειλιχίοισι·</span> 
     </span>
    </p>
   </div>
   <div class='ocr_carea' id='block_1_3' title="bbox 0 0 1368 4230">
    <p class='ocr_par' dir='ltr' id='par_1_16' title="bbox 0 0 1368 4230">
     <span class='ocr_line' id='line_1_34' title="bbox 0 0 1368 4230; baseline 0 3"><span class='ocrx_word' id='word_1_252' title='bbox 0 0 1368 4230; x_wconf 95' lang='lat' dir='ltr'> </span> 
     </span>
    </p>
   </div>
  </div>
 </body>
</html>
