2788 4230
259 275 322 341 806
542 271 591 334 18.
614 271 845 333 ΟΔΎΣΣΕΙΑΣ
869 273 902 330 Σ.

260 451 396 532 ἐλθέμεν,
413 453 492 532 όφρα
511 449 543 513 κέ
556 476 607 530 μοι
623 452 810 532 παρστήετον
826 454 858 517 ἐν
873 453 1059 534 μεγάροισιν·

261 555 306 632 οἵη
324 552 416 616 δὀὐκ
434 553 544 632 εἴσειμι
559 551 621 632 μετ’
639 551 756 632 ἀνέρας·
781 552 916 631 αἰδέομαι
932 549 1019 632 γάρ.”

296 657 359 724 Ὣς
375 657 420 738 ἀρ’
437 656 505 737 ἔφη,
523 657 613 740 γρηθς
629 660 660 719 δὲ
679 660 743 720 διὲκ
758 655 900 738 μεγάροιο
914 657 1045 735 βεβήκει
1158 667 1209 729 185

261 761 446 844 ἀγγελέουσα
462 759 579 844 γυναιξὶ
595 759 642 825 καὶ
659 759 841 843 ὀτρυνέουσα
857 759 987 824 νέεσθαι.

300 865 385 930 Ἔνθ’
400 865 462 928 αὖτ’
480 864 549 927 ἀλλ’
564 867 671 944 ἐνόησε
688 867 742 928 θεά
757 869 929 943 γλαυκῶπις
944 861 1065 942 Ἀθήνη·

260 971 348 1056 κούρη
363 969 503 1050 Ἰκαρίοιο
521 972 596 1031 κατά
610 967 722 1051 γλυκύν
737 969 830 1032 ὕπνον
847 969 959 1050 ἔχευεν,

260 1077 326 1139 εὗδε
342 1075 367 1137 δ’
383 1076 606 1149 ἀνακλινθεῖσα,
622 1073 713 1136 λύθεν
729 1072 761 1136 δέ
777 1075 806 1136 οἱ
823 1072 906 1154 ἀψεα
922 1075 1021 1136 πάντα

261 1181 349 1242 αὐτοῦ
365 1175 408 1241 ἐνὶ
424 1179 568 1257 κλιντῆρι·
592 1177 664 1242 τέως
680 1177 705 1240 δ’
720 1176 777 1257 ἀρα
793 1182 842 1240 δῖα
858 1177 954 1240 θεάων

260 1285 397 1366 ἄμβροτα
412 1287 491 1362 δῶρα
507 1282 598 1358 δίδου,
614 1283 663 1344 ἵνα
678 1307 730 1360 μιν
745 1280 883 1359 θησαίατ’
893 1279 1022 1362 Ἀχαιοί.

261 1389 369 1450 κάλλεϊ
383 1385 436 1466 μέν
452 1389 479 1448 οἱ
495 1393 596 1466 πρῶτα
612 1387 797 1466 προσώπατα
814 1385 890 1448 καλά
907 1384 1034 1465 κάθηρεν

260 1491 430 1573 ἀμβροσίῳ,
446 1491 498 1570 οἵῳ
515 1515 570 1571 περ
586 1491 771 1570 ἐϋστέφανος
787 1488 932 1570 Κυθέρεια

261 1597 386 1676 χρίεται,
404 1593 461 1656 εὖτ’
475 1593 512 1658 ἀν
527 1595 558 1680 ἰῃ
574 1594 713 1674 Χαρίτων
728 1593 819 1676 χορὸν
837 1594 1002 1672 ἱμερόεντα·

262 1700 311 1761 καί
323 1723 375 1778 μιν
390 1697 572 1779 μακροτέρην
590 1698 638 1759 καὶ
653 1694 795 1760 πάσσονα
811 1699 901 1773 θῆκεν
917 1695 1044 1772 ἰδέσθαι,

262 1801 439 1882 λευκοτέρην
455 1801 479 1864 δ’
496 1803 552 1882 ἀρα
567 1827 618 1882 μιν
634 1805 705 1878 θῆκε
719 1805 847 1880 πριστοῦ
865 1799 1042 1880 ἐλέφαντος.

261 1907 279 1983 ἡ
295 1909 350 1984 μέν
366 1903 411 1985 ἀρ’
428 1906 466 1970 ὣς
483 1904 584 1986 έρξασ’
600 1903 776 1984 ἀπεβήσετο
792 1909 841 1968 δῖα
857 1902 963 1978 θεάων,

262 2009 357 2088 ἦλθαν
372 2007 397 2072 δ’
413 2010 583 2089 ἀμφίπολοι
599 2009 780 2071 λευκώλενοι
797 2009 828 2070 ἐκ
843 2009 986 2090 μεγάροιο

263 2115 388 2198 φθόγγῳ
406 2114 613 2196 ἐπερχόμεναι·
635 2112 691 2190 τήν
706 2113 738 2174 δέ
753 2112 864 2194 γλυκὺς
879 2113 971 2176 ὕπνος
987 2112 1089 2190 ἀνῆκε,

264 2218 313 2279 καί
326 2215 357 2298 ῥ’
374 2215 563 2297 ἀπομόρξατο
579 2213 665 2298 χερσὶ
682 2218 806 2296 παρειὰς
823 2214 965 2296 φώνησέν
980 2236 1021 2279 τε·

263 2320 310 2398 “ή
326 2347 362 2401 με
377 2320 448 2400 μάλ’
466 2322 614 2398 αἰνοπαθῆ
630 2325 765 2400 μαλακὸν
782 2318 848 2402 περὶ
864 2318 937 2398 κῶμ’
953 2317 1114 2400 ἐκάλυψεν.

263 2428 328 2488 αἴθε
343 2451 395 2505 μοι
411 2426 450 2489 ὣς
465 2428 600 2503 μαλακὸν
616 2423 745 2488 θάνατον
760 2425 847 2504 πόροι
860 2419 1000 2502 ’Ἄρτεμις
1015 2422 1092 2503 ἀγυὴ

263 2530 365 2592 αὐτίκα
381 2533 442 2600 νῦν,
458 2529 507 2591 ἵνα
522 2526 623 2607 μηκέτ’
637 2527 799 2608 ὀδυρομένη
818 2525 891 2589 κατὰ
908 2531 1001 2606 θυμὸν

264 2635 357 2695 αἰῶνα
373 2632 516 2712 φθινύθω,
532 2632 640 2721 πόσιος
652 2630 804 2695 ποθέουσα
820 2631 925 2710 φίλοιο

264 2735 407 2813 παντοίην
423 2733 538 2815 ἀρετήν,
555 2736 620 2810 ἐπεὶ
637 2734 743 2818 ἔξοχος
758 2733 810 2812 ἦεν
825 2731 987 2815 Ἀχαιῶν.”

299 2838 363 2904 Ὣς
378 2837 496 2918 φαμένη
513 2836 667 2918 κατέβαιν’
681 2839 811 2917 ὑπερώϊα
827 2838 1020 2919 σιγαλόεντα,
1115 2863 1119 2870 ’

264 2943 315 3004 οὐκ
332 2942 389 3020 οἵη,
408 2941 469 3021 άμα
484 2939 520 3026 τῇ
534 2967 570 3023 γε
587 2940 635 3005 καί
652 2941 824 3021 ἀμφίπολοι
839 2939 883 3004 δύ’
900 2941 1015 3003 ἕποντο.

263 3046 280 3123 ἡ
298 3046 323 3109 δ’
339 3047 389 3109 ὅτε
406 3045 441 3123 δή
456 3048 629 3126 μνηστῆρας
644 3045 769 3125 ἀφίκετο
789 3047 838 3108 δῖα
852 3049 1011 3126 γυναικῶν,

265 3153 321 3226 στῆ
336 3151 374 3232 ῥα
389 3149 469 3230 παρὰ
488 3153 622 3230 σταθμὸν
637 3150 739 3230 τέγεος
755 3149 834 3212 πύκα
849 3152 986 3226 ποιητοῖο

263 3253 338 3317 ἀντα
353 3254 503 3334 παρειάων
518 3254 652 3336 σχομένη
667 3255 782 3335 λιπαρὰ
797 3251 952 3333 κρήδεμνα·
1164 3279 1213 3315 210

266 3358 438 3437 ἀμφίπολος
454 3357 476 3420 δ’
496 3357 553 3439 ἀρα
568 3358 596 3419 οἱ
613 3356 699 3434 κεδνὴ
716 3355 856 3437 ἑκάτερθε
871 3355 1014 3432 παρέστη.

266 3459 365 3523 τῶνδ’
383 3460 472 3522 αὐτοῦ
488 3461 559 3523 λύτο
575 3457 703 3541 γούνατ’,
720 3461 775 3545 ἔρῳ
792 3460 815 3524 δ’
836 3459 891 3541 ἀρα
908 3463 1000 3536 θυμὸν
1016 3459 1173 3542 ἔθελχθεν,

265 3563 374 3630 πάντες
393 3565 418 3627 δ’
434 3562 585 3643 ἠρήσαντο
600 3565 691 3646 παραὶ
706 3563 853 3646 λεχέεσσι
868 3565 1015 3639 κλιθῆναι.

264 3668 283 3746 ἡ
301 3668 326 3732 δ’
342 3667 378 3730 αθ
390 3664 572 3746 Τηλέμαχον
587 3668 810 3748 προσεφώνεεν,
827 3665 861 3729 δν
878 3670 971 3747 φίλον
986 3667 1060 3731 υἱόν·
