2834 4234
500 367 548 433 13.
572 354 806 414 ΟΔΎΣΣΕΙΑΣ
839 354 877 414 Ν.
1098 369 1156 426 721

212 525 243 586 οῖ
255 520 285 603 μ’
301 525 344 588 είς
359 525 458 601 ἄλλην
472 528 563 604 γαῖαν
578 520 747 605 ἀπήγαγον·
771 521 790 601 ἦ
806 523 840 589 τέ
853 521 883 600 μ’
899 523 1014 603 ἔφαντο

211 625 295 704 ἄξειν
311 627 354 691 εἰς
369 622 489 705 Ἰθάκην
503 625 666 704 εὐδείελον,
682 625 745 689 οὐδ’
760 624 940 690 ἐτέλεσσαν·

212 731 286 795 Ζεύς
301 737 402 810 σφεας
417 730 537 792 τίσαιτο
555 727 716 808 ἱκετήσιος,
733 730 766 794 ὅς
781 753 813 792 τε
830 726 879 792 καὶ
894 729 1006 794 ἄλλους

211 833 384 913 ἀνθρώπους
401 833 498 916 ἐφορᾷ
514 830 562 896 καὶ
577 832 691 896 τίνυται
707 833 740 894 ὅς
755 857 801 899 τις
817 832 942 916 άμάρτῃ.

211 935 282 999 ἀλλ’
300 935 355 1018 ἀγε
372 936 406 1014 δὴ
424 936 462 999 τὰ
476 935 603 1018 χρήματ’
618 935 773 1016 ἀριθμήσω
790 936 839 999 καὶ
854 936 970 1014 ἴδωμαι,
1112 963 1160 1011 215

209 1038 250 1116 μή
269 1041 300 1102 τί
311 1065 363 1117 μοι
379 1043 521 1122 οἴχωνται
538 1040 642 1116 κοίλης
657 1037 709 1102 ἐπὶ
724 1045 795 1116 νηὸς
810 1037 965 1120 άγοντες.”

247 1143 310 1209 Ὠς
326 1145 420 1208 εἰπὼν
435 1145 578 1223 τρίποδας
594 1142 795 1222 περικαλλέας
811 1142 864 1222 ἠδὲ
879 1142 1014 1222 λέβητας

209 1247 328 1327 ἠρίθμει
344 1245 393 1311 καὶ
408 1249 523 1330 χρυσὸν
538 1245 658 1327 ὑφαντά
673 1271 706 1310 τε
722 1248 828 1323 είματα
848 1245 935 1310 καλά.

209 1355 269 1414 τῶν
283 1354 337 1429 μὲν
352 1349 397 1433 ἄρ’
414 1350 449 1413 ού
464 1376 493 1413 τι
508 1350 604 1414 πόθει·
629 1352 645 1413 δ
661 1348 685 1413 δ’
703 1351 824 1431 ὀδύρετο
840 1351 967 1431 πατρίδα
982 1354 1072 1432 γαῖαν

209 1455 342 1535 ἑρπύζων
357 1457 438 1534 παρὰ
453 1459 522 1518 θῖνα
538 1456 789 1534 πολυφλοίσβοιο
805 1454 975 1532 θαλάσσης,
1110 1481 1158 1514 220

209 1554 300 1621 πόλλ’
316 1559 550 1638 ὀλοφυρόμενος.
585 1557 735 1638 σχεδόθεν
751 1557 784 1621 δέ
799 1560 828 1621 οἱ
844 1557 939 1637 ἦλθεν
954 1554 1077 1635 Ἀθήνη,

210 1661 293 1742 ἀνδρὶ
312 1661 403 1740 δέμας
418 1663 514 1725 ἐϊκυῖα
530 1660 595 1746 νέῳ,
612 1663 774 1744 ἐπιβώτορι
789 1660 903 1742 μήλων,

209 1763 388 1850 παναπάλῳ,
401 1767 461 1829 οίοί
476 1791 509 1829 τε
525 1765 661 1829 ἀνάκτων
676 1771 780 1832 παῖδες
796 1766 875 1841 ἐασι,

208 1871 355 1951 δίπτυχον
369 1869 444 1949 ἀμφ’
460 1853 588 1949 ὤμοισιν
603 1869 708 1952 ἐχουσ’
724 1869 845 1949 εὐεργέα
861 1870 977 1948 λώπην·

208 1970 305 2035 ποσσὶ
321 1969 346 2034 δ’
360 1973 419 2035 ὑπὸ
436 1977 594 2054 λιπαροῖσι
609 1970 707 2036 πέδιλ’
723 1973 786 2055 ἔχε,
802 1969 891 2055 χερσί
907 1972 932 2034 δ’
948 1972 1067 2034 άκοντο.
1110 1999 1155 2046 225

208 2075 263 2154 τὴν
278 2074 304 2138 δ’
320 2075 465 2141 Ὀδυσεὺς
480 2075 615 2158 γάθησεν
631 2076 702 2140 ἰδών
718 2076 767 2139 καὶ
783 2075 917 2141 ἐναντίος
934 2074 1019 2154 ἦλθε,

209 2181 259 2242 καί
270 2204 323 2257 μιν
338 2177 484 2260 φωνήσας
499 2179 574 2242 ἔπεα
589 2179 751 2259 πτερόεντα
766 2179 930 2259 προσηύδα·

207 2279 258 2344 “ιό
275 2281 351 2363 φίλ’,
367 2285 435 2348 ἐπεί
449 2308 486 2345 σε
501 2290 605 2363 πρῶτα
620 2281 733 2364 κιχάνω
749 2281 818 2367 τῷδ’
835 2283 880 2347 ἐνὶ
896 2283 996 2367 χώρῳ,

208 2386 297 2467 χαῖρέ
311 2410 344 2450 τε
360 2388 409 2449 καὶ
422 2385 463 2465 μή
479 2387 531 2463 μοί
544 2411 573 2448 τι
590 2387 669 2469 κακῷ
686 2386 746 2470 νόιρ
766 2384 997 2465 ἀντιβολήσαις,

207 2490 289 2552 ἀλλὰ
305 2489 370 2553 σάω
384 2494 440 2569 μὲν
457 2495 559 2567 ταῦτα,
579 2489 643 2552 σάω
660 2489 685 2554 δ’
701 2489 764 2564 ἐμέ·
788 2487 839 2553 σοὶ
854 2489 912 2572 γάρ
928 2490 987 2571 ἐγώ
1004 2517 1039 2572 γε
1106 2517 1155 2563 230

208 2594 332 2676 εὔχομαι
348 2596 389 2660 ώς
404 2619 437 2658 τε
454 2597 510 2678 θεῷ
529 2595 579 2656 καί
594 2619 648 2657 σευ
664 2595 743 2674 φίλα
758 2593 880 2675 γούναθ’
897 2593 998 2658 ἱκάνω.

208 2700 259 2761 καί
271 2723 324 2776 μοι
338 2698 416 2762 τοῦτ’
432 2699 601 2780 ἀγόρευσον
617 2695 773 2777 ἐτήτυμον,
789 2696 858 2779 ὄφρ’
875 2697 908 2760 ἐὺ
924 2701 1004 2762 εἰδῶ·

206 2802 251 2867 τίς
265 2805 314 2883 γῆ,
329 2803 375 2867 τίς
390 2806 492 2882 δῆμος,
508 2802 586 2868 τίνες
602 2802 704 2882 ἀνέρες
720 2801 928 2883 ἐγγεγάασιν;

207 2903 298 2982 ήπού
313 2931 358 2970 τις
374 2904 476 2984 νήσων
492 2905 650 2981 εὐδείελος,
667 2904 703 2984 ήέ
718 2931 763 2971 τις
779 2906 852 2985 ἀκτὴ

207 3006 279 3071 κεῖθ’
295 3011 347 3072 άλὶ
363 3009 522 3088 κεκλιμένη
539 3008 727 3089 ἐριβώλακος
742 3008 877 3088 ἠπείροιο
890 3007 926 3082 ,·’'
1105 3037 1154 3086 ²35

248 3113 310 3177 Τδν
326 3113 351 3176 δ’
369 3113 439 3177 αὖτε
455 3113 620 3192 προσέειπε
635 3115 690 3175 θεά
704 3119 878 3191 γλαυκῶπις
893 3111 1014 3191 Ἀθήνη·

206 3223 223 3252 ⁵⁶
234 3215 340 3293 νήπιός
357 3219 410 3292 είς,
426 3213 449 3279 ὦ
466 3214 548 3294 ξεῖν’,
571 3212 590 3294 ἢ
605 3217 738 3294 τηλόθεν
754 3214 946 3296 εἰλήλουθας,

207 3322 233 3383 εί
249 3321 285 3398 δὴ
300 3319 388 3397 τήνδε
403 3347 436 3411 τε
451 3325 541 3403 γαῖαν
556 3320 699 3399 ἀνείρεαι.
746 3319 815 3386 ούδέ
833 3345 862 3383 τι
878 3322 948 3398 λίην

206 3425 282 3487 οὕτω
299 3424 430 3503 νώνυμός
447 3426 541 3487 ἐστιν·
564 3424 652 3487 ἴσασι
666 3421 701 3487 δέ
714 3448 765 3503 μιν
779 3422 864 3503 μάλα
878 3426 1000 3500 πολλοί,

205 3526 281 3607 ἠμὲν
297 3529 365 3591 ὅσοι
380 3530 498 3592 ναίουσι
514 3528 588 3608 πρὸς
603 3527 646 3606 ήῶ
662 3524 687 3590 τ’
702 3527 808 3606 ἠέλιόν
823 3552 865 3605 τε,
1106 3557 1156 3605 240

204 3630 249 3709 ἠδ’
267 3630 359 3694 ὅσσοι
374 3632 540 3709 μετόπισθε
555 3632 624 3694 ποτὶ
641 3631 735 3711 ζόφον
750 3631 899 3711 ἠερόεντα.

205 3735 224 3814 ἦ
239 3760 285 3799 τοι
300 3737 356 3814 μὲν
371 3741 493 3816 τρηχεῖα
509 3735 558 3799 καὶ
573 3737 627 3819 οὐχ
648 3733 817 3813 ἱππήλατός
832 3738 927 3812 ἐστιν,
