2758 4228
291 371 353 437 932
687 359 835 419 τΜΝοι.

290 533 414 606 λειμῶνι
432 528 567 612 μαλακῷ,
581 529 755 607 μείδησεδὲ
771 527 837 611 γαῖ’
851 505 1022 606 ύπέύερθεν·

288 632 320 693 ἐκ
337 629 362 692 δ’
378 631 464 711 ἔθορε
479 633 536 714 πρὸ
551 634 686 714 φόωσδε,
703 633 768 696 θεαὶ
784 629 809 694 δ’
825 627 975 708 ὀλόλυξαν
994 630 1121 693 ἅπασαι.

327 731 422 798 Ἔνθα
439 735 484 812 σέ,
500 735 547 815 ἤϊε
563 741 671 812 Φοῖβε,
686 734 750 800 θεοὶ
765 736 841 798 λόον
856 736 941 797 ύδατι
957 735 1040 817 καλῷ

288 839 385 919 ἁγνῶς
402 837 449 902 καὶ
465 845 609 921 καθαρῶς,
625 838 764 920 σπάρξαν
778 838 803 902 δ’
821 841 855 902 έν
870 837 960 918 φάρεϊ
974 837 1081 922 λευκῷ,

287 943 388 1027 λεπτῷ
403 943 544 1028 νηγατέῳ·
567 943 635 1024 περὶ
651 945 683 1007 δὲ
698 943 829 1025 χρύσεον
844 943 980 1022 στρόφον
995 941 1079 1020 ἧκαν.

287 1149 368 1211 ἀλλὰ
385 1149 479 1229 Θέμις
495 1152 599 1233 νέκταρ
614 1176 648 1214 τε
667 1151 715 1214 καὶ
731 1151 903 1230 ἀμβροσίην
918 1149 1073 1230 ἐρατεινὴν

286 1253 594 1340 ἀθανάτῃσινχεραὶν
610 1251 765 1334 ἐπήρξατο·
787 1259 874 1335 χαῖρε
890 1254 922 1316 δὲ
939 1252 1036 1330 Λητό,

285 1357 393 1420 ούνεκα
408 1355 576 1440 τοξοφόρον
593 1356 641 1420 καὶ
658 1355 798 1437 καρτερὸν
812 1358 879 1420 υἱὸν
893 1356 1015 1419 έτικτευ.

330 1460 428 1541 Αύτδρ
444 1462 510 1524 ἐπεὶ
526 1459 570 1539 δή,
586 1465 696 1540 Φοῖβε,
714 1461 864 1541 κατέβρως
881 1459 1034 1541 ἄμβροτον
1050 1458 1143 1538 εἶδαρ,

284 1563 319 1626 ού
333 1562 372 1625 σέ
386 1563 412 1644 γ’
431 1563 524 1627 ἔπειτ’
538 1565 629 1645 ίσχον
643 1564 768 1646 χρύσεοι
784 1565 912 1644 στρόφοι
928 1562 1124 1643 ἀσπαίροντα,

284 1666 343 1730 οὐδ’
363 1671 407 1730 ἔτι
423 1666 520 1743 δεσμά
535 1667 565 1729 σ’
580 1667 674 1748 ἔρυκε,
690 1666 798 1730 λύοντο
813 1669 845 1730 δὲ
861 1667 987 1745 πείρατα
1001 1664 1107 1729 πάντα.

284 1771 390 1834 αὐτίκα
405 1770 431 1834 δ’
446 1770 612 1856 ἀθανάτῃσι
628 1770 759 1850 μετηύδα
772 1774 889 1849 Φοῖβος
904 1769 1076 1832 Ἀπόλλων·

327 1875 372 1952 είη
388 1900 438 1956 μοι
456 1876 569 1956 κίθαρίς
584 1900 617 1938 τε
632 1875 707 1954 φίλη
725 1871 772 1938 καὶ
789 1873 930 1952 καμπύλα
945 1872 1028 1952 τόξα,

283 1977 388 2060 χρήσω
405 1976 430 2042 δ’
445 1979 630 2059 ἀνθρώποισι
647 1978 720 2044 Διὸς
735 1978 881 2058 νημερτέα
894 1975 1022 2057 βουλήν.

285 2145 287 2149 ,
320 2080 384 2160 Ὣς
400 2083 493 2146 εἰπὼν
508 2082 679 2162 ἐβίβασκεν
695 2083 746 2145 ε’πὶ
761 2086 872 2164 χθονὸς
888 2082 1054 2159 εὐρυοδείης

283 2189 399 2265 Φοῖβος
416 2187 629 2266 ἀκερσεκόμης,
644 2187 841 2266 ἑκατηβόλος·
864 2187 896 2248 αἱ
912 2184 936 2249 δ’
953 2185 1010 2265 ἄρα
1025 2189 1121 2249 πάσαι

181 2285 184 2290 ’
283 2288 419 2369 θάμβεον
435 2290 590 2368 ἀθάναται,
606 2289 709 2373 χρυσῷ
721 2289 746 2352 δ’
761 2288 817 2369 ἄρα
835 2291 939 2365 Δῆλος
953 2288 1056 2352 ἅπασα

244 2415 264 2472 2
282 2395 433 2474 βεβρίθει,
450 2397 608 2473 καθορῶσα
625 2391 699 2458 Διὸς
714 2397 829 2469 Λητοῦς
844 2417 876 2454 τε
892 2390 1047 2474 γενέθλην,

246 2518 266 2575 2
284 2497 445 2582 γηθοσύνῃ,
461 2497 507 2560 ὅτι
522 2522 574 2576 μιν
589 2502 658 2562 θεὸς
677 2498 777 2559 είλετο
795 2497 874 2560 οίκία
888 2496 996 2559 θέσθαι

244 2622 263 2679 )
283 2599 384 2678 νήσων
399 2599 523 2680 ἠπείρου
537 2624 580 2678 τε,
595 2600 712 2680 φίλησε
730 2602 762 2662 δὲ
779 2601 882 2680 κηρόθι
897 2603 1025 2680 μᾶλλον·

242 2737 249 2752 ·
277 2701 394 2781 ἤνθηό,
410 2703 449 2770 ὧς
465 2704 515 2767 ὅτε
530 2730 563 2767 τε
578 2704 644 2786 ῥίου
660 2702 761 2783 ούρεος
776 2702 901 2767 ἄνθεσιν
916 2704 997 2780 ύλης.

325 2807 420 2873 Αύτδς
435 2806 470 2882 δ’,
486 2805 673 2889 ἀργυρότοξε,
689 2805 768 2885 ἄναξ
781 2808 942 2885 ἑκατηβόλ’
955 2805 1123 2882 Ἀπολλον,

282 2910 394 2973 άλλοτε
409 2909 465 2990 μέν
480 2910 506 2972 τ’
522 2912 573 2973 ἐπὶ
589 2911 706 2973 Κύνθου
721 2909 840 2989 ἐβήσαο
856 2911 1087 2987 παιπαλόεντος,

281 3014 393 3078 ἄλλοτε
409 3014 433 3076 δ’
448 3014 486 3078 ἂν
500 3011 608 3090 νήσους
624 3039 657 3077 τε
673 3014 723 3076 καὶ
738 3011 843 3094 ἀνέρας
857 3013 1036 3092 ἠλάσκαζες.

281 3119 396 3181 πολλοί
408 3142 455 3181 τοι
473 3119 542 3196 νηοί
554 3143 588 3180 τε
603 3118 653 3180 καὶ
668 3117 768 3180 ἄλσεα
782 3116 969 3198 δενδρήεντα,

281 3226 377 3285 πᾶσαι
393 3225 424 3286 δὲ
441 3221 568 3286 σκοπιαί
580 3246 613 3284 τε
629 3223 720 3301 φίλαι
735 3222 784 3286 καὶ
800 3222 933 3301 πρύονες
948 3222 1032 3302 ἄκροι

280 3328 409 3407 όφηλῶν
423 3325 526 3407 ὀρέων,
541 3325 671 3402 ποταμοί
686 3325 713 3388 θ’
731 3325 826 3389 άλαδε
841 3325 1026 3408 προρέοντες·
1180 3353 1231 3408 ¹45

315 3532 361 3566 120
377 3517 451 3565 λοῦον
462 3518 549 3575 οοάθ.;
567 3533 628 3568 corr.
641 3517 726 3582 Stepb.
818 3532 863 3583 ¹²9
881 3515 958 3578 δεσμά
970 3517 993 3565 α’
1007 3534 1040 3584 p;
1057 3517 1158 3578 δεσμόν·
1174 3521 1230 3574 Μχ,

283 3611 328 3660 133
345 3594 392 3645 ἀπὸ
409 3597 496 3653 codd.;
514 3595 552 3646 ini
564 3597 696 3648 Matthiae.
774 3595 828 3658 136,
845 3607 899 3661 137,
914 3599 959 3657 138
973 3614 1022 3648 om.
1034 3597 1105 3661 Mxp,
1124 3597 1183 3648 hab.
1196 3617 1230 3664 y;

281 3677 351 3742 signa
372 3675 518 3726 recensionis
540 3674 648 3740 duplicis
670 3675 780 3740 praefixa
801 3682 865 3725 sunt.
1013 3690 1057 3739 14²
1083 3673 1114 3724 αὖ
1137 3678 1231 3738 codd.;

280 3754 400 3820 Mlgen.
