2874 4234
274 328 337 395 628
568 329 596 392 8.
627 333 860 394 ΟΔΎΣΣΕΙΑΣ
890 333 928 394 Θ.

242 517 244 522 ’
273 498 355 562 ἀλλὰ
371 496 419 561 καὶ
436 498 476 564 δς
491 501 567 562 κακά
581 497 686 562 πολλὰ
701 501 805 564 παθὼν
820 498 978 581 πειρήσομ’
996 499 1124 564 ἀέθλων·

1175 617 1221 679 185

312 703 355 766 Ἦ
371 706 410 786 ῥα
425 707 474 768 καὶ
489 705 568 788 αὐτῷ
582 702 672 786 φάρει
688 703 812 784 ἀναίξας
826 704 909 785 λάβε
925 708 1031 770 δίσκον

271 809 395 889 μείζονα
414 806 460 872 καὶ
477 807 619 892 πάχετον,
634 809 859 889 στιβαρώτερον
874 810 926 872 οὐκ
945 809 1053 892 ὀλίγον
1068 833 1123 891 περ

272 909 290 990 ἢ
307 914 359 995 οίῳ
376 913 506 990 Φαίηκες
524 915 659 976 ἐδίσκεον
674 911 851 991 ἀλλήλοισι.

272 1017 325 1080 τόν
339 1018 377 1097 ῥα
392 1015 598 1098 περιστρέψας
616 1017 670 1096 ήκε
687 1019 835 1096 στιβαρῆς
851 1015 912 1080 ἀπὸ
927 1017 1037 1098 χειρός,

272 1121 437 1200 βόμβησεν
453 1122 485 1183 δὲ
502 1121 598 1186 λίθος·
631 1118 706 1184 κατὰ
721 1119 746 1182 δ’
758 1118 891 1198 ἔπτηξαν
906 1119 975 1184 ποτὶ
988 1121 1060 1205 γαίῃ
1174 1147 1221 1199 190

273 1225 402 1302 Φαίηκες
418 1222 639 1305 δολιχήρετμοι,
655 1223 848 1288 ναυσίκλυτοι
864 1222 978 1304 ἄνδρες,

272 1331 348 1393 λίνος
363 1329 421 1390 ὑπδ
434 1328 533 1409 ῥιπῆς·
563 1328 579 1388 ὁ
595 1325 619 1390 δ’
638 1325 807 1406 ὑπέρπτατο
824 1325 943 1407 σήματα
957 1324 1078 1392 πάντων

242 1453 243 1456 ’
271 1432 369 1512 ῥίμφα
384 1431 462 1495 θέων
478 1433 537 1494 ἀπδ
552 1431 663 1514 χειρός·
693 1430 783 1507 ἔθηκε
799 1433 830 1494 δὲ
846 1430 964 1511 τέρματ’
979 1430 1091 1509 Ἀθήνη

273 1533 357 1615 ἀνδρὶ
372 1535 463 1611 δέμας
475 1537 580 1611 ἐϊκυῖα,
597 1535 669 1599 ἔπος
684 1533 709 1596 τ’
726 1534 811 1614 ἔφατ’
828 1535 860 1598 ἔκ
875 1533 900 1597 τ’
916 1535 1053 1614 ὀνόμαζε·

316 1643 333 1669 “
342 1639 403 1701 Καί
418 1635 444 1701 κ’
460 1638 553 1702 ἀλαός
571 1663 627 1711 τοι,
644 1636 732 1716 ξεῖνε,
747 1640 908 1718 διακρίνειε
923 1644 957 1701 τδ
973 1642 1056 1718 σῆμα
1174 1664 1221 1715 195

272 1741 453 1822 ἀμφαφόων·
485 1737 550 1806 ἐπεὶ
566 1741 601 1802 οὕ
616 1766 644 1804 τι
658 1740 839 1822 μεμιγμένον
855 1742 939 1804 ἔστὶν
955 1742 1061 1826 ὁμίλῳ,

273 1845 356 1908 ἀλλά
370 1844 449 1908 πολὺ
465 1850 592 1926 πρῶτον·
620 1843 659 1906 σὺ
673 1847 706 1910 δὲ
722 1843 827 1926 θάρσει
843 1846 928 1910 τόνδε
943 1843 971 1927 γ’
987 1845 1108 1909 ἄεθλον·

273 1947 306 2012 οὔ
318 1973 363 2013 τις
378 1947 521 2026 Φαιήκων
537 1949 605 2012 τόδε
619 1947 648 2029 γ’
664 1945 759 2026 ἵξεται
775 1946 837 2012 οὐδ’
852 1946 1024 2030 ὑπερήσει.”

310 2049 372 2117 Ὣς
388 2051 478 2131 φάτο,
494 2049 630 2133 γήθησεν
646 2054 678 2114 δὲ
694 2052 849 2117 πολύτλας
865 2057 927 2118 δῖος
943 2053 1119 2132 Ὀδυσσεύς,

272 2157 386 2238 χαίρων
401 2155 501 2238 οὕνεχ’
513 2159 631 2237 ἑταῖρον
647 2156 736 2235 ἐνηέα
753 2155 861 2220 λεῦσσ’
877 2159 910 2220 ἔν
926 2158 1028 2239 ἀγῶνι.
1173 2183 1221 2219 τοο

274 2256 322 2322 καὶ
338 2261 406 2324 τότε
423 2261 608 2340 κουφότερον
622 2259 794 2340 μετεφόνεε
810 2258 991 2338 Φαιήκεσσι·

316 2369 332 2398 “
342 2367 458 2426 Τοῦτον
474 2368 528 2426 νῦν
543 2363 702 2443 ἀφίκεσθε,
719 2363 791 2428 νέοι·
818 2363 898 2445 τάχα
912 2363 938 2426 δ’
954 2365 1080 2445 ὕστερον
1095 2362 1193 2428 ἄλλον

273 2466 361 2544 ἥσειν
374 2463 393 2543 ή
409 2471 578 2530 τοσσοῦτον
593 2464 694 2546 ὀίομαι
708 2463 733 2544 ἢ
744 2466 788 2529 ἔτι
802 2470 933 2545 μᾶσσον.

272 2575 333 2633 τῶν
349 2569 373 2630 δ’
388 2569 493 2632 ἄλλων
509 2571 594 2633 ὅτινα
610 2571 712 2650 κραδίη
729 2570 820 2648 θυμός
837 2595 869 2632 τε
886 2569 1010 2646 κελειίει,

273 2673 350 2754 δεῦρ’
366 2672 421 2754 ἄγε
437 2671 614 2753 πειρηθήτω,
631 2674 700 2736 ἐπεί
712 2671 742 2751 μ’
758 2672 934 2755 έχολόσατε
948 2673 1028 2752 λίην,
1172 2698 1220 2747 το5

272 2773 290 2855 ἢ
308 2775 368 2854 τάξ
381 2776 416 2855 ἠὲ
432 2777 515 2861 πάλῃ
530 2772 549 2854 ή
566 2777 613 2839 καὶ
630 2775 731 2853 ποσίν,
748 2775 782 2837 οὔ
797 2800 826 2838 τι
841 2776 982 2858 μεγαίρω,

273 2881 393 2945 πάντων
408 2883 551 2958 Φαιήκων
567 2876 649 2957 πλήν
664 2878 691 2961 γ’
708 2879 797 2942 αὐτοῦ
812 2877 1032 2961 Λαοδάμαντος.

273 2983 370 3060 ξεῖνος
388 2982 445 3064 γάρ
459 3009 511 3063 μοι
527 2981 570 3046 ὅδ’
585 2983 660 3045 ἔστί·
691 2982 735 3047 τίς
751 2980 789 3046 ἄν
804 2981 942 3063 φιλέοντι
956 2983 1084 3066 μάχοιτο
1092 3007 1104 3058 ,·

273 3087 378 3167 ἄφρων
394 3086 430 3165 δή
448 3085 544 3152 κεῖνός
560 3111 595 3166 γε
611 3086 660 3148 καὶ
675 3085 828 3150 οὐτιδανὸς
847 3084 931 3149 πέλει
948 3084 1033 3167 ἀνήρ,

273 3191 307 3255 δς
322 3215 366 3256 τις
384 3188 542 3272 ξεινοδόκῳ
559 3188 641 3268 ἔριδα
655 3188 843 3268 προφέρηται
858 3188 977 3254 ἀέθλων
1174 3219 1223 3254 210

274 3292 355 3378 δήμῳ
372 3295 404 3357 ἔν
420 3293 594 3376 ἀλλοδαπῷ·
626 3290 658 3354 έο
674 3289 699 3355 δ’
715 3291 805 3356 αὐτοῦ
819 3291 918 3356 πάντα
933 3293 1062 3358 κολούει.

273 3403 333 3462 τῶν
348 3397 373 3460 δ’
389 3396 493 3460 ἄλλων
509 3395 613 3477 οὗπέρ
628 3395 684 3460 τιν’
699 3396 857 3478 ἀναίνομαι
873 3396 935 3460 οὐδ’
950 3399 1085 3478 ἀθερίζω,

273 3501 343 3566 ἀλλ’
360 3500 454 3563 έθέλω
470 3501 554 3580 ἴδμεν
570 3497 618 3565 καί
634 3497 847 3582 πειρηθήμεναι
863 3500 963 3579 ἄντην.

274 3604 370 3668 πάντα
385 3601 442 3681 γὰρ
459 3603 493 3663 οὐ
510 3605 598 3668 κακός
614 3606 683 3682 είμι,
697 3603 761 3686 μετ’
776 3603 921 3686 ἀνδράσιν
936 3606 1026 3670 ὅσσοι
1041 3605 1155 3670 ἄεθλοι.
1238 3657 1246 3674 .

274 3704 306 3762 εδ
320 3705 377 3776 μὲν
391 3698 480 3772 τόξον
499 3703 564 3764 οἶδα
581 3703 685 3782 ἐΰξοον
700 3706 937 3788 ἀμφαφάασθαι·
1173 3735 1220 3786 2¹5
