2728 4230
486 335 515 400 8.
540 340 709 401 ΙΛΙΑΔΟΣ
733 342 773 400 Θ.
1047 358 1105 422 149

163 512 181 540 “
191 506 273 587 ώμοι,
289 506 403 574 Τυδέος
417 509 463 571 υἱέ
479 505 651 588 δαίφρονος,
668 509 733 573 οίον
749 508 855 576 ἔειπες.

162 612 260 691 εἴπερ
274 609 332 692 γάρ
348 610 377 673 α’
391 609 509 692 Ἕκτωρ
523 637 559 692 γε
575 610 666 674 κακὸν
682 610 730 674 καὶ
745 610 892 675 ἀνάλκιδα
907 608 1010 692 φήσει,

161 710 235 774 ἀλλ’
254 712 288 774 οὔ
302 714 461 777 πείσονται
476 717 577 794 Τρῶες
592 712 642 777 καὶ
659 713 867 794 Δαρδανίωνες

162 816 211 877 καὶ
226 815 337 895 Τρώων
353 815 464 899 ἄλοχοι
478 816 656 899 μεγαθύμων
671 815 858 891 ἀσπιστάων,
1060 843 1105 892 155

161 914 241 980 τόων
256 918 290 980 έν
304 918 424 1004 κονίῃσι
438 917 536 998 βάλες
552 918 697 1001 θαλεροὺς
711 919 923 1000 παρακοίτας.”

197 1017 261 1086 Ὣς
277 1020 334 1102 ἄρα
350 1019 495 1101 φωνήσας
510 1021 618 1104 φύγαδ’
636 1022 745 1102 ἔτραπε
758 1023 898 1106 μώνυχας
913 1027 1021 1088 ἵππους

162 1123 245 1191 αι’ντις
258 1124 303 1188 ἀν’
321 1125 445 1207 ἰωχμόν·
470 1124 520 1188 ἐπὶ
536 1125 569 1188 δέ
583 1125 683 1205 Τρῶές
698 1151 732 1190 τε
746 1127 796 1191 καὶ
807 1124 925 1208 Ἕκτωρ

162 1229 221 1314 ἠχῇ
238 1229 387 1316 θεσπεσίῃ
402 1226 501 1308 βέλεα
516 1231 680 1292 στονόεντα
694 1229 813 1312 χέοντο.

163 1332 203 1414 τῷ
219 1331 245 1394 δ’
262 1333 311 1396 ἐπὶ
326 1331 441 1414 μακρὸν
455 1332 530 1396 ἄϋσε
544 1331 639 1414 μέγας
654 1336 849 1414 κορυθαίολος
861 1331 987 1414 Ἕκτωρ·
1062 1346 1119 1395 160'

164 1434 327 1514 “Τυδείδη,
344 1437 413 1517 περὶ
426 1435 482 1516 μέν
498 1463 535 1501 σε
553 1437 619 1500 τίον
635 1438 751 1500 Δαναοὶ
766 1437 943 1520 ταχύπωλοι

163 1537 233 1624 ἕδρῃ
248 1564 281 1603 τε
296 1539 420 1623 κρέασίν
435 1565 468 1605 τε
483 1542 528 1604 ίδέ
543 1541 660 1606 πλείοις
675 1539 833 1605 δεπάεσσι·

162 1645 215 1704 νῦν
230 1640 264 1705 δέ
279 1641 308 1704 σ’
325 1641 516 1723 ἀτιμήσουσι·
537 1643 677 1726 γυναικὸς
692 1641 737 1726 ἄρ’
754 1645 820 1710 ἀντὶ
834 1641 947 1724 τέτυξο.

163 1744 240 1825 ἔρρε,
256 1746 331 1825 κακή
346 1744 453 1829 γλήνη,
471 1747 537 1810 ἐπεὶ
552 1745 604 1810 ούκ
620 1743 754 1824 εἴξαντος
769 1749 851 1826 ἐμεῖο

162 1853 283 1932 πύργων
297 1847 449 1932 ἡμετέρων
465 1847 638 1928 ἐπιβήσεαι,
656 1850 723 1912 οὐδὲ
736 1855 878 1933 γυναῖκας

163 1949 245 2029 ἄξεις
261 1954 293 2016 ἐν
309 1950 427 2031 νήεσσι·
450 1951 544 2034 πάρος
559 1977 606 2016 τοι
621 1953 747 2032 δαίμονα
761 1950 879 2017 δώσω.”

199 2052 262 2120 *Ως
277 2053 367 2136 φάτο,
382 2052 526 2135 Τυδείδης
541 2056 574 2118 δέ
589 2053 728 2138 διάνδιχα
742 2053 930 2136 μερμήριξεν,

163 2157 271 2223 ίππους
286 2183 321 2222 τε
335 2156 468 2240 στρέψαι
483 2158 535 2222 καὶ,
547 2157 721 2236 ἐναντίβιον
734 2156 939 2240 μαχέσασθαι.

163 2261 225 2341 τρὶς
238 2261 294 2340 μέν
308 2258 469 2342 μερμήριξε
485 2263 559 2324 κατὰ
574 2259 671 2341 φρένα
686 2261 735 2324 καὶ
751 2262 825 2324 κατὰ
840 2262 941 2338 θυμόν,

163 2365 225 2444 τρὶς
239 2364 265 2430 δ’
282 2363 326 2444 ἄρ’
343 2362 394 2428 ἀπ’
410 2364 527 2427 Ἰδαίων
542 2362 635 2447 ἀρέων
651 2363 741 2428 κτύπε
755 2363 880 2444 μητίετα
896 2363 970 2430 Ζεὺς

163 2469 244 2547 σῆμα
259 2467 352 2532 τιθείς
365 2467 515 2547 Τρώεσσι,
530 2464 630 2550 μάχης
645 2465 806 2547 ἑτεραλκέα
821 2466 915 2544 νίκην.

159 2565 275 2650 Ἕκτωρ
290 2571 323 2634 δέ
336 2569 497 2651 Τρώεσσιν
512 2567 651 2634 ἐκέκλετο
665 2568 779 2650 μακρὸν
793 2567 898 2635 ἀθσας·

15 2687 16 2738 3
137 2743 139 2748 ,
163 2679 181 2706 “
190 2677 290 2754 Τρῶες
305 2672 354 2736 καὶ
370 2671 475 2735 Λύκιοι
491 2672 539 2735 καὶ
556 2669 707 2753 Δάρδανοι
722 2673 937 2756 ἀγχιμαχηταί,

163 2775 264 2856 ἀνέρες
280 2776 361 2851 ἐστε,
377 2775 473 2856 φίλοι,
489 2773 649 2854 μνήσασθε
663 2777 696 2838 δὲ
712 2775 846 2857 θούριδος
861 2777 965 2853 άλκῆς.

161 2879 319 2961 γιγνώσκω
335 2878 359 2942 δ’
377 2879 423 2942 ὅτι
437 2903 489 2958 μοι
504 2879 649 2960 πρόφρων
667 2876 827 2942 κατένευσε
842 2880 977 2959 Κρονίων
1092 2940 1099 2952 ,Ἴ

162 2985 246 3062 νίκην
261 2982 310 3045 καὶ
324 2981 403 3064 μέγα
418 2986 512 3059 κῦδος,
529 2983 604 3062 ἀτὰρ
620 2981 773 3044 Δαναοῖσί
784 3008 821 3064 γε
836 2985 929 3062 πῆμα·

162 3085 271 3165 νήπιοι,
289 3084 317 3148 οἳ
336 3085 394 3166 άρα
408 3085 443 3164 δή
460 3083 530 3149 τάδε
544 3086 648 3168 τείχεα
662 3085 858 3167 μηχανόωντο

161 3186 294 3272 ἀβλήχρ’
309 3188 508 3269 οὐδενόσωρα·
531 3190 569 3250 τὰ
583 3185 611 3251 δ’
625 3188 661 3251 οὐ
675 3185 766 3268 μένος
780 3187 857 3266 ἀμὸν
872 3186 978 3268 ἐρύξει·

160 3294 247 3356 ίπποι
265 3295 297 3356 δέ
311 3290 366 3375 ῥέα
380 3290 497 3373 τάφρον
510 3289 741 3372 ὑπερθορέονται
756 3288 891 3372 ὀρυκτήν.

160 3392 229 3454 ἀλλ’
246 3393 296 3456 ὅτε
312 3417 363 3456 κεν
378 3391 414 3470 δὴ
430 3391 537 3470 νηυσὶν
553 3391 603 3454 έπι
617 3391 793 3476 γλαφυρῇσι
807 3389 948 3471 γένωμαι,

158 3494 333 3574 μνημοσύνη
349 3519 395 3560 τις
411 3493 513 3558 ἔπειτα
528 3493 619 3574 πυρὸς
634 3491 732 3572 δηίοιο
750 3491 894 3574 γενέσθω,

159 3596 197 3663 ὥς
213 3597 282 3678 πυρὶ
298 3601 371 3676 νῆας
386 3594 546 3678 ἐνιπρήσω,
564 3597 668 3659 κτείνω
683 3597 716 3658 δέ
732 3597 781 3659 καὶ
796 3596 901 3662 αύτούς

159 3698 329 3789 [Ἀργείους
346 3703 427 3783 παρὰ
441 3702 548 3781 νηυσὶν
563 3697 757 3779 ἀτυζομένους
771 3697 828 3763 ὑπὸ
845 3694 974 3784 καπνοῦ]

987 3696 1006 3724 92

977 3747 984 3762 ι
