2834 4234
478 405 524 453 12.
549 390 784 451 οακνναιλυ
816 391 858 448 M.
1080 401 1141 468 705
1191 399 1196 414 ·

238 563 258 592 “
270 555 358 638 Δεῦρ’
372 556 420 639 ἄγ’
436 558 496 633 ἰόν,
511 557 647 624 πολύαιν’
656 559 797 636 Ὀδυσεῖ),
805 556 883 639 μέγα
900 562 986 624 κῦδος
997 557 1140 642 Ἀχαιῶν,

193 663 249 737 νῆα
264 660 463 738 κατάστησον,
481 663 530 726 ἵνα
546 660 689 742 νωϊτέρην
705 658 754 724 ὄπ’
769 661 908 746 ἀκούσῃς.
1095 678 1140 737 185

193 764 227 827 οά
244 764 301 846 γάρ
317 765 363 828 πιό
380 791 425 831 τις
440 766 510 851 τῇδε
526 764 684 844 παρήλασε
700 764 749 843 νηὶ
765 764 904 850 μελαίνῃ,

195 869 266 950 πρίν
281 868 310 950 γ’
324 867 423 949 ἡμέων
437 870 602 951 μελίγηρυν
618 870 677 932 ἀπὸ
694 867 852 945 στομάτων
868 866 916 930 ὄπ’
934 869 1070 944 ἀκούσω,

192 970 264 1035 ἀλλ’
279 973 297 1034 ό
312 1000 348 1054 γε
366 973 554 1055 τερψάμενος
570 978 663 1036 νεῖται
680 971 729 1036 καὶ
743 972 872 1036 πλείονα
888 974 983 1039 είδός.

193 1077 277 1158 ίδμεν
292 1076 349 1160 γάρ
364 1102 411 1140 τοι
426 1075 514 1142 πάνθ’
532 1077 579 1139 δυ’
596 1074 640 1142 ἑνὶ
656 1079 749 1161 Τροίῃ
767 1076 854 1161 εὐρείι

191 1177 325 1262 Ἀργεῖοι
340 1179 440 1262 Τρῶές
455 1207 488 1245 τε
504 1187 581 1246 θεῶν
597 1182 692 1259 ἰότητι
707 1181 857 1260 μόγησαν·
1053 1235 1054 1238 ,
1094 1209 1143 1256 190.

190 1284 275 1364 ἴδμεν
291 1284 315 1348 δ’
333 1286 416 1349 ὅσσα
432 1285 555 1368 γένηται
570 1284 619 1349 ἐπὶ
633 1280 721 1368 χθονὶ
738 1280 989 1370 πουλυβοτείρῃ.”

229 1385 292 1453 Ὣς
310 1389 416 1470 φάσαν
433 1391 526 1452 ἱεῖσαι
541 1391 601 1452 ὄπα
618 1388 775 1466 κάλλιμον·
800 1389 891 1469 αὐτὰρ
908 1389 980 1466 ἐμὸν
996 1392 1052 1469 κῆρ

192 1489 277 1569 ἤθελ’
293 1493 478 1571 ἀκουέμεναι,
495 1494 589 1556 λῦσαί
602 1490 628 1554 τ’
644 1491 782 1557 ἐκέλευον
799 1493 941 1571 ἑταίρους,

194 1595 305 1676 ὀφρύσι
321 1597 501 1674 νευστάζων·
524 1599 553 1659 οἱ
570 1599 601 1661 δὲ
616 1598 821 1675 προπεσόντες
839 1597 976 1677 ἔρεσσον.

193 1700 296 1763 αὐτίκα
312 1698 338 1763 δ’
355 1699 517 1766 ἀνστάντες
533 1698 705 1782 Περιμήδης
723 1701 894 1782 Εὐρύλοχός
910 1725 943 1765 τε
1043 1757 1046 1760 .
1091 1727 1138 1780 ¹95

193 1804 321 1867 πλείοσί
333 1803 364 1881 μ’
381 1806 415 1868 ἓν
430 1809 571 1883 δεσμοῖσι
587 1803 655 1869 δέον
668 1806 789 1882 μᾶλλόν
804 1829 837 1866 τε
852 1804 964 1881 πίεζον.

191 1906 282 1987 αύτάρ
298 1905 363 1970 ἐπεὶ
380 1907 416 1986 δὴ
432 1907 485 1973 τάς
501 1934 537 1990 γε
554 1905 746 1988 παρήλασαν,
763 1906 824 1970 οὐδ’
840 1904 881 1968 ἔτ’
898 1907 1000 1970 ἔπειτα

191 2013 330 2092 φθόγγον
346 2009 497 2092 Σειρήνων
511 2011 656 2088 ἠκούομεν
672 2010 740 2074 ούδέ
753 2008 778 2070 τ’
796 2009 909 2089 ἀοιδήν,

191 2112 259 2195 αἶψ’
275 2114 336 2178 ἀπὸ
353 2121 442 2196 κηρδν
459 2115 565 2177 ἕλοντο
582 2111 647 2194 ἐμοὶ
660 2115 773 2195 ἐρίηρες
789 2117 912 2194 ἑταῖροι,

190 2219 225 2281 ὅν
241 2225 318 2299 σφιν
330 2219 377 2281 ἐπ’
393 2216 467 2282 ὠσὶν
483 2215 599 2298 ἄλειψ’,
616 2216 668 2294 ἐμέ
683 2215 709 2280 τ’
727 2218 760 2280 ἐκ
775 2222 895 2294 δεσμῶν
912 2215 1074 2282 ἀνέλυσαν.
1090 2247 1139 2280 200

233 2319 322 2384 Ἀλλ’
339 2322 390 2386 ότε
406 2323 442 2400 δὴ
459 2322 513 2401 τήν
529 2324 622 2398 νῆσον
639 2322 809 2400 ἐλείπομεν,
826 2319 916 2384 αὐτίκ’
934 2321 1036 2384 ἔπειτα

191 2430 304 2490 καπνὸν
320 2428 369 2489 καὶ
383 2425 461 2508 μέγα
478 2430 554 2504 κῦμα
570 2429 635 2490 ίδον
651 2427 699 2488 καὶ
714 2429 824 2489 δοῦπον
840 2425 965 2488 άκουσο·

190 2535 249 2592 τῶν
266 2527 291 2592 δ’
306 2528 363 2611 ἀρα
379 2530 545 2593 δεισάντων
561 2533 593 2594 ἔκ
609 2535 719 2612 χειρῶν
737 2527 838 2592 ἔπτατ’
856 2527 972 2610 ἐρετμά,

193 2633 360 2712 βόμβησαν
376 2634 402 2697 δ’
417 2633 475 2715 ἀρα
490 2634 588 2697 πάντα
605 2633 678 2698 κατὰ
692 2633 771 2716 ῥόον·
796 2634 906 2716 ἔσχετο
923 2631 949 2696 δ’
966 2633 1056 2696 αὐτοῦ

192 2741 272 2816 νηῦς,
289 2735 353 2801 ἐπεὶ
369 2734 463 2800 οὐκέτ’
476 2737 584 2819 έρετμὰ
599 2736 731 2818 προήκεα
745 2735 853 2820 χερσὶν
869 2736 998 2819 ἔπειγον.
1091 2764 1138 2812 205

194 2839 286 2922 αύτδρ
302 2843 367 2923 ἐγὼ
378 2840 426 2905 διὰ
442 2841 513 2919 νηὸς
530 2843 584 2905 ἰὼν
600 2842 730 2922 ὤτρυνον
747 2843 879 2921 ἑταίρους

188 2945 349 3028 μειλιχίοις
367 2944 493 3008 έπέεσσι
509 2945 704 3024 παρασταδὸν
720 2945 813 3025 ἀνδρα
828 2943 965 3008 ἕκαστον·

232 3047 303 3110 “Ὤ
318 3050 417 3130 φίλοι,
435 3049 468 3112 οὐ
483 3047 541 3130 γάρ
557 3052 603 3111 πό
619 3073 648 3111 τι
665 3055 763 3114 κακῶν
778 3046 945 3126 ἀδαήμονές
961 3051 1052 3125 εἶμεν·

191 3151 226 3215 ού
240 3155 296 3230 μὲν
314 3153 349 3232 δή
366 3153 434 3216 τόδε
448 3153 552 3230 μεῖζον
569 3152 618 3216 ἔπι
635 3157 725 3216 κακὸν
739 3149 758 3230 ἢ
774 3153 826 3215 ότε
842 3152 979 3234 Κύκλωψ

192 3259 268 3320 είλει
285 3253 329 3320 ένλ
346 3261 421 3335 σπῆϊ
437 3256 585 3340 γλαφυρῷ
601 3259 764 3338 κρατερῆφι
779 3259 900 3338 βίηφιν·
1090 3285 1139 3320 210

189 3358 271 3423 ἀλλά
287 3362 335 3424 καὶ
352 3360 439 3426 ἔνθεν
454 3361 508 3445 ἐμῇ
526 3361 615 3444 ἀρετῇ
630 3361 730 3446 βουλῇ
746 3385 779 3424 τε
794 3363 854 3445 νόῳ
870 3387 903 3425 τε

191 3464 369 3545 ἐκφύγομεν,
387 3466 440 3528 καί
453 3490 511 3528 που
526 3469 621 3528 τῶνδε
636 3462 807 3544 μνήσεσθαι
822 3463 886 3528 ὀίω.

191 3573 244 3633 νῖν
261 3567 287 3631 δ’
304 3567 397 3651 ἄγεθ’,
413 3567 452 3634 ὦς
467 3567 504 3632 ἀν
521 3569 600 3651 ἔγιδν
616 3571 700 3646 εἴπω,
712 3570 883 3647 πειθόμεθα
898 3568 1019 3636 πάντες.

190 3674 274 3752 ὑμεῖς
289 3672 344 3752 μὲν
361 3672 498 3758 κάπῃσιν
513 3675 587 3738 ἀλδς
598 3674 727 3754 ῥηγμῖνα
740 3676 869 3752 βαθεῖαν

190 3776 314 3840 τύπτετε
331 3773 510 3854 κληίδεσσιν
527 3775 683 3857 ἐφήμενοι,
700 3775 734 3840 αί
749 3774 782 3839 κέ
796 3779 868 3840 ποθι
885 3777 960 3843 Ζεὺς
1094 3804 1138 3852 215

611 3895 635 3943 A
658 3903 678 3945 a
