2834 4234
486 361 536 431 15.
570 349 805 412 οοςνςοιλν
834 351 871 411 ο.
1094 331 1153 424 τιν’

205 519 287 582 ἀλλά
303 519 342 582 σύ
357 515 385 600 γ’
403 518 501 582 έλθδν
516 518 604 585 αὐτὸς
620 517 815 600 ἐπιτρέψειας
830 517 943 581 έκαστα

204 622 330 706 δμιράων
344 622 364 701 ἥ
379 623 424 688 τίς
439 648 486 685 τοι
502 623 610 704 ἀρίστη
627 621 767 704 φαίνεται
784 621 871 696 εἶναι,

206 727 249 791 είς
264 727 281 788 ὅ
297 724 330 789 κέ
345 752 392 790 τοι
407 725 528 807 φήνωσι
545 727 610 790 θεοὶ
625 725 732 807 κυδρὴν
747 724 932 806 παράκοιτιν.

204 828 283 894 ἀλλο
299 830 333 895 δέ
346 831 396 894 τοί
409 855 438 893 τι
454 830 526 896 ἔπος
542 828 624 911 ἐρέω,
643 829 681 892 σὺ
696 833 729 892 δὲ
746 827 855 892 σύνθεο
870 825 961 910 θυμῷ.

201 933 379 1014 μνηστήρων
395 934 424 996 σ’
440 934 577 1013 ἔπιτηδές
592 934 731 1014 ἀριστῆες
746 932 901 1014 λοχόωσιν

203 1038 237 1100 έν
251 1040 375 1122 πορθμῷ
390 1037 509 1116 Ἰθάκης
525 1061 558 1100 τε
574 1037 689 1116 Σάμοιό
706 1062 739 1100 τε
754 1033 993 1112 παιπαλοέσσης,

205 1138 316 1220 ἱέμενοι
331 1145 453 1217 κτεῖναι,
470 1138 541 1222 πρὶν
555 1144 684 1222 πατρίδα
698 1146 788 1223 γαῖαν
804 1138 933 1203 ἱκέσθαι.
1120 1161 1153 1210 30

204 1243 287 1306 ἀλλὰ
301 1243 339 1307 τά
352 1244 382 1325 γ’
398 1245 449 1308 οὐκ
465 1244 528 1308 ὀίω·
558 1243 629 1324 πρὶν
643 1246 694 1309 καί
708 1269 774 1308 τινα
788 1247 863 1325 γαῖο
878 1239 998 1319 καθέξει

203 1347 318 1427 ἀνδρῶν
332 1347 519 1429 μνηστήρων,
539 1351 570 1411 οἵ
583 1374 629 1411 τοι
644 1348 750 1428 βίοτον
766 1346 949 1410 κατέδουσιν.

203 1448 287 1514 ἀλλά
302 1449 370 1518 ἔκάς
386 1450 486 1530 νήσων
502 1451 629 1534 ἀπέχειν
645 1451 769 1532 εὐεργέα
784 1453 848 1528 νῆα,

204 1554 285 1617 νυκτὶ
300 1554 326 1618 δ’
342 1556 421 1635 ἀμῶς
435 1555 562 1619 πλείειν·
592 1556 707 1637 πέμψει
723 1554 756 1619 δέ
770 1579 817 1618 τοι
832 1553 919 1634 οὖρον
935 1553 1063 1614 ὄπισθεν

203 1656 361 1723 ἀθανάτων
375 1659 408 1725 ἀς
423 1660 467 1724 τίς
482 1684 519 1723 σε
534 1657 691 1740 φυλάσσει
707 1684 739 1723 τε
753 1658 857 1742 ῥύεταί
870 1683 911 1721 τε.
1121 1680 1151 1730 35

203 1761 295 1842 αὐτὰρ
311 1762 386 1842 έπὴν
402 1763 520 1843 πράτην
536 1763 628 1841 ἀκτὴν
641 1761 760 1841 Ἰθάκης
776 1763 911 1842 ἀφίκηαι,

203 1869 260 1944 νῆα
274 1868 330 1944 μὲν
345 1869 376 1931 ἔς
392 1868 484 1931 πόλιν
500 1868 621 1946 ὀτρῦναι
637 1869 686 1929 καὶ
704 1865 820 1931 πάντας
835 1865 977 1944 ἑταίρους,

203 1967 292 2036 αὐτὸς
308 1972 341 2032 δὲ
358 1969 511 2049 πράτιστα
527 1971 668 2048 συβώτην
684 1967 909 2049 εἰσαφικέσθαι,

203 2073 236 2138 ὅς
251 2096 298 2135 τοι
312 2073 372 2136 ύῶν
389 2073 536 2152 ἔπίουρος,
550 2074 629 2152 ὁμῶς
645 2072 679 2136 δέ
692 2097 740 2135 τοι
755 2070 830 2150 ήπια
845 2070 934 2135 οἶδεν.

203 2175 275 2240 ἔνθα
293 2177 326 2238 δὲ
341 2175 420 2239 νύκτ’
436 2174 536 2239 ἀέσαι·
566 2181 620 2240 τὸν
635 2175 660 2239 δ’
676 2177 796 2257 ὀτρῦναι
812 2175 903 2238 πόλιν
918 2175 992 2238 εἵσω
1118 2201 1152 2250 40

202 2279 349 2360 ἀγγελίην
364 2281 486 2358 ἔρέοντα
500 2281 660 2361 περίφρονι
675 2279 880 2364 Πηνελοπείῃ,

204 2381 311 2446 οὕνεκά
325 2385 355 2446 οἱ
371 2389 433 2448 σῶς
449 2384 522 2446 ἔσσι
538 2383 587 2446 καὶ
603 2385 636 2446 ἔκ
652 2383 758 2447 Πύλου
775 2377 984 2460 είλήλουθας.”

245 2486 286 2548 Ἡ
301 2489 357 2565 μὲν
373 2487 418 2569 ἀρ’
434 2488 473 2553 ὣς
490 2488 607 2552 είποΰσ’
622 2486 723 2568 ἀπέβη
741 2486 815 2567 πρὸς
829 2491 941 2567 μακρὸν
952 2483 1121 2566 Ὄλυμπον,

203 2588 294 2671 αι’ντάρ
309 2592 326 2653 ἀ
342 2593 530 2673 Νεστορίδην
546 2590 583 2670 ἔξ
593 2590 682 2669 ήδέος
696 2593 790 2655 ύπνου
808 2590 906 2672 ἔγειρε

201 2692 265 2773 λάξ
277 2691 347 2758 ποδὶ
363 2693 498 2773 κινήσας,
515 2695 567 2758 καί
579 2720 631 2773 μιν
645 2694 719 2776 πρὸς
734 2699 830 2774 μῦθον
845 2694 953 2757 ἔειπεν·
1117 2718 1149 2770 45

202 2805 219 2832 “
230 2798 326 2879 ἔγρεο,
343 2798 512 2879 Νεστορίδη
532 2800 745 2880 Πεισίστρατε,
763 2797 903 2879 μώνυχας
922 2798 1030 2863 ἵππους

203 2899 304 2979 ζεῦξον
318 2901 371 2982 ὑφ’
388 2900 492 2980 ἅρματ’
507 2900 597 2983 ἀγων,
614 2905 695 2984 ὄφρα
710 2901 894 2984 πρήσσωμεν
911 2900 1020 2965 ἀδοῖο.”

243 3010 306 3071 Τὸν
321 3005 346 3070 δ’
365 3006 402 3068 αδ
417 3007 601 3086 Νεστορίδης
616 3008 838 3086 Πεισίστρατος
854 3005 956 3070 ἀντίον
970 3005 1054 3082 ηύδα·

201 3112 217 3140 “
227 3107 391 3194 Τηλέμαχ’,
409 3109 443 3172 ού
459 3135 523 3175 πως
541 3109 626 3174 ἔστιν
641 3110 852 3192 ἔπειγομένονς
867 3134 923 3190 περ
938 3111 1019 3172 ὁδοῖο

203 3212 292 3276 νύκτα
307 3216 356 3276 διὰ
372 3213 523 3294 δνοφερὴν
538 3212 642 3277 ἔλάαν·
672 3212 751 3295 τάχα
766 3214 791 3277 δ’
808 3213 933 3277 ἔσσεται
948 3212 1016 3292 ἠύς.
1117 3241 1149 3291 50

203 3318 285 3379 ἀλλά
297 3315 362 3397 μέν’
378 3319 420 3383 είς
435 3318 453 3379 ὅ
468 3343 501 3381 κε
517 3322 598 3398 δῶρα
613 3315 711 3398 φέρων
727 3318 884 3398 ἐπιδίφρια
899 3315 957 3403 θήῃ

201 3419 279 3501 ἥρως
294 3419 457 3501 Ἀτρείδης,
473 3421 674 3502 δουρικλειτὸς
689 3420 858 3498 Μενέλαος,

203 3521 251 3587 καὶ
264 3524 369 3604 μύθοις
384 3526 524 3607 ἀγανοῖσι
539 3524 734 3608 παραυδήσας
749 3525 926 3612 ἀποπέμψῃ.

202 3633 253 3691 τοῦ
268 3628 325 3711 γάρ
340 3653 372 3692 τε
388 3626 484 3707 ξείνας
498 3627 697 3709 μιμνήσκεται
711 3627 810 3708 ήματα
825 3627 924 3694 πάντα

201 3731 308 3815 ἀνδρὸς
323 3729 501 3810 ξεινοδόκου,
517 3734 550 3800 ἀς
566 3758 617 3798 κεν
631 3733 783 3814 φιλότητα
799 3729 968 3820 παράσχῃ.”
1114 3757 1146 3807 55

624 3838 683 3902 Bb
700 3851 720 3922 5
