<?xml version="1.0" encoding="UTF-8"?>
<!DOCTYPE html PUBLIC "-//W3C//DTD XHTML 1.0 Transitional//EN"
    "http://www.w3.org/TR/xhtml1/DTD/xhtml1-transitional.dtd">
<html xmlns="http://www.w3.org/1999/xhtml" xml:lang="en" lang="en">
 <head>
  <title>
</title>
<meta http-equiv="Content-Type" content="text/html;charset=utf-8" />
  <meta name='ocr-system' content='tesseract 3.04.00' />
  <meta name='ocr-capabilities' content='ocr_page ocr_carea ocr_par ocr_line ocrx_word'/>
</head>
<body>
  <div class='ocr_page' id='page_1' title='image "./homerioperaetre00homegoog_0106.png"; bbox 0 0 2728 4230; ppageno 0'>
   <div class='ocr_carea' id='block_1_1' title="bbox 266 332 879 412">
    <p class='ocr_par' dir='ltr' id='par_1_1' title="bbox 266 332 879 412">
     <span class='ocr_line' id='line_1_1' title="bbox 266 332 879 412; baseline 0.007 -22"><span class='ocrx_word' id='word_1_1' title='bbox 266 345 308 409; x_wconf 65' lang='grc' dir='ltr'>μ</span> <span class='ocrx_word' id='word_1_2' title='bbox 596 332 879 412; x_wconf 44' lang='lat' dir='ltr'>&amp;mma</span> 
     </span>
    </p>
   </div>
   <div class='ocr_carea' id='block_1_2' title="bbox 262 495 1207 1919">
    <p class='ocr_par' dir='ltr' id='par_1_2' title="bbox 265 495 1064 581">
     <span class='ocr_line' id='line_1_2' title="bbox 265 495 1064 581; baseline 0.003 -21"><span class='ocrx_word' id='word_1_3' title='bbox 265 496 337 560; x_wconf 77' lang='grc' dir='ltr'>ἀλλ’</span> <span class='ocrx_word' id='word_1_4' title='bbox 353 498 408 579; x_wconf 85' lang='grc' dir='ltr'>άγε</span> <span class='ocrx_word' id='word_1_5' title='bbox 422 497 459 577; x_wconf 79' lang='grc' dir='ltr'>δή</span> <span class='ocrx_word' id='word_1_6' title='bbox 475 495 625 581; x_wconf 75' lang='grc' dir='ltr'>χαζώμεθ’</span> <span class='ocrx_word' id='word_1_7' title='bbox 642 496 692 579; x_wconf 77' lang='grc' dir='ltr'>ἐφ’</span> <span class='ocrx_word' id='word_1_8' title='bbox 708 500 816 578; x_wconf 84' lang='grc' dir='ltr'>ἵππων,</span> <span class='ocrx_word' id='word_1_9' title='bbox 830 497 906 578; x_wconf 87' lang='grc' dir='ltr'>μηδέ</span> <span class='ocrx_word' id='word_1_10' title='bbox 920 525 972 578; x_wconf 91' lang='grc' dir='ltr'>μοι</span> <span class='ocrx_word' id='word_1_11' title='bbox 988 500 1064 563; x_wconf 74' lang='grc' dir='ltr'>οὕτω</span> 
     </span>
    </p>

    <p class='ocr_par' dir='ltr' id='par_1_3' title="bbox 265 599 1207 786">
     <span class='ocr_line' id='line_1_3' title="bbox 265 599 1207 689; baseline 0.004 -25"><span class='ocrx_word' id='word_1_12' title='bbox 265 607 334 666; x_wconf 83' lang='grc' dir='ltr'>θῦνε</span> <span class='ocrx_word' id='word_1_13' title='bbox 349 601 398 665; x_wconf 85' lang='grc' dir='ltr'>διὰ</span> <span class='ocrx_word' id='word_1_14' title='bbox 413 601 586 685; x_wconf 73' lang='grc' dir='ltr'>προμάχων,</span> <span class='ocrx_word' id='word_1_15' title='bbox 602 599 643 680; x_wconf 86' lang='grc' dir='ltr'>μή</span> <span class='ocrx_word' id='word_1_16' title='bbox 659 625 723 668; x_wconf 88' lang='grc' dir='ltr'>πως</span> <span class='ocrx_word' id='word_1_17' title='bbox 737 604 833 683; x_wconf 86' lang='grc' dir='ltr'>φίλον</span> <span class='ocrx_word' id='word_1_18' title='bbox 847 601 919 683; x_wconf 87' lang='grc' dir='ltr'>ήτορ</span> <span class='ocrx_word' id='word_1_19' title='bbox 935 601 1097 689; x_wconf 81' lang='grc' dir='ltr'>ἀλέσσης.”</span> <span class='ocrx_word' id='word_1_20' title='bbox 1157 631 1207 681; x_wconf 78' lang='grc' dir='ltr'>ι5ο</span> 
     </span>
     <span class='ocr_line' id='line_1_4' title="bbox 306 701 1180 786; baseline 0.007 -19"><span class='ocrx_word' id='word_1_21' title='bbox 306 704 368 768; x_wconf 87' lang='grc' dir='ltr'>Τὸν</span> <span class='ocrx_word' id='word_1_22' title='bbox 383 701 409 768; x_wconf 88' lang='grc' dir='ltr'>δ’</span> <span class='ocrx_word' id='word_1_23' title='bbox 424 701 471 786; x_wconf 85' lang='grc' dir='ltr'>ἀρ’</span> <span class='ocrx_word' id='word_1_24' title='bbox 486 706 601 786; x_wconf 80' lang='grc' dir='ltr'>ὑπόδρα</span> <span class='ocrx_word' id='word_1_25' title='bbox 616 705 688 768; x_wconf 79' lang='grc' dir='ltr'>ίδὸν</span> <span class='ocrx_word' id='word_1_26' title='bbox 702 703 843 786; x_wconf 76' lang='grc' dir='ltr'>προσέφη</span> <span class='ocrx_word' id='word_1_27' title='bbox 860 704 1000 786; x_wconf 84' lang='grc' dir='ltr'>κρατερὸς</span> <span class='ocrx_word' id='word_1_28' title='bbox 1016 704 1180 785; x_wconf 78' lang='grc' dir='ltr'>Διομήδης·</span> 
     </span>
    </p>

    <p class='ocr_par' dir='ltr' id='par_1_4' title="bbox 265 803 1122 889">
     <span class='ocr_line' id='line_1_5' title="bbox 265 803 1122 889; baseline 0.004 -21"><span class='ocrx_word' id='word_1_29' title='bbox 265 816 284 842; x_wconf 88' lang='grc'><strong>“</strong></span> <span class='ocrx_word' id='word_1_30' title='bbox 292 804 333 884; x_wconf 91' lang='grc' dir='ltr'>μή</span> <span class='ocrx_word' id='word_1_31' title='bbox 348 831 377 869; x_wconf 89' lang='grc' dir='ltr'>τι</span> <span class='ocrx_word' id='word_1_32' title='bbox 393 804 523 887; x_wconf 92' lang='grc' dir='ltr'>φόβονδ’</span> <span class='ocrx_word' id='word_1_33' title='bbox 539 803 665 889; x_wconf 83' lang='grc' dir='ltr'>ἀγόρευ’,</span> <span class='ocrx_word' id='word_1_34' title='bbox 683 807 749 870; x_wconf 77' lang='grc' dir='ltr'>ἐπεὶ</span> <span class='ocrx_word' id='word_1_35' title='bbox 764 807 834 872; x_wconf 81' lang='grc' dir='ltr'>οάδέ</span> <span class='ocrx_word' id='word_1_36' title='bbox 848 833 886 872; x_wconf 90' lang='grc' dir='ltr'>σε</span> <span class='ocrx_word' id='word_1_37' title='bbox 900 806 1044 887; x_wconf 72' lang='grc' dir='ltr'>πεισέμεν</span> <span class='ocrx_word' id='word_1_38' title='bbox 1059 810 1122 871; x_wconf 84' lang='grc' dir='ltr'>οἴω.</span> 
     </span>
    </p>

    <p class='ocr_par' dir='ltr' id='par_1_5' title="bbox 265 907 977 992">
     <span class='ocr_line' id='line_1_6' title="bbox 265 907 977 992; baseline 0.004 -21"><span class='ocrx_word' id='word_1_39' title='bbox 265 909 299 972; x_wconf 86' lang='grc' dir='ltr'>οὐ</span> <span class='ocrx_word' id='word_1_40' title='bbox 314 907 371 991; x_wconf 87' lang='grc' dir='ltr'>γάρ</span> <span class='ocrx_word' id='word_1_41' title='bbox 384 935 436 988; x_wconf 90' lang='grc' dir='ltr'>μοι</span> <span class='ocrx_word' id='word_1_42' title='bbox 451 914 591 992; x_wconf 86' lang='grc' dir='ltr'>γενναῖον</span> <span class='ocrx_word' id='word_1_43' title='bbox 607 907 808 986; x_wconf 75' lang='grc' dir='ltr'>ἀλυσκάζοντι</span> <span class='ocrx_word' id='word_1_44' title='bbox 823 909 977 992; x_wconf 89' lang='grc' dir='ltr'>μάχεσθαι</span> 
     </span>
    </p>

    <p class='ocr_par' dir='ltr' id='par_1_6' title="bbox 265 1013 1083 1094">
     <span class='ocr_line' id='line_1_7' title="bbox 265 1013 1083 1094; baseline 0.002 -18"><span class='ocrx_word' id='word_1_45' title='bbox 265 1014 332 1077; x_wconf 80' lang='grc' dir='ltr'>οὐδὲ</span> <span class='ocrx_word' id='word_1_46' title='bbox 347 1014 585 1080; x_wconf 76' lang='grc' dir='ltr'>καταπτώσσειν·</span> <span class='ocrx_word' id='word_1_47' title='bbox 610 1014 655 1078; x_wconf 88' lang='grc' dir='ltr'>έτι</span> <span class='ocrx_word' id='word_1_48' title='bbox 669 1039 720 1092; x_wconf 89' lang='grc' dir='ltr'>μοι</span> <span class='ocrx_word' id='word_1_49' title='bbox 734 1013 827 1093; x_wconf 88' lang='grc' dir='ltr'>μένος</span> <span class='ocrx_word' id='word_1_50' title='bbox 843 1014 974 1094; x_wconf 79' lang='grc' dir='ltr'>ἔμπεδόν</span> <span class='ocrx_word' id='word_1_51' title='bbox 989 1016 1083 1078; x_wconf 80' lang='grc' dir='ltr'>ἐστιν·</span> 
     </span>
    </p>

    <p class='ocr_par' dir='ltr' id='par_1_7' title="bbox 264 1115 1206 1197">
     <span class='ocr_line' id='line_1_8' title="bbox 264 1115 1206 1197; baseline 0 -17"><span class='ocrx_word' id='word_1_52' title='bbox 264 1118 368 1182; x_wconf 83' lang='grc' dir='ltr'>ὀκνείω</span> <span class='ocrx_word' id='word_1_53' title='bbox 384 1115 411 1181; x_wconf 87' lang='grc' dir='ltr'>δ’</span> <span class='ocrx_word' id='word_1_54' title='bbox 426 1119 527 1182; x_wconf 86' lang='grc' dir='ltr'>ἵππων</span> <span class='ocrx_word' id='word_1_55' title='bbox 542 1115 746 1197; x_wconf 89' lang='grc' dir='ltr'>ἐπιβαινέμεν,</span> <span class='ocrx_word' id='word_1_56' title='bbox 763 1116 845 1180; x_wconf 83' lang='grc' dir='ltr'>ἀλλά</span> <span class='ocrx_word' id='word_1_57' title='bbox 859 1117 910 1182; x_wconf 82' lang='grc' dir='ltr'>καὶ</span> <span class='ocrx_word' id='word_1_58' title='bbox 926 1117 1020 1184; x_wconf 87' lang='grc' dir='ltr'>αύτως</span> <span class='ocrx_word' id='word_1_59' title='bbox 1158 1143 1206 1194; x_wconf 75' lang='grc' dir='ltr'>ι55</span> 
     </span>
    </p>

    <p class='ocr_par' dir='ltr' id='par_1_8' title="bbox 264 1215 1114 1303">
     <span class='ocr_line' id='line_1_9' title="bbox 264 1215 1114 1303; baseline 0.001 -21"><span class='ocrx_word' id='word_1_60' title='bbox 264 1219 366 1284; x_wconf 89' lang='grc' dir='ltr'>ἀντίον</span> <span class='ocrx_word' id='word_1_61' title='bbox 382 1215 440 1297; x_wconf 84' lang='grc' dir='ltr'>εἶμ’</span> <span class='ocrx_word' id='word_1_62' title='bbox 456 1218 561 1282; x_wconf 83' lang='grc' dir='ltr'>αὐτῶν·</span> <span class='ocrx_word' id='word_1_63' title='bbox 585 1223 665 1296; x_wconf 82' lang='grc' dir='ltr'>τρεῖν</span> <span class='ocrx_word' id='word_1_64' title='bbox 678 1215 709 1297; x_wconf 91' lang='grc' dir='ltr'>μ’</span> <span class='ocrx_word' id='word_1_65' title='bbox 725 1218 778 1282; x_wconf 81' lang='grc' dir='ltr'>οάκ</span> <span class='ocrx_word' id='word_1_66' title='bbox 794 1219 829 1303; x_wconf 79' lang='grc' dir='ltr'>ἐᾷ</span> <span class='ocrx_word' id='word_1_67' title='bbox 846 1218 976 1286; x_wconf 83' lang='grc' dir='ltr'>Παλλὰς</span> <span class='ocrx_word' id='word_1_68' title='bbox 993 1217 1114 1297; x_wconf 82' lang='grc' dir='ltr'>Ἀθήνη.</span> 
     </span>
    </p>

    <p class='ocr_par' dir='ltr' id='par_1_9' title="bbox 264 1319 1044 1390">
     <span class='ocr_line' id='line_1_10' title="bbox 264 1319 1044 1390; baseline 0.001 -4"><span class='ocrx_word' id='word_1_69' title='bbox 264 1323 357 1386; x_wconf 92' lang='grc' dir='ltr'>τούτω</span> <span class='ocrx_word' id='word_1_70' title='bbox 373 1319 399 1384; x_wconf 86' lang='grc' dir='ltr'>δ’</span> <span class='ocrx_word' id='word_1_71' title='bbox 415 1321 449 1384; x_wconf 86' lang='grc' dir='ltr'>οὐ</span> <span class='ocrx_word' id='word_1_72' title='bbox 464 1319 558 1385; x_wconf 90' lang='grc' dir='ltr'>πάλιν</span> <span class='ocrx_word' id='word_1_73' title='bbox 573 1321 655 1388; x_wconf 77' lang='grc' dir='ltr'>αὖτις</span> <span class='ocrx_word' id='word_1_74' title='bbox 671 1323 835 1388; x_wconf 79' lang='grc' dir='ltr'>ἀποίσετον</span> <span class='ocrx_word' id='word_1_75' title='bbox 849 1321 941 1390; x_wconf 75' lang='grc' dir='ltr'>ὠκέες</span> <span class='ocrx_word' id='word_1_76' title='bbox 956 1325 1044 1388; x_wconf 88' lang='grc' dir='ltr'>ἵπποι</span> 
     </span>
    </p>

    <p class='ocr_par' dir='ltr' id='par_1_10' title="bbox 264 1423 1045 1510">
     <span class='ocr_line' id='line_1_11' title="bbox 264 1423 1045 1510; baseline 0.004 -23"><span class='ocrx_word' id='word_1_77' title='bbox 264 1426 354 1506; x_wconf 88' lang='grc' dir='ltr'>άμφω</span> <span class='ocrx_word' id='word_1_78' title='bbox 371 1423 423 1505; x_wconf 88' lang='grc' dir='ltr'>ἀφ’</span> <span class='ocrx_word' id='word_1_79' title='bbox 439 1423 561 1504; x_wconf 80' lang='grc' dir='ltr'>ἡμείων,</span> <span class='ocrx_word' id='word_1_80' title='bbox 577 1427 607 1489; x_wconf 89' lang='grc' dir='ltr'>εἵ</span> <span class='ocrx_word' id='word_1_81' title='bbox 619 1423 647 1506; x_wconf 88' lang='grc' dir='ltr'>γ’</span> <span class='ocrx_word' id='word_1_82' title='bbox 665 1425 718 1489; x_wconf 79' lang='grc' dir='ltr'>οὖν</span> <span class='ocrx_word' id='word_1_83' title='bbox 734 1425 834 1507; x_wconf 86' lang='grc' dir='ltr'>έτερός</span> <span class='ocrx_word' id='word_1_84' title='bbox 849 1451 886 1508; x_wconf 88' lang='grc' dir='ltr'>γε</span> <span class='ocrx_word' id='word_1_85' title='bbox 900 1425 1045 1510; x_wconf 75' lang='grc' dir='ltr'>φύγῃσιν.</span> 
     </span>
    </p>

    <p class='ocr_par' dir='ltr' id='par_1_11' title="bbox 264 1524 1074 1616">
     <span class='ocr_line' id='line_1_12' title="bbox 264 1524 1074 1616; baseline 0.002 -25"><span class='ocrx_word' id='word_1_86' title='bbox 264 1529 343 1591; x_wconf 91' lang='grc' dir='ltr'>ἀλλο</span> <span class='ocrx_word' id='word_1_87' title='bbox 358 1525 392 1590; x_wconf 90' lang='grc' dir='ltr'>δέ</span> <span class='ocrx_word' id='word_1_88' title='bbox 405 1551 453 1590; x_wconf 90' lang='grc' dir='ltr'>τοι</span> <span class='ocrx_word' id='word_1_89' title='bbox 468 1525 552 1608; x_wconf 88' lang='grc' dir='ltr'>ἐρέω,</span> <span class='ocrx_word' id='word_1_90' title='bbox 569 1526 608 1591; x_wconf 81' lang='grc' dir='ltr'>σδ</span> <span class='ocrx_word' id='word_1_91' title='bbox 622 1524 649 1591; x_wconf 84' lang='grc' dir='ltr'>δ’</span> <span class='ocrx_word' id='word_1_92' title='bbox 665 1529 710 1591; x_wconf 84' lang='grc' dir='ltr'>ἐνὶ</span> <span class='ocrx_word' id='word_1_93' title='bbox 726 1529 819 1609; x_wconf 82' lang='grc' dir='ltr'>φρεσὶ</span> <span class='ocrx_word' id='word_1_94' title='bbox 833 1527 955 1607; x_wconf 79' lang='grc' dir='ltr'>βάλλεο</span> <span class='ocrx_word' id='word_1_95' title='bbox 970 1530 1074 1616; x_wconf 76' lang='grc' dir='ltr'>σῇσιν·</span> 
     </span>
    </p>

    <p class='ocr_par' dir='ltr' id='par_1_12' title="bbox 264 1627 1206 1717">
     <span class='ocr_line' id='line_1_13' title="bbox 264 1627 1206 1717; baseline -0.003 -22"><span class='ocrx_word' id='word_1_96' title='bbox 264 1633 298 1696; x_wconf 90' lang='grc' dir='ltr'>αἵ</span> <span class='ocrx_word' id='word_1_97' title='bbox 311 1628 363 1696; x_wconf 90' lang='grc' dir='ltr'>κέν</span> <span class='ocrx_word' id='word_1_98' title='bbox 376 1656 428 1710; x_wconf 90' lang='grc' dir='ltr'>μοι</span> <span class='ocrx_word' id='word_1_99' title='bbox 444 1630 638 1711; x_wconf 81' lang='grc' dir='ltr'>πολύβουλος</span> <span class='ocrx_word' id='word_1_100' title='bbox 654 1627 765 1710; x_wconf 85' lang='grc' dir='ltr'>Ἀθήνη</span> <span class='ocrx_word' id='word_1_101' title='bbox 783 1635 869 1698; x_wconf 82' lang='grc' dir='ltr'>κῦδος</span> <span class='ocrx_word' id='word_1_102' title='bbox 884 1629 973 1717; x_wconf 79' lang='grc' dir='ltr'>όρέξη</span> <span class='ocrx_word' id='word_1_103' title='bbox 1157 1641 1206 1693; x_wconf 79' lang='lat'>260</span> 
     </span>
    </p>

    <p class='ocr_par' dir='ltr' id='par_1_13' title="bbox 263 1732 1090 1816">
     <span class='ocr_line' id='line_1_14' title="bbox 263 1732 1090 1816; baseline 0 -17"><span class='ocrx_word' id='word_1_104' title='bbox 263 1733 422 1816; x_wconf 87' lang='grc' dir='ltr'>ἀμφοτέρω</span> <span class='ocrx_word' id='word_1_105' title='bbox 439 1738 558 1812; x_wconf 78' lang='grc' dir='ltr'>κτεῖναι,</span> <span class='ocrx_word' id='word_1_106' title='bbox 574 1732 613 1796; x_wconf 82' lang='grc' dir='ltr'>σδ</span> <span class='ocrx_word' id='word_1_107' title='bbox 627 1737 662 1798; x_wconf 74' lang='grc' dir='ltr'>δὲ</span> <span class='ocrx_word' id='word_1_108' title='bbox 677 1732 785 1798; x_wconf 87' lang='grc' dir='ltr'>τούσδε</span> <span class='ocrx_word' id='word_1_109' title='bbox 797 1735 856 1812; x_wconf 75' lang='grc' dir='ltr'>μὲν</span> <span class='ocrx_word' id='word_1_110' title='bbox 870 1732 965 1800; x_wconf 76' lang='grc' dir='ltr'>ὠκέας</span> <span class='ocrx_word' id='word_1_111' title='bbox 978 1733 1090 1799; x_wconf 86' lang='grc' dir='ltr'>ἵππους</span> 
     </span>
    </p>

    <p class='ocr_par' dir='ltr' id='par_1_14' title="bbox 262 1834 935 1919">
     <span class='ocr_line' id='line_1_15' title="bbox 262 1834 935 1919; baseline 0.001 -18"><span class='ocrx_word' id='word_1_112' title='bbox 262 1839 352 1902; x_wconf 83' lang='grc' dir='ltr'>αὐτοῦ</span> <span class='ocrx_word' id='word_1_113' title='bbox 368 1835 537 1919; x_wconf 83' lang='grc' dir='ltr'>ἐρυκακέειν</span> <span class='ocrx_word' id='word_1_114' title='bbox 553 1834 589 1915; x_wconf 80' lang='grc' dir='ltr'>ἐξ</span> <span class='ocrx_word' id='word_1_115' title='bbox 602 1836 729 1919; x_wconf 78' lang='grc' dir='ltr'>ἄντυγος</span> <span class='ocrx_word' id='word_1_116' title='bbox 743 1835 814 1914; x_wconf 81' lang='grc' dir='ltr'>ἡνία</span> <span class='ocrx_word' id='word_1_117' title='bbox 828 1837 935 1916; x_wconf 87' lang='grc' dir='ltr'>τείνας,</span> 
     </span>
    </p>
   </div>
   <div class='ocr_carea' id='block_1_3' title="bbox 167 1938 887 2020">
    <p class='ocr_par' dir='ltr' id='par_1_15' title="bbox 167 1938 887 2020">
     <span class='ocr_line' id='line_1_16' title="bbox 167 1938 887 2020; baseline -0.003 -14"><span class='ocrx_word' id='word_1_118' title='bbox 167 2008 170 2016; x_wconf 72' lang='grc'>,</span> <span class='ocrx_word' id='word_1_119' title='bbox 263 1943 386 2007; x_wconf 80' lang='grc' dir='ltr'>Αἰνείαο</span> <span class='ocrx_word' id='word_1_120' title='bbox 400 1940 425 2005; x_wconf 87' lang='grc' dir='ltr'>δ’</span> <span class='ocrx_word' id='word_1_121' title='bbox 442 1938 563 2019; x_wconf 65' lang='grc' dir='ltr'>ἐπαΐξαι</span> <span class='ocrx_word' id='word_1_122' title='bbox 578 1939 763 2020; x_wconf 88' lang='grc' dir='ltr'>μεμνημένος</span> <span class='ocrx_word' id='word_1_123' title='bbox 777 1941 887 2013; x_wconf 88' lang='grc' dir='ltr'>ἵππων,</span> 
     </span>
    </p>
   </div>
   <div class='ocr_carea' id='block_1_4' title="bbox 261 2027 1205 3780">
    <p class='ocr_par' dir='ltr' id='par_1_16' title="bbox 261 2027 1205 3780">
     <span class='ocr_line' id='line_1_17' title="bbox 262 2027 1028 2126; baseline 0.001 -17"><span class='ocrx_word' id='word_1_124' title='bbox 262 2027 336 2110; x_wconf 69' lang='grc' dir='ltr'>ἐκ’δ’</span> <span class='ocrx_word' id='word_1_125' title='bbox 353 2042 464 2108; x_wconf 78' lang='grc' dir='ltr'>ἐλάσαι</span> <span class='ocrx_word' id='word_1_126' title='bbox 478 2043 590 2124; x_wconf 88' lang='grc' dir='ltr'>Τρώων</span> <span class='ocrx_word' id='word_1_127' title='bbox 603 2041 668 2121; x_wconf 88' lang='grc' dir='ltr'>μετ’</span> <span class='ocrx_word' id='word_1_128' title='bbox 683 2041 862 2123; x_wconf 80' lang='grc' dir='ltr'>ἐϋκνήμιδας</span> <span class='ocrx_word' id='word_1_129' title='bbox 878 2038 1028 2126; x_wconf 88' lang='grc' dir='ltr'>Ἀχαιούς.</span> 
     </span>
     <span class='ocr_line' id='line_1_18' title="bbox 262 2144 1205 2231; baseline -0.006 -18"><span class='ocrx_word' id='word_1_130' title='bbox 262 2154 315 2228; x_wconf 81' lang='grc' dir='ltr'>τῆς</span> <span class='ocrx_word' id='word_1_131' title='bbox 328 2147 386 2231; x_wconf 92' lang='grc' dir='ltr'>γάρ</span> <span class='ocrx_word' id='word_1_132' title='bbox 402 2172 447 2211; x_wconf 91' lang='grc' dir='ltr'>τοι</span> <span class='ocrx_word' id='word_1_133' title='bbox 462 2149 577 2229; x_wconf 81' lang='grc' dir='ltr'>γενεῆς,</span> <span class='ocrx_word' id='word_1_134' title='bbox 593 2145 629 2226; x_wconf 83' lang='grc' dir='ltr'>ής</span> <span class='ocrx_word' id='word_1_135' title='bbox 642 2145 726 2228; x_wconf 80' lang='grc' dir='ltr'>Τρωί</span> <span class='ocrx_word' id='word_1_136' title='bbox 739 2172 796 2228; x_wconf 91' lang='grc' dir='ltr'>περ</span> <span class='ocrx_word' id='word_1_137' title='bbox 811 2145 941 2227; x_wconf 80' lang='grc' dir='ltr'>εύρύοπα</span> <span class='ocrx_word' id='word_1_138' title='bbox 957 2144 1032 2212; x_wconf 79' lang='grc' dir='ltr'>Ζεὺς</span> <span class='ocrx_word' id='word_1_139' title='bbox 1156 2157 1205 2222; x_wconf 80' lang='lat'>²⁶5</span> 
     </span>
     <span class='ocr_line' id='line_1_19' title="bbox 262 2246 997 2334; baseline -0.003 -18"><span class='ocrx_word' id='word_1_140' title='bbox 262 2253 334 2334; x_wconf 83' lang='grc' dir='ltr'>δῶχ’</span> <span class='ocrx_word' id='word_1_141' title='bbox 346 2254 410 2317; x_wconf 83' lang='grc' dir='ltr'>υίος</span> <span class='ocrx_word' id='word_1_142' title='bbox 425 2250 533 2330; x_wconf 75' lang='grc' dir='ltr'>ποινήν</span> <span class='ocrx_word' id='word_1_143' title='bbox 548 2248 746 2329; x_wconf 82' lang='grc' dir='ltr'>Γανυμήδεος,</span> <span class='ocrx_word' id='word_1_144' title='bbox 764 2246 861 2316; x_wconf 80' lang='grc' dir='ltr'>οὕνεκ’</span> <span class='ocrx_word' id='word_1_145' title='bbox 877 2249 997 2329; x_wconf 75' lang='grc' dir='ltr'>ἄριστοι</span> 
     </span>
     <span class='ocr_line' id='line_1_20' title="bbox 262 2351 925 2432; baseline -0.011 -11"><span class='ocrx_word' id='word_1_146' title='bbox 262 2359 371 2428; x_wconf 85' lang='grc' dir='ltr'>ἵππων,</span> <span class='ocrx_word' id='word_1_147' title='bbox 388 2355 479 2417; x_wconf 89' lang='grc' dir='ltr'>όσσοι</span> <span class='ocrx_word' id='word_1_148' title='bbox 495 2354 582 2416; x_wconf 82' lang='grc' dir='ltr'>ἔασιν</span> <span class='ocrx_word' id='word_1_149' title='bbox 596 2353 644 2416; x_wconf 76' lang='grc' dir='ltr'>ὑπ’</span> <span class='ocrx_word' id='word_1_150' title='bbox 661 2353 705 2432; x_wconf 84' lang='grc' dir='ltr'><strong><em>ήῶ</em></strong></span> <span class='ocrx_word' id='word_1_151' title='bbox 721 2351 745 2413; x_wconf 82' lang='grc' dir='ltr'>τ’</span> <span class='ocrx_word' id='word_1_152' title='bbox 755 2351 868 2430; x_wconf 80' lang='grc' dir='ltr'>Ιἠέλιόν</span> <span class='ocrx_word' id='word_1_153' title='bbox 882 2376 925 2430; x_wconf 90' lang='grc' dir='ltr'>τε,</span> 
     </span>
     <span class='ocr_line' id='line_1_21' title="bbox 262 2453 975 2540; baseline -0.011 -14"><span class='ocrx_word' id='word_1_154' title='bbox 262 2463 314 2537; x_wconf 81' lang='grc' dir='ltr'>τῆς</span> <span class='ocrx_word' id='word_1_155' title='bbox 328 2461 434 2540; x_wconf 84' lang='grc' dir='ltr'>γενεῆς</span> <span class='ocrx_word' id='word_1_156' title='bbox 449 2458 581 2537; x_wconf 70' lang='grc' dir='ltr'>ἔκλεψεν</span> <span class='ocrx_word' id='word_1_157' title='bbox 596 2454 675 2536; x_wconf 78' lang='grc' dir='ltr'>ἄναξ</span> <span class='ocrx_word' id='word_1_158' title='bbox 688 2457 803 2536; x_wconf 81' lang='grc' dir='ltr'>ἀνδρῶν</span> <span class='ocrx_word' id='word_1_159' title='bbox 816 2453 975 2536; x_wconf 84' lang='grc' dir='ltr'>Ἀγχίσης,</span> 
     </span>
     <span class='ocr_line' id='line_1_22' title="bbox 261 2556 1003 2647; baseline -0.003 -22"><span class='ocrx_word' id='word_1_160' title='bbox 261 2562 358 2647; x_wconf 80' lang='grc' dir='ltr'>λάθρῃ</span> <span class='ocrx_word' id='word_1_161' title='bbox 374 2559 581 2639; x_wconf 87' lang='grc' dir='ltr'>Λαομέδοντος</span> <span class='ocrx_word' id='word_1_162' title='bbox 595 2559 741 2641; x_wconf 73' lang='grc' dir='ltr'>ὑποσχών</span> <span class='ocrx_word' id='word_1_163' title='bbox 756 2556 868 2637; x_wconf 85' lang='grc' dir='ltr'>θήλεας</span> <span class='ocrx_word' id='word_1_164' title='bbox 882 2559 1003 2623; x_wconf 79' lang='grc' dir='ltr'>ἵππους·</span> 
     </span>
     <span class='ocr_line' id='line_1_23' title="bbox 263 2659 1205 2745; baseline -0.007 -17"><span class='ocrx_word' id='word_1_165' title='bbox 263 2672 322 2730; x_wconf 78' lang='grc' dir='ltr'>τῶν</span> <span class='ocrx_word' id='word_1_166' title='bbox 337 2666 366 2728; x_wconf 89' lang='grc' dir='ltr'>οἵ</span> <span class='ocrx_word' id='word_1_167' title='bbox 381 2662 418 2743; x_wconf 76' lang='grc' dir='ltr'>ἐξ</span> <span class='ocrx_word' id='word_1_168' title='bbox 430 2661 571 2745; x_wconf 88' lang='grc' dir='ltr'>ἐγένοντο</span> <span class='ocrx_word' id='word_1_169' title='bbox 586 2663 631 2726; x_wconf 83' lang='grc' dir='ltr'>ἐνὶ</span> <span class='ocrx_word' id='word_1_170' title='bbox 644 2661 807 2744; x_wconf 87' lang='grc' dir='ltr'>μεγάροισι</span> <span class='ocrx_word' id='word_1_171' title='bbox 821 2659 963 2743; x_wconf 85' lang='grc' dir='ltr'>γενέθλη.</span> <span class='ocrx_word' id='word_1_172' title='bbox 1155 2683 1205 2737; x_wconf 80' lang='lat'>²70</span> 
     </span>
     <span class='ocr_line' id='line_1_24' title="bbox 262 2762 1112 2850; baseline -0.008 -18"><span class='ocrx_word' id='word_1_173' title='bbox 262 2769 331 2835; x_wconf 83' lang='grc' dir='ltr'>τοὺς</span> <span class='ocrx_word' id='word_1_174' title='bbox 344 2771 400 2846; x_wconf 84' lang='grc' dir='ltr'>μὲν</span> <span class='ocrx_word' id='word_1_175' title='bbox 414 2765 566 2848; x_wconf 91' lang='grc' dir='ltr'>τέσσαρας</span> <span class='ocrx_word' id='word_1_176' title='bbox 582 2764 670 2831; x_wconf 84' lang='grc' dir='ltr'>αύτδς</span> <span class='ocrx_word' id='word_1_177' title='bbox 685 2764 765 2847; x_wconf 86' lang='grc' dir='ltr'>έχων</span> <span class='ocrx_word' id='word_1_178' title='bbox 781 2762 917 2828; x_wconf 85' lang='grc' dir='ltr'>ἀτίταλλ’</span> <span class='ocrx_word' id='word_1_179' title='bbox 934 2764 985 2828; x_wconf 75' lang='grc' dir='ltr'>ἐπὶ</span> <span class='ocrx_word' id='word_1_180' title='bbox 1001 2762 1112 2850; x_wconf 80' lang='grc' dir='ltr'>φάτνῃ,</span> 
     </span>
     <span class='ocr_line' id='line_1_25' title="bbox 263 2866 949 2954; baseline -0.01 -18"><span class='ocrx_word' id='word_1_181' title='bbox 263 2873 303 2936; x_wconf 79' lang='grc' dir='ltr'>τὸ</span> <span class='ocrx_word' id='word_1_182' title='bbox 319 2874 351 2936; x_wconf 77' lang='grc' dir='ltr'>δὲ</span> <span class='ocrx_word' id='word_1_183' title='bbox 367 2870 414 2934; x_wconf 87' lang='grc' dir='ltr'>δύ’</span> <span class='ocrx_word' id='word_1_184' title='bbox 433 2871 536 2954; x_wconf 74' lang='grc' dir='ltr'>Αἰνείᾳ</span> <span class='ocrx_word' id='word_1_185' title='bbox 551 2875 654 2941; x_wconf 81' lang='grc' dir='ltr'>δῶκεν,</span> <span class='ocrx_word' id='word_1_186' title='bbox 668 2866 809 2948; x_wconf 87' lang='grc' dir='ltr'>μήστωρε</span> <span class='ocrx_word' id='word_1_187' title='bbox 824 2866 949 2948; x_wconf 81' lang='grc' dir='ltr'>φόβοιο.</span> 
     </span>
     <span class='ocr_line' id='line_1_26' title="bbox 263 2965 1095 3053; baseline -0.01 -13"><span class='ocrx_word' id='word_1_188' title='bbox 263 2979 289 3040; x_wconf 84' lang='grc' dir='ltr'>εί</span> <span class='ocrx_word' id='word_1_189' title='bbox 305 2974 398 3038; x_wconf 92' lang='grc' dir='ltr'>τούτω</span> <span class='ocrx_word' id='word_1_190' title='bbox 414 2998 447 3037; x_wconf 99' lang='grc' dir='ltr'>κε</span> <span class='ocrx_word' id='word_1_191' title='bbox 461 2971 621 3053; x_wconf 85' lang='grc' dir='ltr'>λάβοιμεν,</span> <span class='ocrx_word' id='word_1_192' title='bbox 637 2969 780 3051; x_wconf 87' lang='grc' dir='ltr'>ἀροίμεθά</span> <span class='ocrx_word' id='word_1_193' title='bbox 795 2995 830 3035; x_wconf 89' lang='grc' dir='ltr'>κε</span> <span class='ocrx_word' id='word_1_194' title='bbox 845 2969 933 3036; x_wconf 85' lang='grc' dir='ltr'>κλέος</span> <span class='ocrx_word' id='word_1_195' title='bbox 946 2965 1095 3033; x_wconf 84' lang='grc' dir='ltr'>ἐσθλόν.”</span> 
     </span>
     <span class='ocr_line' id='line_1_27' title="bbox 299 3069 1041 3155; baseline -0.005 -15"><span class='ocrx_word' id='word_1_196' title='bbox 299 3077 362 3144; x_wconf 81' lang='grc' dir='ltr'>Ὣς</span> <span class='ocrx_word' id='word_1_197' title='bbox 377 3078 406 3140; x_wconf 89' lang='grc' dir='ltr'>οἵ</span> <span class='ocrx_word' id='word_1_198' title='bbox 420 3077 476 3155; x_wconf 83' lang='grc' dir='ltr'>μέν</span> <span class='ocrx_word' id='word_1_199' title='bbox 489 3080 611 3140; x_wconf 80' lang='grc' dir='ltr'>τοιαῦτα</span> <span class='ocrx_word' id='word_1_200' title='bbox 626 3073 700 3154; x_wconf 83' lang='grc' dir='ltr'>πρὸς</span> <span class='ocrx_word' id='word_1_201' title='bbox 718 3069 871 3152; x_wconf 84' lang='grc' dir='ltr'>ἀλλήλους</span> <span class='ocrx_word' id='word_1_202' title='bbox 886 3073 1041 3155; x_wconf 88' lang='grc' dir='ltr'>ἀγόρευον,</span> 
     </span>
     <span class='ocr_line' id='line_1_28' title="bbox 264 3174 1202 3262; baseline -0.013 -16"><span class='ocrx_word' id='word_1_203' title='bbox 264 3183 303 3246; x_wconf 78' lang='grc' dir='ltr'>τὸ</span> <span class='ocrx_word' id='word_1_204' title='bbox 319 3183 352 3245; x_wconf 82' lang='grc' dir='ltr'>δὲ</span> <span class='ocrx_word' id='word_1_205' title='bbox 366 3176 435 3262; x_wconf 89' lang='grc' dir='ltr'>τάχ’</span> <span class='ocrx_word' id='word_1_206' title='bbox 451 3178 577 3261; x_wconf 86' lang='grc' dir='ltr'>ἐγγύθεν</span> <span class='ocrx_word' id='word_1_207' title='bbox 592 3176 687 3256; x_wconf 86' lang='grc' dir='ltr'>ήλθον</span> <span class='ocrx_word' id='word_1_208' title='bbox 702 3174 855 3242; x_wconf 83' lang='grc' dir='ltr'>ἐλαύνοντ’</span> <span class='ocrx_word' id='word_1_209' title='bbox 872 3174 967 3240; x_wconf 77' lang='grc' dir='ltr'>ὠκέας</span> <span class='ocrx_word' id='word_1_210' title='bbox 979 3176 1099 3244; x_wconf 83' lang='grc' dir='ltr'>ἵππους.</span> <span class='ocrx_word' id='word_1_211' title='bbox 1155 3197 1202 3250; x_wconf 79' lang='lat'>²7⁵</span> 
     </span>
     <span class='ocr_line' id='line_1_29' title="bbox 264 3277 1035 3365; baseline -0.009 -15"><span class='ocrx_word' id='word_1_212' title='bbox 264 3286 316 3350; x_wconf 84' lang='grc' dir='ltr'>τὸν</span> <span class='ocrx_word' id='word_1_213' title='bbox 330 3284 472 3365; x_wconf 90' lang='grc' dir='ltr'>πρότερος</span> <span class='ocrx_word' id='word_1_214' title='bbox 486 3280 650 3362; x_wconf 87' lang='grc' dir='ltr'>προσέειπε</span> <span class='ocrx_word' id='word_1_215' title='bbox 664 3277 818 3345; x_wconf 90' lang='grc' dir='ltr'>Λυκάονος</span> <span class='ocrx_word' id='word_1_216' title='bbox 834 3278 947 3361; x_wconf 82' lang='grc' dir='ltr'>ἀγλαὸς</span> <span class='ocrx_word' id='word_1_217' title='bbox 961 3278 1035 3343; x_wconf 87' lang='grc' dir='ltr'>υἵός·</span> 
     </span>
     <span class='ocr_line' id='line_1_30' title="bbox 265 3381 978 3470; baseline -0.011 -17"><span class='ocrx_word' id='word_1_218' title='bbox 265 3397 283 3426; x_wconf 93' lang='lat'>“</span> <span class='ocrx_word' id='word_1_219' title='bbox 293 3387 500 3470; x_wconf 84' lang='grc' dir='ltr'>καρτερόθυμε,</span> <span class='ocrx_word' id='word_1_220' title='bbox 515 3383 653 3466; x_wconf 79' lang='grc' dir='ltr'>δαΐφρον,</span> <span class='ocrx_word' id='word_1_221' title='bbox 670 3385 782 3465; x_wconf 86' lang='grc' dir='ltr'>ἀγαυοῦ</span> <span class='ocrx_word' id='word_1_222' title='bbox 795 3381 908 3450; x_wconf 88' lang='grc' dir='ltr'>Τυδέος</span> <span class='ocrx_word' id='word_1_223' title='bbox 921 3381 978 3458; x_wconf 88' lang='grc' dir='ltr'>υίέ,</span> 
     </span>
     <span class='ocr_line' id='line_1_31' title="bbox 264 3482 1115 3573; baseline -0.008 -18"><span class='ocrx_word' id='word_1_224' title='bbox 264 3493 283 3573; x_wconf 83' lang='grc' dir='ltr'>ή</span> <span class='ocrx_word' id='word_1_225' title='bbox 297 3488 380 3568; x_wconf 87' lang='grc' dir='ltr'>μάλα</span> <span class='ocrx_word' id='word_1_226' title='bbox 396 3488 424 3552; x_wconf 89' lang='grc' dir='ltr'>σ’</span> <span class='ocrx_word' id='word_1_227' title='bbox 441 3488 477 3552; x_wconf 84' lang='grc' dir='ltr'>ού</span> <span class='ocrx_word' id='word_1_228' title='bbox 490 3486 587 3567; x_wconf 89' lang='grc' dir='ltr'>βέλος</span> <span class='ocrx_word' id='word_1_229' title='bbox 601 3485 661 3550; x_wconf 58' lang='lat' dir='ltr'>‹bxi›</span> <span class='ocrx_word' id='word_1_230' title='bbox 676 3483 866 3564; x_wconf 87' lang='grc' dir='ltr'>δαμάσσατο,</span> <span class='ocrx_word' id='word_1_231' title='bbox 882 3482 988 3564; x_wconf 80' lang='grc' dir='ltr'>πικρός</span> <span class='ocrx_word' id='word_1_232' title='bbox 1002 3483 1115 3548; x_wconf 82' lang='grc' dir='ltr'>όϊστός·</span> 
     </span>
     <span class='ocr_line' id='line_1_32' title="bbox 264 3584 977 3677; baseline -0.017 -16"><span class='ocrx_word' id='word_1_233' title='bbox 264 3601 316 3662; x_wconf 84' lang='grc' dir='ltr'>νῦν</span> <span class='ocrx_word' id='word_1_234' title='bbox 331 3592 392 3656; x_wconf 75' lang='grc' dir='ltr'>αὕτ’</span> <span class='ocrx_word' id='word_1_235' title='bbox 409 3592 514 3677; x_wconf 78' lang='grc' dir='ltr'>ἐγχείῃ</span> <span class='ocrx_word' id='word_1_236' title='bbox 530 3588 720 3670; x_wconf 90' lang='grc' dir='ltr'>πειρήσομαι,</span> <span class='ocrx_word' id='word_1_237' title='bbox 735 3589 769 3653; x_wconf 87' lang='grc' dir='ltr'>αἵ</span> <span class='ocrx_word' id='word_1_238' title='bbox 781 3612 815 3653; x_wconf 92' lang='grc' dir='ltr'>κε</span> <span class='ocrx_word' id='word_1_239' title='bbox 829 3584 977 3670; x_wconf 84' lang='grc' dir='ltr'>τύχωμι.”</span> 
     </span>
     <span class='ocr_line' id='line_1_33' title="bbox 302 3689 1203 3780; baseline -0.011 -20"><span class='ocrx_word' id='word_1_240' title='bbox 302 3696 347 3760; x_wconf 89' lang='grc' dir='ltr'><strong><em>Ἦ</em></strong></span> <span class='ocrx_word' id='word_1_241' title='bbox 361 3698 409 3780; x_wconf 86' lang='grc' dir='ltr'>ῥα,</span> <span class='ocrx_word' id='word_1_242' title='bbox 426 3695 475 3758; x_wconf 85' lang='grc' dir='ltr'>καὶ</span> <span class='ocrx_word' id='word_1_243' title='bbox 489 3693 677 3772; x_wconf 71' lang='grc' dir='ltr'>ἀμπεπαλὼν</span> <span class='ocrx_word' id='word_1_244' title='bbox 691 3689 790 3772; x_wconf 79' lang='grc' dir='ltr'>προίει</span> <span class='ocrx_word' id='word_1_245' title='bbox 805 3691 1003 3774; x_wconf 89' lang='grc' dir='ltr'>δολιχόσκιον</span> <span class='ocrx_word' id='word_1_246' title='bbox 1018 3689 1109 3772; x_wconf 84' lang='grc' dir='ltr'>έγχος</span> <span class='ocrx_word' id='word_1_247' title='bbox 1155 3701 1203 3750; x_wconf 80' lang='grc' dir='ltr'>ι8ο</span> 
     </span>
    </p>
   </div>
   <div class='ocr_carea' id='block_1_5' title="bbox 0 0 1368 4230">
    <p class='ocr_par' dir='ltr' id='par_1_17' title="bbox 0 0 1368 4230">
     <span class='ocr_line' id='line_1_34' title="bbox 0 0 1368 4230; baseline 0 0"><span class='ocrx_word' id='word_1_248' title='bbox 0 0 1368 4230; x_wconf 95' lang='lat' dir='ltr'> </span> 
     </span>
    </p>
   </div>
  </div>
 </body>
</html>
