2758 4228
480 326 546 385 Em
570 326 818 389 AHMHTPAN.
1059 344 1123 410 9¹3

212 491 276 560 Ὣς
291 492 379 576 φάτο,
395 494 450 574 τὴν
465 493 491 556 δ’
504 491 711 576 Ὑπεριονίδης
729 495 871 574 ἠμείβετο
886 495 978 582 μύθῳ·

174 597 272 678 Ῥείης
287 597 418 679 ἠϋκόμου
434 597 574 680 θυγάτηρ,
595 596 733 679 Δήμητερ
748 598 879 673 άνασσα,
1092 623 1122 674 75

176 699 317 779 εἰδήσεις·
340 702 376 781 δή
396 704 453 784 γὰρ
466 700 546 782 μέγα
561 700 669 783 ἅζομαι
684 702 730 782 ἠδ’
745 701 872 782 ἐλεαίρω

175 810 344 894 ἀχνυμένην
358 812 426 892 περὶ
442 809 526 875 παιδὶ
541 813 731 898 τανυσφύρῳ·
755 809 824 876 ούδέ
838 836 884 877 τις
899 811 994 877 ἄλλος

175 916 270 980 αἰτιος
284 913 451 992 ἇθανάτων,
467 915 494 978 εἰ
508 913 550 993 μή
567 915 791 997 νεφεληγερέτα
807 913 892 993 Ζεύς,

176 1018 211 1083 ός
223 1043 275 1096 μιν
291 1016 376 1082 ἔδωκ’
390 1015 476 1103 Ἀίδῃ
492 1017 624 1099 θαλερήν
640 1021 807 1096 κεκλῆσθαι
821 1017 937 1082 ἄκοιτιν

176 1119 428 1202 αὐτοκασιγνήτῳ·
447 1122 464 1183 ὁ
479 1120 505 1185 δ’
519 1122 579 1185 ὑπὸ
595 1122 690 1203 ζόφον
703 1122 847 1203 ἠερόεντα

176 1222 312 1304 ἁρπάξας
328 1225 469 1289 ἵπποισιν
483 1222 557 1306 άγεν
570 1222 692 1308 μεγάλα
707 1223 864 1307 ἰάχουσαν.

176 1327 267 1405 άλλά,
283 1326 346 1406 θεά,
362 1327 512 1392 κατάπαυε
527 1326 624 1410 μέγαν
638 1330 722 1410 γόον·
745 1327 814 1392 οὐδέ
829 1352 857 1391 τι
874 1329 911 1390 σὲ
924 1325 983 1409 χρὴ

175 1431 246 1512 μὰψ
261 1430 356 1496 οὕτως
370 1429 506 1509 ἄπλητον
521 1430 605 1514 ἔχειν
618 1431 724 1514 χόλον·
749 1431 784 1494 ού
798 1456 844 1494 τοι
863 1430 965 1508 άεικής

175 1541 314 1616 γαμβρὸς
330 1536 363 1601 έν
377 1535 539 1601 ἀθανάτοις
553 1535 796 1617 πολυσημάντωρ
811 1535 981 1612 Ἀϊδωνεύς,

176 1637 428 1721 αὐτοκασίγνητος
444 1639 492 1702 καὶ
507 1640 688 1720 ὁμόσπορος·
712 1641 791 1721 ἀμφὶ
806 1643 839 1704 δὲ
855 1638 945 1719 τιμὴν

178 1741 312 1824 ἔλλαχεν
327 1741 367 1806 ὣς
382 1744 420 1804 τίι
434 1747 538 1824 πρῶτα
553 1741 693 1826 διάτριχα
708 1742 823 1821 δασμὸς
839 1743 959 1824 ἐτύχθη,

177 1849 238 1910 τοῖς
253 1843 460 1925 μεταναιετάει
474 1851 534 1910 τῶν
548 1845 664 1927 ἔλλαχε
680 1843 819 1925 κοίρανος
835 1843 921 1908 εῖναι.

213 1945 277 2012 Ὣς
293 1948 386 2012 εἰπὼν
400 1949 542 2011 ῖπποισιν
556 1945 706 2023 ἐκέκλετο,
722 1945 767 2011 τοί
784 1945 810 2010 δ’
824 1946 874 2012 ὑπ’
889 1947 1023 2024 ὀμοκλῆς

175 2050 262 2133 ῥίμφ’
277 2051 388 2132 ἔφερον
403 2054 474 2114 θοδν
489 2049 578 2132 άρμα,
597 2051 773 2132 τανύπτεροι
788 2051 828 2116 ὥς
844 2049 868 2113 τ’
885 2051 995 2114 οἰωνοί·

176 2155 233 2233 τήν
247 2154 274 2218 δ’
288 2155 362 2238 ἄχος
376 2154 531 2234 αἰνότερον
547 2151 596 2217 καὶ
613 2155 752 2235 κύντερον
767 2156 846 2218 ἰκετο
862 2153 964 2230 θυμόν.

176 2256 337 2340 χωσαμένη
352 2259 389 2336 δή
404 2258 508 2321 ἔπειτα
524 2257 698 2339 κελαινεφέι·
714 2248 861 2338 Κρονίωνι

177 2365 384 2442 νοσφισθεῖσα
399 2366 476 2426 θεῶν
495 2361 608 2444 ἀγορὴν
624 2357 673 2424 καί
686 2366 801 2442 μακρὸν
813 2357 974 2438 Ὄλυμπον

178 2463 266 2550 ᾤχετ’
281 2465 328 2528 ἐπ’
344 2465 510 2545 άνθρότων
523 2466 635 2531 πόλιας
651 2466 701 2528 καὶ
715 2465 806 2528 πίονα
822 2464 907 2546 ἔργα,

177 2569 256 2634 εῖδος
272 2567 488 2649 ἀμαλδύνουσα
503 2568 601 2632 πολὺν
615 2569 736 2651 χρόνον·
760 2565 829 2631 οὐδέ
844 2592 890 2632 τις
905 2567 1021 2648 ἀνδρῶν

178 2673 323 2752 εἰσορόων
339 2673 491 2754 γίγνωσκε
505 2671 689 2751 βαθυζώνων
704 2695 738 2734 τε
751 2677 913 2752 γυναικῶν,

177 2777 248 2856 πρίν
261 2775 291 2857 γ’
306 2776 358 2838 ότε
372 2778 408 2854 δή
424 2779 551 2840 Κελεοῖο
567 2773 730 2856 δαΐφρονος
744 2776 826 2838 ῖκετο
842 2778 934 2851 δῶμα,

178 2877 211 2944 ὃς
225 2878 285 2941 τότ’
300 2879 477 2944 Ἐλευσῖνος
494 2876 645 2957 θυοέσσης
661 2880 797 2960 κοίρανος
814 2876 876 2955 ἠεν.

178 2982 260 3059 ἕζετο
274 2983 301 3046 δ’
317 2983 405 3065 ἔγγὺς
421 2985 503 3046 ὁδοῖο
518 2983 612 3063 φίλον
630 2980 786 3059 τετιημένη
802 2981 882 3060 ἠτορ,

178 3087 337 3172 Παρθενίῳ
351 3085 468 3167 φρέατι,
485 3086 556 3150 ὅθεν
569 3087 729 3166 ὑδρεύοντο
744 3089 876 3160 πολῖται,

179 3193 212 3255 έν
227 3189 306 3277 σκιῇ,
323 3190 415 3270 αὐτὰρ
430 3191 541 3269 ὕπερθε
556 3187 685 3268 πεφύκει
701 3186 808 3266 θάμνος
827 3188 943 3267 έλαίης,
1077 3214 1127 3251 τοο

178 3292 249 3375 γρηί
262 3293 442 3374 παλαιγενέϊ
457 3291 637 3374 ἐναλίγκιος,
653 3291 673 3370 ή
687 3317 721 3355 τε
738 3291 838 3355 τόκοιο

179 3396 311 3478 εἰργηται
330 3397 432 3478 δούρων
446 3420 479 3460 τε
496 3393 730 3476 φιλοστεφάνου
744 3394 935 3476 Ἀφροδίτης,

179 3499 239 3562 οἶαί
252 3523 285 3562 τε
300 3502 410 3581 τροφοί
424 3501 485 3563 εἰσι
502 3499 732 3580 θεμιστοπόλων
747 3495 910 3579 βασιλήων

180 3603 295 3668 παίδων
310 3605 359 3667 καὶ
374 3605 475 3683 ταμίαι
492 3602 567 3667 κατὰ
582 3603 704 3683 δόματα
719 3600 860 3685 ἠχήεντα

418 3725 449 3787 87
465 3721 623 3786 μετάνοίεται,
633 3723 678 3784 Μ;
694 3721 791 3774 emend.
804 3721 884 3786 llgen.
