2834 4234
490 375 538 436 14.
561 359 795 420 ΟΔΎΣΣΕΙΑΣ
819 357 856 422 Ξ.
1088 373 1147 438 741

201 523 275 609 ήμὶν
291 528 319 592 οἳ
335 529 480 613 ἄχνυνται
496 529 550 609 δὴν
566 529 737 613 οἰχομένοιο
752 529 888 607 ἄνακτος,

201 633 245 712 ἠδ’
262 632 290 697 οί
304 635 465 716 χαίρουσιν
479 635 586 714 βίοτον
601 633 745 712 νήποινον
761 635 888 700 ἔδοντες·

201 735 271 799 ἀλλ’
288 737 353 816 ἐμοὶ
369 737 404 799 ού
418 737 512 818 φίλον
528 738 594 801 ἐστὶ
609 741 802 818 μεταλλῆσαι
819 739 867 801 καὶ
884 736 1017 820 ἐρέσθαι,

201 838 237 918 ἐξ
250 839 284 903 ού
299 838 336 919 δή
350 840 380 920 μ’
397 843 534 906 Αίτωλδς
552 841 627 922 ἀνὴρ
643 838 779 921 ἐξήπαφε
794 841 888 924 μύθῳ,

199 944 234 1009 ός
247 941 278 1026 ῥ’
296 943 389 1025 ἄνδρα
404 946 527 1020 κτείνας,
542 944 662 1021 πολλὴν
676 945 725 1007 ἐπὶ
741 950 831 1025 γαῖαν
846 945 978 1022 ἀληθείς,
1097 961 1148 1023 3⁸0

200 1045 294 1125 ήλθεν
309 1047 366 1125 ἐμὰ
380 1045 454 1128 πρὸς
473 1047 595 1128 δώματ’·
619 1047 678 1129 ἐγὼ
696 1049 728 1110 δέ
744 1073 795 1127 μιν
814 1047 1047 1129 ἀμφαγάπαζον.
1091 1079 1094 1086 ·

200 1153 245 1230 φή
260 1150 293 1214 δέ
306 1176 359 1230 μιν
375 1153 407 1215 ἐν
424 1149 578 1233 Κρήτεσσι
592 1149 661 1230 παρ’
678 1151 827 1232 Ἰδομενῆϊ
843 1152 962 1215 ἰδέσθαι

200 1253 273 1328 νῆας
289 1250 475 1329 ἀκειόμενον,
490 1250 544 1317 τός
559 1251 589 1314 οἷ
605 1248 752 1329 ξυνέαξαν
766 1250 886 1314 ἄελλαι·

201 1355 249 1416 καὶ
265 1353 336 1434 φάτ’
351 1355 535 1418 ἐλεύσεσθαι
549 1351 568 1432 ἢ
585 1356 615 1420 ἐς
631 1354 717 1434 θέρος
732 1351 751 1433 ἢ
768 1356 799 1422 ἐς
815 1356 944 1436 ὀπώρην,

200 1459 303 1519 πολλὰ
318 1455 445 1540 χρήματ’
461 1457 583 1539 ἄγοντα,
604 1457 660 1521 σὺν
675 1457 822 1524 ἀντιθέοις
837 1457 981 1539 ἑτάροισι.
1099 1473 1148 1535 385

200 1560 249 1622 καὶ
265 1562 314 1638 σύ,
331 1562 420 1643 γέρον
434 1561 633 1639 πολυπενθές,
649 1563 717 1626 ἐπεί
733 1560 771 1625 σέ
784 1587 836 1641 μοι
854 1560 950 1643 ήγαγε
966 1563 1090 1641 δαίμων,

198 1661 274 1742 μήτε
288 1666 318 1727 τί
329 1691 380 1744 μοι
395 1665 546 1746 ψεύδεσσι
562 1665 683 1749 χαρίζεο
699 1663 773 1745 μήτε
788 1691 817 1728 τι
833 1665 934 1748 θέλγε·

201 1768 235 1830 ού
251 1767 307 1850 γὰρ
323 1768 435 1833 τούνεκ’
453 1770 512 1850 ε’γώ
528 1767 559 1831 σ’
578 1768 761 1849 αἰδέσσομαι
777 1770 844 1833 ούδέ
860 1767 996 1850 φιλήσω,

200 1871 282 1934 ἀλλὰ
299 1873 358 1935 Δία
374 1870 474 1951 ξένιον
490 1873 593 1938 δείσας
609 1873 699 1936 αὐτόν
715 1872 739 1934 τ’
757 1870 932 1954 ἐλεαίρων.”

242 1975 305 2039 Τδν
320 1977 345 2039 δ’
361 1976 603 2055 ἀπαμειβόμενος
618 1974 758 2057 προσέφη
774 1976 940 2054 πολύμητις
955 1976 1132 2042 Ὀδυσσεύς·

200 2078 250 2157 “ή
263 2077 347 2156 μόλα
361 2079 406 2144 τίς
422 2104 468 2141 τοι
484 2078 575 2158 θυμδς
591 2076 635 2142 ένὶ
652 2077 820 2158 στήθεσσιν
835 2077 972 2157 ἄπιστος,
1098 2108 1146 2158 391

199 2182 265 2246 οἶόν
281 2180 310 2244 σ’
328 2180 388 2246 οὐδ’
404 2183 518 2263 ὀμόσας
535 2208 591 2263 περ
605 2180 760 2265 ἐπήγαγον
777 2182 846 2246 ούδέ
861 2209 897 2246 σε
913 2184 1017 2246 πείθω.

199 2282 269 2350 ἀλλ’
284 2285 340 2368 ἄγε
355 2290 408 2350 νῦν
421 2284 533 2369 ῥήτρην
548 2286 739 2365 ποιησόμεθ’·
762 2286 855 2368 αὐτὰρ
870 2288 981 2351 ὄπισθε

198 2387 340 2470 μάρτυροι
356 2388 556 2470 ἀμφοτέροισι
571 2390 643 2463 θεοί,
659 2389 706 2452 τοὶ
718 2387 880 2469 Ὄλυμπον
896 2389 1031 2471 ἔχουσιν.

199 2495 227 2556 εί
240 2491 296 2572 μέν
315 2519 366 2558 κεν
381 2491 517 2579 νοστήσῃ
532 2490 611 2570 ἄναξ
624 2491 691 2558 τεδς
706 2494 736 2558 ἐς
752 2492 821 2556 τόδε
836 2497 929 2571 δῶμα,
1100 2520 1147 2572 395

199 2595 294 2662 έσσας
308 2622 346 2675 με
362 2594 493 2678 χλαῖνάν
508 2620 541 2659 τε
554 2595 669 2676 χιτῶνά
685 2620 717 2658 τε
734 2596 840 2675 εἵματα
855 2597 976 2676 πέμψαι

200 2696 394 2782 Δουλίχιόνδ’
410 2699 494 2774 ίέναι,
510 2699 559 2762 ὅθι
573 2724 625 2778 μοι
640 2700 735 2780 φίλον
754 2698 865 2762 έπλετο
882 2701 972 2785 θυμῷ·

199 2804 226 2866 εί
243 2803 277 2868 δέ
292 2829 325 2866 κε
339 2804 379 2883 μὴ
395 2803 525 2888 ἔλθῃσιν
540 2800 618 2880 ἄναξ
631 2802 698 2867 τεὸς
714 2802 754 2868 ὦς
769 2802 911 2884 ἀγορεύω,

198 2912 297 2984 δμῶας
312 2906 478 2971 ἐπισσεύας
492 2906 621 2984 βαλέειν
635 2903 770 2987 μεγάλης
787 2909 861 2968 κατὰ
877 2906 994 2987 πέτρης,

199 3011 280 3091 ὄφρα
295 3011 343 3073 καὶ
359 3009 455 3075 ἄλλος
470 3015 589 3091 πτωχὸς
606 3009 744 3073 ἀλεύεται
760 3008 986 3090 ἠπεροπεύειν.”
1094 3038 1146 3087 400

241 3117 304 3177 Τὸν
319 3113 343 3177 δ’
361 3113 606 3194 ἀπαμειβόμενος
620 3114 817 3193 προσεφώνεε
832 3117 896 3178 δῖος
912 3113 1060 3195 ὑφορβός·

199 3221 220 3250 “
232 3214 314 3294 ξεῖν’,
330 3218 405 3280 ούτω
421 3216 479 3299 γάρ
495 3217 545 3280 κέν
559 3242 610 3296 μοι
626 3216 743 3294 ἐϋκλείη
756 3216 781 3279 τ’
797 3213 887 3297 ἀρετή
904 3239 937 3280 τε

199 3321 244 3397 εἴη
258 3318 303 3384 ἐπ’
319 3321 491 3402 ἀνθρώπους
506 3319 568 3399 ἀμα
582 3315 610 3382 τ’
625 3319 730 3383 αὐτίκα
745 3318 793 3383 καὶ
808 3318 978 3397 μετέπειτα,

199 3425 232 3489 ὅς
247 3420 277 3485 σ’
293 3426 358 3488 ἐπεὶ
373 3426 406 3490 ἐς
422 3425 544 3502 κλισίην
559 3425 675 3505 ἄγαγον
691 3424 738 3486 καὶ
754 3422 850 3500 ξείνια
865 3427 958 3500 δῶκα,

199 3526 281 3593 αὖτις
297 3529 329 3590 δὲ
347 3529 494 3608 κτείναιμι
511 3528 605 3608 φίλον
621 3525 645 3588 τ’
664 3525 724 3589 ἀπὸ
740 3525 833 3606 θυμὸν
849 3526 985 3606 ἑλοίμην·
1095 3554 1146 3605 405

198 3630 343 3712 πρόφρων
359 3657 409 3694 κεν
425 3631 460 3708 δή
475 3631 581 3695 ἔπειτα
600 3631 660 3693 Δία
676 3630 829 3710 Κρονίωνα
846 3630 994 3710 λιτοίμην.

199 3738 252 3796 νῦν
266 3731 291 3798 δ’
306 3735 366 3816 ώρη
383 3733 515 3816 δόρποιο·
538 3732 669 3819 τάχιστά
683 3758 735 3815 μοι
751 3732 838 3799 ένδον
853 3736 966 3814 ἑταῖροι
