2874 4234
279 329 343 414 630
571 328 599 392 8.
630 332 864 394 οΔτΣΣυιΑΣ
897 331 937 392 ο,

277 498 335 565 αἰεὶ
351 501 376 564 δ’
391 499 462 580 ῆμῖν
477 501 543 565 δαίς
558 525 591 564 τε
607 501 684 581 φίλη
701 501 814 581 κίθαρίς
833 525 865 564 τε
880 499 970 583 χοροί
983 523 1016 561 τε

278 603 384 685 είματό
400 601 425 667 τ’
440 601 591 685 ἐξημοιβὰ
606 604 716 684 λοετρό
730 629 764 667 τε
780 605 875 684 θερμὰ
891 599 939 665 καὶ
959 601 1050 665 εὐναί.

277 705 348 770 ἀλλ’
363 708 429 789 ἀγε,
446 704 589 785 Φαιήκων
603 705 793 788 βητάρμονες
807 704 899 770 ὅσσοι
915 705 1043 786 ἄριστοι,
1178 730 1227 778 250

277 811 417 886 παίσατε,
433 811 472 876 ὥς
484 810 514 893 χ’
531 812 547 873 ὁ
563 807 786 894 ξεῖνοςένίσπη
804 805 866 875 οῖσι
880 811 1032 890 φίλοισιν,

277 917 379 979 οίκαδε
394 911 556 992 νοστήσας,
572 911 668 977 ὅσσον
684 911 905 996 περιγιγνόμεθ’
922 912 1027 976 ἀλλων

277 1019 411 1102 ναυτιλίη
428 1019 476 1081 καὶ
491 1015 586 1082 ποσσὶ
603 1019 651 1081 καὶ
667 1018 813 1099 ὀρχηστυῖ
828 1018 877 1082 καὶ
893 1015 988 1102 ἀοιδῇ.

278 1122 445 1206 Δημοδόκῳ
460 1122 494 1187 δέ
508 1147 553 1187 τις
568 1121 647 1202 αἶψα
663 1123 734 1185 κιὼν
750 1122 904 1203 φόρμιγγα
920 1121 1039 1202 λίγειαν

278 1223 393 1302 οίσέτω,
410 1225 430 1304 ἥ
445 1251 501 1290 που
517 1230 612 1289 κεῖται
628 1227 660 1290 ἐν
675 1225 846 1305 ἡμετέροισι
862 1219 1028 1304 δόμοισιν.”
1181 1249 1226 1296 255

314 1327 377 1394 Ὣς
393 1328 481 1409 ἔφατ’
496 1329 654 1395 ’Λλκίνοος
671 1329 849 1406 θεοείκελος,
864 1325 940 1409 ὦρτο
957 1330 989 1390 δέ
1008 1323 1100 1406 κῆρυξ

278 1435 370 1497 οἴσων
389 1433 543 1515 φόρμιγγα
558 1432 719 1515 γλαφυρὴν
737 1433 828 1510 δόμου
844 1433 875 1494 ἐκ
891 1433 1052 1512 βασιλῆος.
1150 1466 1152 1470 ·
1181 1485 1183 1494 .

277 1537 455 1614 αἰσυμνῆται
472 1538 504 1598 δὲ
520 1533 614 1617 κριτοὶ
630 1534 717 1600 ἐννέα
731 1534 842 1600 πάντες
857 1536 987 1598 ἀνέσταν

276 1637 385 1718 δήμιοι,
401 1639 429 1702 οῖ
448 1638 510 1701 κατ’
529 1640 647 1721 ἀγῶνας
666 1637 699 1702 ἐὺ
718 1637 915 1720 πρήσσεσκον
930 1637 1051 1712 ἕκαστα,

275 1744 400 1820 λείηναν
415 1745 447 1806 δέ
461 1743 563 1825 χορόν,
579 1748 673 1806 καλὸν
689 1742 713 1804 δ’
731 1742 855 1822 εὔρυναν
873 1743 985 1822 ἀγῶνα.
1178 1754 1227 1803 260

277 1845 370 1927 κῆρυξ
384 1844 407 1908 δ’
425 1847 552 1929 ἐγγόθεν
567 1845 642 1925 ήλθε
658 1845 760 1927 φέρων
777 1846 931 1929 φόρμιγγα
947 1845 1067 1927 λίγειαν

277 1950 452 2035 Δημοδόκῳ·
477 1949 533 2013 ὁδ’
551 1949 656 2014 ἔπειτα
672 1948 713 2012 κί’
730 1952 761 2015 ἐς
775 1949 881 2028 μέσον·
905 1949 983 2030 ἀμφὶ
999 1952 1031 2012 δέ
1048 1953 1150 2030 κοῦροι·
1175 1985 1176 1990 1

276 2059 437 2135 πρωθῆβαι
454 2056 585 2132 ίσταντο,
601 2053 748 2134 δαήμονες
763 2055 937 2138 ὀρχηθμοῖο,

276 2157 434 2240 πέπληγον
450 2159 481 2222 δέ
496 2158 589 2240 χορὸν
603 2163 686 2222 θεῖον
701 2159 802 2222 ποσίν.
848 2158 940 2239 αὐτὰρ
955 2156 1124 2224 Ὀδυσσεὺς

276 2261 469 2344 μαρμαρυγὰς
484 2266 585 2341 θηεῖτο
601 2267 712 2339 ποδῶν,
730 2262 859 2340 θαύμαζε
873 2265 906 2326 δέ
922 2265 1014 2348 θυμῷ.
1180 2275 1226 2338 ²⁶5

321 2365 420 2447 Αὐτὰρ
437 2367 454 2428 ὁ
469 2367 623 2446 φορμίζων
639 2366 833 2446 ἀνεβάλλετο
851 2372 945 2430 καλὸν
961 2367 1072 2430 ἀείδειν

278 2469 351 2550 ἀμφ’
366 2468 653 2548 Ἀρεοςφιλότητος
670 2468 857 2548 ἐϋστεφάνου
872 2469 898 2530 τ’
913 2469 1101 2551 Ἀφροδίτης,

278 2571 316 2638 ὦς
334 2568 370 2634 τὰ
385 2577 487 2652 πρῶτα
500 2572 634 2653 μίγησαν
650 2573 681 2635 ἐν
696 2569 885 2652 Ἡφαίστοιο
902 2572 1023 2652 δόμοισι

275 2674 386 2761 λάθρῃ·
410 2677 515 2738 πολλὰ
531 2675 555 2738 δ’
572 2675 673 2754 έδωκε,
688 2675 781 2758 λέχος
797 2676 821 2737 δ’
836 2674 951 2762 ᾔσχυνε
967 2672 1015 2738 καὶ
1031 2674 1118 2752 εὐνήν

276 2779 464 2861 Ἡφαίστοιο
481 2779 616 2846 ἄνακτος·
639 2779 721 2861 ἄφαρ
738 2778 771 2844 δέ
787 2782 815 2843 οῖ
831 2767 962 2861 ἄγγελος
977 2778 1070 2858 ήλθεν
1178 2801 1226 2852 ²70

272 2883 392 2958 Ἥλιος,
410 2885 427 2946 ό
444 2883 497 2963 σφ’
515 2884 623 2961 ἐνόησε
637 2883 852 2966 μιγαζομένους
868 2883 1019 2963 φιλότητι.

273 2984 451 3066 Ἥφαιστος
467 2987 492 3051 δ’
508 2987 547 3052 ὣς
564 2984 616 3050 οὖν
633 2984 789 3067 θυμαλγέα
803 2989 898 3064 μῦθον
913 2985 1033 3061 ἄκουσε,

276 3093 320 3169 βῆ
335 3088 365 3170 ῥ’
381 3093 449 3168 ίμεν
464 3091 495 3155 ές
509 3095 682 3171 χαλκεῶνα,
698 3089 774 3150 κακὰ
790 3088 883 3168 φρεσὶ
900 3087 1146 3168 βυσσοδομεύων,

277 3195 310 3257 ἐν
328 3192 352 3257 δ’
371 3193 446 3259 ἔθετ’
461 3192 613 3277 ἀκμοθέτῳ
629 3191 725 3274 μέγαν
740 3189 862 3270 ἄκμονα,
878 3192 969 3255 κόπτε
985 3191 1017 3254 δέ
1033 3190 1162 3272 δεσμοὺς

276 3296 439 3377 ἀρρήκτους
458 3297 596 3374 ἀλύτους,
612 3294 678 3376 ὄφρ’
698 3294 827 3374 ἔμπεδον
842 3291 1052 3375 αὖθιμένοιεν.
1180 3318 1226 3370 ²7⁵

277 3401 369 3482 αὐτὰρ
386 3399 451 3464 ἐπεὶ
467 3400 503 3480 δὴ
523 3397 607 3478 τεῦξε
624 3399 714 3462 δόλον
730 3397 938 3482 κεχολωμένος
952 3395 1050 3477 Ἀρει,

277 3509 320 3584 βῆ
336 3505 369 3587 ῥ’
387 3507 455 3585 ίμεν
471 3505 501 3570 ἐς
518 3503 662 3584 θάλαμον,
679 3503 726 3565 ὅθι
743 3505 771 3566 οἱ
787 3503 864 3583 φίλα
880 3500 970 3579 δέμνι’
990 3502 1096 3579 ἔκειτο,

276 3607 354 3688 ἀμφὶ
370 3607 395 3670 δ’
412 3606 457 3687 ἀρ’
474 3611 593 3686 ἑρμῖσιν
609 3605 662 3690 χέε
678 3605 813 3685 δέσματα
829 3605 926 3696 κόκλῳ
944 3605 1070 3693 ἁπάντῃ·

275 3713 380 3774 πολλὰ
396 3713 429 3774 δὲ
445 3711 493 3774 καὶ
511 3710 677 3790 καθύπερθε
692 3709 883 3791 μελαθρόφιν
899 3707 1086 3794 ἐξεκέχυντο,
