2792 4232
489 366 536 432 ¹5·
562 355 730 414 ικικλοΣ
754 356 792 415 0.
873 341 874 344 ‘

135 495 138 504 Ι
167 516 216 582 “ὦ
233 517 338 592 πέπον,
355 520 437 582 ἀλλά
451 519 523 600 βιὸν
537 522 593 599 μὲν
608 519 643 584 έα
658 521 707 584 καὶ
721 520 854 602 ταρφέας
870 517 933 588 ίοδς

166 629 292 700 κεῖσθαι,
311 625 375 688 ἐπεὶ
391 623 536 707 συνέχευε
551 625 619 690 θεὸς
636 631 786 690 Δαναοῖσι
802 623 944 707 μεγήρας·

166 728 256 810 αὐτὰρ
271 729 378 811 χερσὶν
394 728 472 791 ἑλὼν
488 727 614 810 δολιχὸν
631 729 700 810 δόρυ
716 729 765 792 καὶ
781 727 875 794 σάκος
890 729 959 812 όμιρ

164 829 280 910 μάρναό
294 857 327 896 τε
341 831 482 913 Τρώεσσι
499 832 547 892 καὶ
562 831 676 896 ἀλλους
691 832 792 911 ὄρνυθι
807 830 908 896 λαούς.
1061 851 1109 907 475

163 931 203 1007 μὴ
217 932 277 1008 μάν
293 931 424 994 ἀσπουδί
436 957 472 1013 γε
488 929 719 1010 δαμασσάμενοί
732 957 788 1013 περ
804 932 906 997 ἕλοιεν

166 1027 238 1100 νῆας
253 1025 449 1106 ἐϋσσέλμους,
466 1031 548 1092 ἀλλά
562 1032 745 1110 μνησόμεθα
759 1032 909 1116 χάρμης.”

202 1124 263 1193 Ὣς
278 1126 362 1208 φάθ’,
380 1132 395 1193 ὁ
412 1131 439 1194 δ’
454 1132 491 1193 αὖ
506 1131 595 1210 τόξον
609 1138 664 1213 μὲν
680 1137 725 1199 ἐνὶ
741 1137 898 1222 κλισίῃσιν
913 1136 1026 1216 έθηκεν,

165 1229 255 1310 αὐτὰρ
271 1230 332 1314 ὅγ’
348 1233 422 1314 ἀμφ’
439 1235 549 1315 ὤμοισι
565 1236 659 1304 σάκος
674 1237 744 1302 θέτο
759 1239 1006 1320 τετραθέλυμνον,

165 1335 247 1413 κρατὶ
262 1333 288 1398 δ’
305 1334 351 1398 ἐπ’
368 1338 481 1422 ἰφθίμῳ
497 1338 604 1418 κυνέην
620 1341 759 1407 εὔτυκτον
774 1342 880 1422 έθηκεν

165 1437 315 1519 ἵππουριν,
331 1439 429 1504 δεινὸν
444 1444 476 1504 δὲ
491 1444 591 1522 λόφος
607 1446 791 1526 καθύπερθεν
807 1446 916 1511 ἑνευεν·

164 1542 262 1604 εἵλετο
278 1542 302 1605 δ’
320 1543 448 1622 άλκιμον
463 1544 562 1625 έγχος,
580 1543 750 1627 ἀκαχμένον
765 1544 829 1623 ὀξέϊ
843 1549 959 1632 χαλκῷ,

163 1647 206 1722 βῆ
221 1641 247 1707 δ’
263 1643 350 1718 ίέναι,
365 1645 449 1725 μάλα
464 1645 490 1710 δ’
506 1645 569 1710 ὦκα
584 1646 660 1710 θέων
676 1651 781 1712 Αίοντι
797 1649 942 1732 παρέστη.

203 1745 319 1829 Ἕκτωρ
334 1751 361 1813 δ’
377 1749 415 1816 ὡς
432 1751 510 1814 εἶδεν
524 1750 657 1831 Τεύκρου
671 1749 854 1832 βλαφθέντα
868 1751 1014 1833 βέλεμνα,

162 1851 265 1930 Τρωσί
278 1876 311 1915 τε
327 1852 375 1916 καὶ
390 1854 547 1916 Λυκίοισιν
563 1852 703 1918 ἐκέκλετο
717 1855 831 1935 μακρὸν
845 1853 949 1923 θύσας·
1058 1871 1106 1934 485

164 1958 289 2034 “Τρῶες
305 1955 353 2018 καὶ
372 1954 473 2019 Λύκιοι
490 1956 538 2019 καὶ
556 1954 707 2035 Δάρδανοι
724 1957 939 2040 ἀγχιμαχηταί,

163 2054 263 2139 ἀνέρες
278 2057 359 2133 ἐστε,
375 2058 471 2139 φίλοι,
486 2057 647 2136 μνήσασθε
663 2061 695 2123 δέ
711 2061 845 2140 θούριδος
861 2062 955 2140 ἀλκῆς

162 2164 233 2238 νῆας
248 2161 306 2224 ἀνδι
320 2160 488 2242 γλαφυράς·
512 2161 547 2240 δῆ
564 2165 621 2243 γὰρ
637 2164 702 2225 ίδον
717 2163 925 2243 ὀφθαλμοῖσιν

163 2263 264 2344 ἀνδρὸς
283 2264 425 2344 ἀριστῆος
442 2265 553 2327 Διόθεν
567 2264 750 2345 βλαφθέντα
765 2264 910 2345 βέλεμνα.

161 2368 226 2448 ῥεῖα
240 2365 267 2430 δ’
283 2368 444 2448 ἀρίγνωτος
462 2366 535 2432 Διὸς
551 2365 677 2447 ἀνδράσι
692 2366 828 2450 γίγνεται
845 2366 933 2446 ἀλκή,
1054 2399 1106 2449 490

162 2468 233 2546 ἠμὲν
248 2468 381 2533 ὁτέοισιν
396 2474 482 2534 κῆδος
497 2468 658 2551 ὑπέρτερον
674 2469 848 2556 ἐγγυαλίξῃ,

162 2579 204 2655 ἠδ’
221 2580 322 2645 ὅτινας
335 2579 442 2666 μινύθῃ
458 2605 490 2644 τε
506 2581 555 2644 καὶ
571 2579 622 2644 οὐκ
640 2580 783 2667 ἐθέλῃσιν
798 2583 929 2662 ἀμύνειν,

164 2683 200 2747 ὡς
214 2689 266 2748 νῦν
281 2678 426 2764 Ἀργείων
440 2681 556 2762 μινύθει
571 2682 669 2761 μένος,
686 2683 760 2764 άμμι
775 2685 800 2748 δ’
817 2684 931 2766 ἀρήγει.

164 2784 240 2847 ἀλλὰ
254 2783 384 2867 μάχεσθ’
401 2785 451 2848 ἐπὶ
467 2786 574 2862 νηυσὶν
590 2784 727 2851 ἀολλέες·
751 2785 784 2851 ἀς
798 2785 832 2850 δέ
847 2813 898 2850 κεν
913 2789 1010 2865 ὑμέων

162 2885 311 2967 βλήμενος
327 2887 360 2964 ῆὲ
376 2888 477 2952 τυπεὶς
493 2885 622 2950 θάνατον
637 2890 686 2952 καὶ
702 2889 817 2969 πότμον
832 2891 958 2975 ἐπίσπῃ,
1052 2917 1101 2967 495

163 2990 299 3053 τεθνάτω·
324 2991 358 3053 ού
373 2993 402 3054 οἱ
418 2991 515 3056 ὀεικές
531 2991 705 3075 ἀμυνομένῳ
721 2992 789 3073 περὶ
804 2991 917 3069 πάτρης

163 3093 311 3173 τεθνάμεν·
336 3094 405 3156 ἀλλ’
422 3094 538 3176 άλοχός
552 3119 585 3157 τε
601 3096 658 3172 σόη
676 3097 724 3158 καὶ
740 3099 843 3160 παῖδες
859 3095 990 3172 ὀπίσσω,

165 3198 209 3259 καὶ
223 3196 304 3262 οἶκος
320 3197 369 3259 καὶ
385 3199 494 3278 κλῆρος
510 3195 666 3277 ἀκῆρατος,
684 3199 713 3260 εί
727 3223 777 3260 κεν
792 3197 913 3289 Ἀχαιοὶ

165 3301 300 3381 οἴχωνται
318 3300 375 3364 σὺν
389 3301 478 3378 νηυσὶ
494 3301 590 3379 φίλην
606 3301 637 3365 ἐς
652 3303 780 3380 πατρίδα
796 3299 914 3380 γαῖαν.”

196 3399 257 3468 Ὣς
273 3403 366 3467 εἰπὼν
381 3403 491 3483 ὤτρυνε
505 3403 595 3482 μένος
611 3404 659 3466 καὶ
676 3403 768 3480 θυμὸν
784 3402 920 3466 ἑκάστου.
1054 3427 1104 3477 500

165 3506 233 3571 Αίας
247 3505 272 3568 δ’
289 3506 352 3568 οὗθ’
370 3504 514 3587 ἑτέρωθεν
530 3506 670 3569 ἐκέκλετο
685 3507 730 3570 οἶς
747 3504 907 3586 ἑτάροισιν·
975 3547 979 3554 ·

166 3613 180 3639 ‘⁶
191 3610 287 3681 αἰδώς,
302 3608 445 3690 Ἀργεῖοι·
470 3614 522 3672 νῦν
537 3607 640 3687 άρκιον
656 3607 674 3685 ῆ
691 3608 861 3672 ἀπολέσθαι

165 3707 194 3786 ἠὲ
211 3715 362 3788 σαωθῆναι
380 3713 428 3774 καὶ
444 3712 625 3774 ἀπώσασθαι
642 3714 718 3773 κακὰ
733 3716 821 3789 νηῶν.
