2848 4296
254 387 318 470 396
572 403 620 468 19·
646 388 816 447 ιΛιΑΔοΣ
838 389 874 450 T.

252 554 411 636 τέρποντες
425 561 555 622 πυκινῶς
570 554 772 638 ἀκαχήμενον·
795 554 864 619 ούδέ
879 580 907 619 τι
924 556 1005 640 θυμῷ

251 657 390 739 τέρπετο,
406 659 476 739 πρὶν
492 657 627 738 πολέμου
643 659 742 739 στόμα
760 658 881 737 δύμεναι
898 660 1100 738 αἱματόεντος.

250 759 441 841 μνησάμενος
457 760 485 824 δ’
501 764 609 826 άδινῶς
624 763 797 825 ἀνενείκατο
813 759 956 841 φώνησέν
971 782 1013 824 τε·

252 871 271 898 “
281 863 347 946 ἤρά
358 864 393 928 νύ
400 866 455 943 μοι’
466 890 540 928 ποτε
550 865 599 928 καὶ
611 864 658 941 σύ,
672 863 852 947 δυσάμμορε,
863 864 985 946 φίλταθ’
998 865 1132 944 έταίρων,
1150 888 1198 939 315

251 967 339 1032 αὐτὸς
359 968 403 1031 ε’νὶ
420 968 524 1052 κλισίῃ
540 967 635 1048 λαρὸν
651 970 731 1049 παρὰ
747 972 869 1032 δεῖπνον
886 969 993 1047 ἔθηκας

251 1070 331 1152 αἶψα
347 1072 396 1134 καὶ
412 1067 573 1152 ὀτραλέως,
591 1071 682 1134 ὁπότε
699 1071 874 1153 σπερχοίατ’
890 1070 1012 1155 Ἀχαιοὶ

250 1175 371 1256 Τρωσὶν
387 1173 438 1255 ἐφ’
456 1174 654 1254 ἱπποδάμοισι
670 1173 776 1256 φέρειν
791 1176 979 1256 πολύδακρυν
990 1175 1097 1257 Ἀρηα.

251 1283 303 1342 νῦν
318 1280 351 1341 δέ
367 1276 405 1340 σὺ
419 1281 476 1357 μὲν
492 1283 591 1343 κεῖσαι
607 1279 807 1362 δεδαϊγμένος,
824 1280 915 1359 αὐτὰρ
931 1279 1004 1360 ἐμὸν
1018 1282 1072 1360 κῆρ

251 1383 384 1460 ἄκμηνον
399 1382 507 1448 πόσιος
524 1381 572 1446 καὶ
588 1383 716 1461 ἐδητύος,
732 1385 817 1449 ἔνδον
833 1385 953 1457 ἐόντων,
1151 1408 1199 1457 320

251 1488 291 1570 σῇ
303 1486 395 1588 ποθῇ·
419 1485 454 1548 ού
468 1488 523 1565 μὲν
538 1486 595 1570 γάρ
611 1513 640 1551 τι
656 1488 823 1568 κακώτερον
838 1488 919 1550 ἀλλο
934 1485 1066 1567 πάθοιμι,

251 1589 311 1652 οὐδ’
329 1592 359 1654 εἴ
375 1617 426 1656 κεν
442 1598 494 1655 τοῦ
513 1589 625 1673 πατρὸς
641 1589 862 1682 ἀποφθιμένοιο
878 1591 1034 1670 πυθοίμην,

251 1695 284 1758 ὅς
299 1719 357 1757 που
373 1700 426 1759 νῦν
441 1697 560 1776 Φθίηφι
576 1694 661 1778 τέρεν
677 1697 753 1758 κατὰ
772 1693 899 1777 δάκρυον
918 1697 998 1776 εἴβει

250 1795 338 1880 χήτεϊ
352 1797 461 1863 τοιοῦδ’
478 1802 550 1865 υἶος·
576 1801 592 1862 ὁ
608 1799 632 1863 δ’
650 1801 814 1885 ἀλλοδαπῷ
831 1799 875 1864 ἐνὶ
891 1797 973 1884 δήμῳ

251 1903 351 1968 εἵνεκα
364 1905 523 1985 ῥιγεδανῆς
539 1901 668 1983 Ἑλένης
682 1905 804 1984 Τρωσὶν
819 1904 952 1984 πολεμίζ
973 1923 980 1938 ·
1150 1927 1197 1976 3²⁵

249 2006 285 2084 ἠέ
300 2012 354 2072 τὸν
369 2006 401 2074 δς
416 2007 518 2092 Σκύρῳ
538 2033 589 2087 μοι
606 2007 651 2072 ἐνι
666 2005 808 2088 τρέφεται
823 2008 916 2088 φίλος
930 2007 1003 2082 υἱός,

251 2113 280 2174 εί
294 2136 351 2174 που
366 2112 411 2175 ἐτι
428 2112 494 2190 ζώει
510 2138 546 2194 γε
563 2113 779 2191 Νεοπτόλεμος
794 2107 936 2188 θεοειδής.

251 2213 321 2295 πρὶν
334 2216 390 2295 μέν
404 2213 462 2298 γάρ
476 2217 528 2294 μοι
546 2214 637 2294 θυμὸς
652 2215 697 2277 ἐνὶ
715 2213 883 2294 στήθεσσιν
899 2214 1012 2277 ἐώλπει

250 2317 314 2381 οἶον
330 2319 381 2396 ἐμέ
397 2320 567 2399 φθίσεσθαι
585 2319 635 2381 ἀπ’
649 2317 778 2401 Ἀργεος
798 2318 980 2397 ἱπποβότοιο

251 2421 340 2485 αὐτοῦ
356 2421 399 2485 ἐνὶ
414 2423 516 2508 Τροίῃ,
534 2422 571 2484 σέ
588 2420 622 2485 δέ
637 2446 669 2484 τε
684 2424 818 2500 Φθίηνδε
833 2417 967 2495 νέεσθαι,
1147 2445 1198 2494 330

250 2523 290 2589 ὣς
305 2523 342 2586 ἄν
355 2549 406 2602 μοι
422 2523 474 2588 τὸν
490 2530 584 2588 παῖδα
600 2526 654 2609 θοῇ
671 2525 716 2588 ἐνὶ
732 2524 781 2602 νηὶ
794 2523 921 2608 μελαίνῃ

250 2627 400 2707 Σκυρόθεν
416 2625 575 2711 ἐξαγάγοις
589 2628 640 2690 καί
657 2629 686 2690 οἱ
704 2624 831 2704 δείξειας
847 2626 970 2699 ἐκαστα,

251 2733 358 2822 κτῆσιν
375 2731 448 2810 ἐμὴν
464 2729 563 2811 δμῶάς
579 2757 612 2794 τε
629 2732 677 2795 καὶ
692 2730 845 2811 ὑψερεφὲς
859 2727 938 2810 μέγα
953 2734 1045 2806 δῶμα.

249 2831 305 2914 ἤδη
320 2833 378 2916 γὰρ
395 2834 506 2914 Πηλῆά
521 2832 551 2917 γ’
567 2834 669 2914 ὀίομαι
684 2830 703 2912 ἢ
720 2831 794 2896 κατὰ
810 2829 936 2912 πάμπαν

250 2937 402 3017 τεθνάμεν,
417 2937 437 3016 ἤ
452 2964 510 3002 που
525 2939 632 3004 τυτθὸν
647 2938 692 3001 ἐτι
709 2935 809 3014 ζώοντ’
824 2935 997 3020 ἀκάχησθαι
1148 2961 1196 3011 335

250 3039 341 3123 γήραΐ
355 3067 388 3104 τε
404 3045 549 3126 στυγερῷ,
566 3044 615 3107 καὶ
631 3042 706 3122 ἐμὴν
722 3037 939 3124 ποτιδέγμενον
953 3039 1013 3104 αἰεὶ
1076 3106 1078 3110 ,

252 3145 366 3226 λυγρὴν
381 3146 538 3227 ἀγγελίην,
554 3144 599 3208 ὅτ)
616 3143 837 3225 ἀποφθιμένοιο
852 3138 1010 3224 πύθηται.”

286 3245 350 3313 Ὦς
365 3248 461 3328 ἐφατο
480 3249 602 3323 κλαίων,
619 3249 669 3312 ἐπὶ
686 3250 720 3312 δέ
735 3247 920 3332 στενάχοντο
936 3241 1086 3329 γέροντες,

248 3350 436 3432 μνησάμενοι
452 3351 493 3415 τδ
504 3353 631 3417 ἕκαστος
647 3352 691 3416 ἐνὶ
705 3350 884 3435 μεγάροισιν
900 3351 1032 3415 ἔλειπον·

249 3451 431 3536 μυρομένους
446 3456 471 3520 δ’
488 3457 546 3537 ἄρα
561 3455 629 3521 τούς
643 3481 680 3539 γε
697 3457 768 3522 ἰδών
784 3455 895 3536 ἐλέησε
910 3455 1056 3536 Κρονίων,
1147 3482 1197 3530 340

250 3559 330 3641 αἶψα
345 3557 371 3623 δ’
386 3558 551 3638 Ἀθηναίην
566 3560 641 3624 ἐπεα
657 3561 821 3642 πτερόεντα
836 3559 1000 3640 προσηύδα·

251 3673 270 3700 “
279 3663 385 3728 τέκνον
400 3664 481 3743 ἐμόν,
501 3663 537 3743 δὴ
553 3663 679 3743 πάμπαν
694 3665 839 3746 ἀποίχεαι
854 3661 960 3744 ἀνδρὸς
974 3664 1051 3739 ἑῆος.

251 3768 270 3848 ἦ
285 3767 321 3834 νύ
334 3793 381 3832 τοι
398 3763 496 3832 ούκέτι
512 3766 614 3852 πάγχν
628 3771 705 3848 μετὰ
721 3767 815 3851 φρεσὶ
828 3764 976 3847 μέμβλετ’
992 3767 1156 3850 Ἀχιλλεύς
1169 3792 1180 3840 ,⁰
