2792 4232
275 294 336 377 298
594 302 642 368 15·
668 290 836 349 ιΛιΑΔοΣ
860 291 898 349 ο.

275 455 326 519 οῦκ
343 453 418 522 ἀίεις
433 455 451 519 ό
465 481 502 534 με
518 457 625 534 νηυσὶν
640 455 690 518 ἔπι
709 459 877 543 πρύμνῃσιν
890 453 1023 539 Ἀχαιῶν

275 556 324 624 οῦς
338 558 460 640 ἑτάρους
475 557 621 622 ὀλέκοντα
645 559 726 638 βοὴν
741 559 853 639 ἀγαθὸς
867 557 967 638 βάλεν
983 561 1058 622 Αίας

273 665 424 747 χερμαδίῳ
439 662 513 743 πρὸς
529 665 647 740 στῆθος,
665 662 778 726 ἔπαυσε
794 664 826 725 δὲ
843 662 977 742 θούριδος
992 663 1087 740 ἀλκῆς
1096 683 1108 737 ,·
1169 685 1180 720 2
1184 687 1218 736 50

274 766 323 829 καὶ
338 765 374 845 δῆ
391 764 449 844 έγό
464 761 492 846 γ’
511 762 630 845 ἐφάμην
646 762 750 828 νέκυας
766 764 815 826 καὶ
830 761 901 841 δῶμ’
917 759 1023 825 Ἀίδαο

275 865 365 946 ἤματι
380 865 448 949 τῷδ’
466 864 594 944 ἵξεσθαι,
612 866 676 928 έπεὶ
692 866 787 946 φίλον
802 866 869 931 ἄϊον
885 862 988 948 ῆτορ.”

317 968 380 1032 Τὸν
395 969 422 1033 δ’
439 969 509 1032 αῦτε
524 967 706 1050 προσέειπεν
721 966 799 1046 άναξ
812 968 952 1051 ἑκάεργος
968 968 1140 1033 Ἀπόλλων·

277 1079 296 1107 “
307 1069 412 1151 θάρσει
428 1077 489 1134 νῦν·
514 1071 596 1135 τοῖόν
611 1096 657 1134 τοι
674 1073 850 1152 ἀοσσητῆρα
867 1073 1001 1153 Κρονίων

276 1170 313 1249 ἔξ
321 1170 403 1252 Ἴδης
418 1171 546 1253 προέηκε
562 1172 785 1253 παρεστάμεναι
802 1175 851 1237 καὶ
868 1161 998 1253 ἀμύνειν,
1172 1199 1219 1248 255

276 1279 395 1355 Φοῖβον
410 1277 591 1340 Ἀπόλλωνα
605 1274 783 1359 χρυσάορον,
800 1279 833 1342 ὅς
849 1303 886 1342 σε
901 1276 994 1358 πάρος
1010 1302 1066 1358 περ

275 1377 369 1459 ῥύομ’,
387 1380 465 1457 ὁμῶς
480 1378 570 1443 αὐτόν
586 1404 618 1442 τε
634 1380 683 1442 καὶ
699 1380 834 1443 αἰπεινὸν
849 1381 1036 1461 πτολίεθρον.

277 1478 348 1544 ἀλλ’
364 1481 419 1562 άγε
434 1487 486 1546 νῦν
503 1484 645 1545 ἱππεῦσιν
660 1482 822 1563 ἐπότρυνον
837 1483 987 1547 πολέεσσι

277 1585 384 1662 νηυσὶν
399 1586 448 1649 ἔπι
463 1585 658 1669 γλαφυρῇσιν
677 1583 840 1663 ἐλαυνέμεν
857 1585 950 1650 ὠκέας
965 1587 1083 1652 ἵππους·

277 1689 369 1770 αὐτὰρ
384 1690 443 1769 έγδ
459 1686 642 1768 προπάροιθε
659 1688 730 1751 κιὼν
746 1692 869 1751 ἵπποισι
886 1688 1029 1752 κέλευθον
1172 1699 1221 1748 ιόο

278 1793 380 1853 πᾶσαν
394 1789 530 1866 λειανέω,
546 1789 649 1872 τρέφω
665 1789 690 1853 δ’
702 1789 800 1870 ἥρωας
817 1788 986 1875 Ἀχαιούς.”

314 1891 378 1960 Ὣς
394 1895 485 1958 εἰπὼν
501 1893 648 1973 ἔμπνευσε
663 1893 752 1973 μένος
766 1893 845 1976 μέγα
861 1893 980 1973 ποιμένι
995 1900 1088 1958 λαῶν.

278 1995 317 2061 ὦς
332 1993 359 2058 δ’
375 1998 425 2060 ὅτε
441 2022 485 2062 τις
501 1996 610 2061 στατδς
625 1999 725 2072 ἵππος,
743 1995 918 2076 ἀκοστήσας
934 1999 984 2062 ἐπὶ
1000 1996 1111 2083 φάτνῃ,

278 2099 390 2178 δεσμδν
405 2096 574 2179 ἀπορρήξας
590 2100 655 2184 θείῃ
671 2100 788 2164 πεδίοιο
805 2103 959 2181 κροαίνων,

278 2203 388 2268 εἰωθὸς
402 2202 547 2266 λούεσθαι
563 2203 693 2282 ἐϋρρεῖος
708 2208 864 2282 ποταμοῖο,
1172 2216 1220 2279 265

278 2306 412 2370 κυδιόων·
434 2307 514 2386 ῦφοῦ
530 2308 562 2368 δὲ
578 2303 651 2384 κάρη
669 2305 742 2387 ἔχει,
760 2307 837 2386 ἀμφὶ
853 2309 886 2370 δὲ
901 2310 1005 2390 χαῖται
1113 2372 1114 2375 ,

279 2409 368 2488 ὤμοις
384 2405 554 2471 ἀίσσονται·
582 2404 639 2470 ὁδ’
656 2407 805 2490 ἀγλαΐηφι
821 2409 982 2485 πεποιθώς,

277 2512 375 2591 ῥίμφα
390 2513 404 2573 ἑ
419 2515 512 2591 γοῦνα
527 2508 614 2590 φέρει
629 2509 704 2590 μετά
719 2507 745 2574 τ’
761 2509 835 2588 ἤθεα
852 2512 900 2574 καὶ
915 2511 1008 2590 νομδν
1023 2513 1132 2576 ἵππων·

279 2615 318 2679 ὣς
329 2611 446 2694 Ἕκτωρ
461 2615 600 2693 λαιψηρὰ
615 2616 710 2678 πόδας
725 2615 773 2677 καὶ
789 2613 907 2694 γούνατ’
925 2614 1025 2694 ένιίμα

279 2716 407 2796 ὀτρύνων
424 2718 546 2793 ἱππῆας,
564 2717 629 2779 έπεὶ
646 2720 715 2780 θεοῦ
732 2716 837 2779 ἔκλυεν
853 2716 955 2795 αῦδήν.
1173 2742 1223 2797 τηο

278 2821 307 2882 οἱ
323 2816 349 2882 δ’
365 2820 404 2884 ὥς
420 2818 444 2881 τ’
460 2815 478 2896 ῆ
495 2818 613 2898 ἔλαφον
628 2818 734 2899 κεραὸν
749 2815 767 2896 ἢ
784 2819 889 2900 άγριον
904 2820 976 2901 αἶγα

279 2922 444 2986 ἐσσεύαντο
459 2921 543 2985 κύνες
558 2945 591 2984 τε
607 2921 655 2984 καὶ
671 2919 773 3001 ἀνέρες
789 2921 958 3002 ἀγροιῶται·

278 3024 330 3088 τὸν
343 3021 399 3102 μέν
414 3020 440 3086 τ’
456 3022 603 3100 ἠλίβατος
618 3021 709 3103 πέτρη
726 3023 775 3085 καὶ
791 3022 915 3090 δάσκιος
929 3025 986 3104 ύλη

279 3122 418 3207 εἰρύσατ’,
434 3125 493 3188 οῦδ’
510 3125 567 3205 ἀρα
581 3122 615 3188 τέ
631 3131 689 3204 σφι
705 3123 863 3207 κιχήμεναι
879 3129 1002 3205 αίσιμον
1018 3125 1078 3205 ῆεν·

279 3235 337 3292 τῶν
352 3228 385 3291 δέ
400 3227 425 3290 θ’
442 3227 500 3290 ῦπδ
516 3229 603 3310 ἰαχῆς
620 3225 717 3306 έφάνη
732 3228 782 3293 λὶς
797 3228 950 3312 ἠϋγένειος
1172 3251 1219 3305 ²⁷⁵

279 3334 321 3397 είς
337 3332 416 3403 ὁδόν,
433 3332 512 3411 αἶψα
526 3335 559 3394 δὲ
578 3329 692 3396 πάντας
707 3329 860 3413 ἀπέτραπε
876 3333 925 3395 καὶ
942 3335 1108 3410 μεμαῶτας·

278 3433 317 3496 ὣς
334 3432 450 3496 Δαναοὶ
470 3433 522 3510 ῆος
544 3432 599 3511 μὲν
618 3434 763 3513 ὁμιλαδὸν
778 3436 843 3499 αἰὲν
859 3435 976 3506 ἔποντο,

279 3534 442 3600 νύσσοντες
458 3533 580 3614 ξίφεσίν
596 3560 629 3599 τε
646 3536 694 3599 καὶ
711 3536 836 3619 ἔγχεσιν
851 3536 1058 3617 ἀμφιγύοισιν·

279 3636 370 3718 αὐτὰρ
386 3638 452 3702 ἐπεὶ
467 3641 531 3704 ίδον
543 3636 661 3721 Ἕκτορ’
679 3641 876 3722 ἐποιχόμενον
893 3639 1000 3722 στίχας
1016 3640 1141 3719 ἀνδρῶν,
