2908 4232
558 380 584 426 2.
608 367 843 428 ΟΔΎΣΣΕΙΑΣ
867 368 901 425 Β.
1131 375 1193 446 537

250 534 389 610 κληϊστοὶ
408 533 432 596 δ’
450 535 564 598 ἔπεσαν
580 536 699 601 σανίδες
712 535 843 600 ’πυκινῶς
859 536 1005 616 ἀραρυῖαι,

248 638 388 703 δικλίδες·
413 641 446 702 ἐν
460 640 493 702 δὲ
507 639 582 721 γυνὴ
598 640 687 720 ταμίη
704 640 809 704 νύκτας
825 664 858 702 τε
874 635 923 702 καὶ
939 637 1015 718 ἦμαρ
1145 663 1193 712 345

249 740 326 822 ἔσχ’,
340 738 359 818 ἦ
375 739 462 806 πάντ’
478 743 638 822 ἐφύλασσε
654 744 724 806 νόου
739 744 973 829 πολυϊδρείῃσιν,
1068 771 1071 776 ·

249 843 413 925 Εὐρύκλει’,
425 843 526 912 Ὦπος
542 846 672 930 θυγάτηρ
690 847 918 926 Πεισηνορίδαο.

247 947 302 1024 τὴν
317 949 385 1012 τότε
400 949 582 1032 Τηλέμαχος
598 947 738 1031 προσέφη
754 948 925 1029 θάλαμόνδε
942 949 1104 1013 καλέσσας·
1156 980 1158 988 ·

291 1052 403 1126 “Μαῖ’,
419 1053 474 1134 ἀγε
489 1052 528 1131 δή,
541 1079 591 1132 μοι
608 1054 688 1116 οἶνον
705 1057 737 1116 έν
752 1055 978 1133 ἀμφιφορεῦσιν
993 1053 1135 1131 ἄφυσσον

246 1151 329 1230 ἡδύν,
345 1156 407 1220 ότις
422 1159 497 1235 μετά
512 1163 566 1221 τὸν
580 1158 752 1238 λαρώτατος
767 1155 802 1220 δν
817 1157 855 1218 σὺ
870 1155 1053 1236 φυλάσσεις,
1144 1181 1192 1231 350

248 1261 346 1320 κεῖνον
361 1258 479 1338 ἀϊομένη
495 1265 548 1324 τὸν
564 1260 721 1341 κάμμορον,
739 1265 767 1324 εῖ
779 1264 874 1324 ποθεν
891 1261 975 1323 ἔλθοι
1023 1279 1024 1288 ’

247 1362 383 1442 διογενὴς
397 1363 543 1430 Ὀδυσεὺς
560 1363 689 1428 θάνατον
704 1362 752 1428 καὶ
769 1367 860 1444 κῆρας
876 1361 996 1441 ἀλύξας.

247 1465 361 1529 δύδεκα
376 1465 402 1529 δ’
414 1467 572 1544 ἔμπλησον
589 1465 636 1530 καὶ
652 1469 793 1546 πόμασιν
808 1468 903 1549 ἄρσον
918 1467 1061 1532 ἅπαντας.
1177 1481 1178 1490 ’

247 1569 279 1631 έν
295 1569 328 1632 δέ
341 1594 393 1646 μοι
408 1570 524 1646 άλφιτα
539 1575 631 1654 χεῦον
647 1571 850 1652 ἐϋρραφέεσσι
866 1577 1008 1651 δοροῖσιν·

246 1673 343 1735 εἴκοσι
359 1672 383 1736 δ’
400 1674 479 1736 ἔστω
497 1673 586 1756 μέτρα
602 1675 780 1756 μυληφάτου
796 1675 927 1756 ἀλφίτου
943 1676 1042 1752 ἀκτῆς.
1143 1699 1190 1750 355

247 1776 319 1854 αὐτὴ
336 1773 361 1839 δ’
377 1777 424 1856 οίη
440 1778 513 1840 ἴσθι·
538 1781 574 1840 τά
590 1779 616 1841 δ’
632 1780 726 1858 ἀθρόα
740 1777 839 1843 πάντα
855 1779 996 1862 τετύχθω·

247 1879 458 1963 ἑσπέριοςγάρ
474 1881 552 1964 ἐγὼν
570 1880 743 1961 αἱρήσομαι,
759 1883 875 1946 ὁππότε
891 1908 940 1946 κεν
957 1882 992 1960 δη

245 1981 341 2064 μήτηρ
358 1986 400 2050 είς
416 1985 530 2068 ὑπερῷ’
548 1985 648 2070 ἀναβῇ
665 1987 766 2048 κοίτου
781 2012 814 2050 τε
829 1985 961 2064 μέδηται.

245 2087 306 2164 εἶμι
321 2090 379 2170 γάρ
395 2089 426 2153 ἔς
439 2086 578 2167 Σπάρτην
593 2113 625 2151 τε
641 2089 689 2151 καὶ
708 2091 738 2154 ές
755 2088 859 2152 Πύλον
876 2089 1055 2168 ἠμαθόεντα,

245 2192 356 2270 νόστον
372 2192 558 2261 πευσόμενος
572 2198 686 2273 πατρὸς
701 2193 802 2272 φίλου,
816 2191 853 2269 ἤν
869 2217 927 2254 που
945 2190 1093 2255 ἀκούσω.”
1143 2203 1191 2264 360
1303 2229 1306 2236 ·

283 2292 347 2360 Ὣς
362 2295 452 2376 φάτο,
466 2296 600 2359 κιύκυσεν
616 2299 647 2359 δὲ
657 2298 740 2376 Ιφίλη
756 2303 867 2376 τροφὸς
884 2296 1061 2376 Εὐρύκλεια,

247 2401 298 2461 καί
309 2397 340 2481 ῤ’
357 2399 566 2480 ὀλοφυρομένη
584 2399 658 2464 έπεα
673 2401 838 2481 πτερόεντα
852 2400 1016 2480 προσηύδα·

290 2499 414 2562 “Τίπτε
433 2500 467 2564 δέ
484 2524 538 2574 τοι,
557 2500 631 2580 φίλε
647 2499 761 2576 τέκνον,
781 2499 824 2563 ἐνί
840 2497 933 2580 φρεσὶ
948 2504 1035 2563 τοῦτο
1051 2500 1148 2578 νόημα

246 2598 357 2662 ἔπλετο
372 2622 383 2672 ;
407 2601 448 2683 πῇ
465 2598 490 2662 δ’
508 2598 624 2665 ἐθέλεις
640 2599 717 2664 ἰέναι
732 2599 854 2678 πολλὴν
870 2597 919 2663 ἐπὶ
934 2604 1025 2681 γαῖαν

244 2707 353 2784 μοῦνος
367 2703 427 2766 εἰδν
442 2703 596 2783 ἀγαπητός
609 2729 619 2778 ,·
642 2705 659 2766 ό
674 2703 698 2766 δ’
717 2704 813 2766 ὤλετο
827 2703 934 2780 τηλόθι
949 2702 1062 2783 πάτρης
1142 2712 1189 2775 365

247 2802 383 2882 διογενὴς
398 2798 543 2867 Ὀδυσεὺς
559 2803 742 2886 ἀλλογνώτῳ
759 2804 801 2865 ἐνὶ
817 2801 909 2885 δήμῳ.

246 2906 275 2966 οἱ
291 2905 324 2968 δέ
339 2929 385 2966 τοι
401 2902 493 2967 αὐτίκ’
510 2905 585 2968 ἰόντι
598 2908 674 2968 κακά
688 2905 881 2986 φράσσονται
898 2905 1028 2980 ὀπίσσω,

246 3009 286 3071 ὥς
301 3033 334 3070 κε
350 3008 429 3092 δόλιρ
445 3011 548 3093 φθίῃς,
565 3007 635 3072 τάδε
651 3007 676 3072 δ’
691 3006 775 3072 αὐτοὶ
787 3008 888 3072 ’πάντα
903 3007 1056 3072 δάσονται.

245 3110 328 3173 ἀλλὰ
342 3109 406 3190 μέν’
428 3109 492 3174 αὖθ’
508 3108 558 3176 ἐπὶ
574 3116 660 3174 σοῖσι
676 3111 851 3192 καθήμενος·
876 3109 945 3176 οὐδέ
958 3112 989 3174 τί
1000 3137 1039 3174 σε
1054 3111 1112 3194 χρὴ

245 3213 357 3278 πόντον
372 3214 417 3278 ἐπ’
434 3215 595 3296 ἀτρύγετον
611 3213 685 3298 κακά
701 3215 833 3296 πάσχειν
850 3213 909 3279 οὐδ’
925 3213 1129 3294 ἀλόλησθαι.”
1141 3241 1192 3290 370

288 3317 354 3394 Τὴν
368 3315 394 3379 δ’
411 3317 448 3380 ού
463 3317 644 3401 Τηλέμαχος
659 3317 845 3399 πεπνυμένος
858 3320 960 3382 ἀντίον
975 3319 1059 3396 ηὔδα·

247 3424 268 3453 “
279 3418 392 3499 θάρσει,
408 3419 480 3497 μαῖ’,
497 3418 563 3486 ἐπεὶ
579 3422 613 3484 ού
627 3447 672 3486 τοι
688 3420 759 3486 ἀνευ
776 3426 844 3485 θεοῦ
859 3422 912 3501 ἥδε
927 3446 964 3503 γε
978 3421 1090 3500 βουλή.

245 3521 315 3586 ἀλλ’
331 3524 445 3604 όμοσον
459 3525 499 3603 μὴ
515 3527 604 3606 μητρὶ
619 3527 697 3612 φίλῃ
713 3524 783 3588 τάδε
797 3523 1003 3605 μυθήσασθαι,

243 3728 261 3810 ἣ
277 3731 369 3811 αὐτὴν
384 3731 514 3796 ποθέσαι
530 3735 579 3798 καὶ
595 3732 820 3816 ἀφορμηθέντος
836 3734 973 3808 ἀκοῦσαι,
1144 3757 1192 3810 375
