2788 4230
497 879 886 955 ΟΔΥΣΣΕΙΑΣ
926 879 974 952 Π.

349 1246 565 1348 Τηλεμάχου
592 1248 872 1348 άναγυωρισμδς
898 1243 1120 1324 Ὀδυσσέως.

261 1454 312 1514 Τὼ
329 1451 354 1515 δ’
369 1453 431 1515 αὖτ’
447 1454 479 1516 ἐν
495 1455 599 1540 κλισίῃ
615 1451 759 1518 Ὀδυσεὺς
776 1451 823 1516 καὶ
839 1458 903 1518 δῖος
917 1454 1054 1533 ὑφορβὸς

262 1556 416 1620 ἐντύνοντο
432 1555 557 1636 ἄριστον
572 1544 621 1637 ἀμ’
636 1557 694 1634 ἠοῖ,
711 1557 846 1635 κηαμένω
863 1560 929 1636 πῦρ,

261 1658 421 1739 ἔκπεμψάν
439 1684 472 1722 τε
490 1662 602 1737 νομῆας
617 1657 665 1736 ἀμ’
684 1658 879 1740 ἀγρομένοισι
895 1659 1015 1722 σύεσσι·

260 1759 443 1846 Τηλέμαχον
460 1765 492 1825 δὲ
507 1763 706 1841 περίσσαινον
722 1762 807 1828 κύνες
820 1761 1018 1841 ὑλακόμωροι,

253 1865 320 1929 ὀὐδ’
337 1866 431 1930 ὕλαον
447 1867 620 1946 προσιόντα.
665 1867 757 1944 νόησε
772 1869 805 1929 δέ
823 1870 886 1932 δῖος
901 1864 1068 1930 Ὀδυσσεὺς
1194 1891 1208 1939 5

261 1969 421 2035 σαίνοντάς
437 1995 471 2033 τε
488 1970 586 2045 κύνας,
602 1971 671 2051 περί
686 1995 719 2034 τε
736 1971 844 2037 κτύπος
860 1969 934 2049 ἦλθε
950 1975 1077 2034 ποδοΐίυ.

261 2073 339 2154 αἶφα
355 2073 381 2137 δ’
396 2072 441 2155 ἀρ’
459 2073 591 2152 Εὔμαιον
607 2073 682 2138 ἔπεα
697 2076 858 2154 πτερόεντα
877 2074 1042 2155 προσηύδα·

261 2182 278 2210 “
289 2176 405 2256 Εὔμαι’,
422 2177 441 2256 ἦ
458 2177 541 2255 μάλα
555 2176 601 2243 τίς
616 2202 663 2240 τοι
679 2177 834 2241 ἐλεύσεται
851 2174 949 2241 ἐνθάδ’
964 2180 1080 2257 ἑταῖρος

261 2277 279 2358 ἢ
296 2279 344 2344 καὶ
359 2280 507 2362 γνώριμος
524 2280 629 2359 ἀλλος,
645 2281 711 2344 ἐπεὶ
727 2280 811 2346 κύνες
828 2280 883 2361 οὐχ
897 2279 1055 2356 ὑλάουσιν,

261 2383 342 2447 ἀλλά
357 2383 599 2464 περισσαίνουσι·
622 2388 724 2448 ποδῶν
739 2383 764 2446 δ’
779 2383 838 2448 ύπδ
853 2388 962 2446 δοῦπον
979 2382 1105 2447 ἀκούω.”
1178 2409 1210 2446 10

304 2486 350 2549 Ού
364 2513 412 2550 πω
427 2490 487 2550 πᾶν
504 2488 602 2567 είρητο
618 2487 698 2561 ἔπος,
715 2487 766 2550 ὅτε
783 2489 811 2550 οἱ
827 2488 917 2567 φίλος
932 2487 996 2554 υίὸς

261 2591 334 2667 ἔστη
351 2588 395 2654 ἐνὶ
410 2592 597 2671 προθύροισι.
643 2591 749 2672 ταφὼν
763 2589 787 2653 δ’
805 2590 951 2670 ἀνόρουσε
967 2591 1118 2671 συβώτης,

261 2695 293 2756 ἔκ
313 2693 338 2756 δ’
355 2693 411 2773 ἀρα
427 2696 455 2756 οἱ
471 2698 582 2776 χειρῶν
597 2692 694 2758 πέσον
710 2693 815 2776 ἄγγεα,
831 2698 893 2759 τοῖς
908 2696 1055 2769 ἐπονεῖτο,

261 2799 363 2878 κιρνὰς
379 2799 491 2860 αίθοπα
506 2797 596 2862 οἶνον.
636 2799 652 2859 ὁ
667 2794 694 2860 δ’
709 2798 810 2862 ἀντίος
826 2796 920 2876 ἦλθεν
935 2796 1071 2875 ἀνακτας,

262 2900 355 2964 κύσσε
371 2899 403 2963 δέ
418 2926 469 2980 μιν
486 2898 624 2982 κεφαλήν
639 2925 670 2963 τε
688 2898 735 2962 καὶ
751 2900 842 2981 ἄμφω
859 2898 941 2981 φάεα
959 2901 1037 2966 καλά
1179 2930 1208 2979 15

260 3001 365 3085 χεῖράς
381 3003 404 3064 τ’
420 3001 601 3085 ἀμφοτέρας·
625 3007 754 3084 θαλερὸν
770 3005 803 3069 δέ
817 3006 847 3067 οἱ
863 3003 974 3068 ἔκπεσε
989 3003 1090 3086 δάκρυ.

261 3107 299 3172 ὡς
314 3107 347 3170 δέ
362 3107 460 3188 πατὴρ
476 3106 512 3171 δν
526 3112 618 3171 παῖδα
638 3107 716 3188 φίλα
732 3107 869 3188 φρονέων
885 3108 1023 3194 ἀγαπάζῃ

260 3209 377 3272 ἐλθόντ’
393 3209 430 3289 ἐξ
445 3211 535 3288 ἀπίης
550 3211 637 3292 γαίης
652 3210 765 3294 δεκάτῳ
785 3213 918 3295 ἐνιαυτῷ,

260 3317 370 3394 μοῦνον
385 3314 559 3395 τηλύγετον,
573 3315 616 3399 τῷ
631 3313 677 3377 ἐπ’
693 3315 789 3395 ἄλγεα
807 3319 912 3378 πολλὰ
926 3315 1056 3403 μογήσῃ,

262 3419 301 3483 ὣς
316 3417 384 3481 τότε
398 3417 577 3499 Τηλέμαχον
592 3416 726 3481 θεοειδέα
742 3423 803 3484 δῖος
818 3420 956 3499 ὑφορβὸς
1178 3450 1208 3484 20

261 3521 357 3586 πάντα
373 3521 465 3585 κύσεν
483 3522 621 3604 περιφύς,
638 3522 677 3589 ὡς
693 3524 724 3586 ἐκ
741 3521 881 3587 θανάτοιο
897 3523 1043 3604 φυγόντα·

262 3627 312 3689 καί
323 3625 354 3708 ῥ’
369 3627 594 3705 ὀλοφυρόμενος
611 3625 685 3690 ἔπεα
700 3628 862 3707 πτερόεντα
877 3628 1042 3706 προσηύδα·

262 3736 281 3766 “
291 3728 390 3809 ἦλθες,
406 3728 579 3812 Τηλέμαχε,
595 3730 742 3811 γλυκερὸν
758 3729 846 3809 φάος·
870 3730 905 3794 οὔ
921 3731 951 3794 σ’
968 3731 1009 3796 ἔτ’
1025 3732 1083 3814 ἐγαί
1099 3757 1135 3814 γε
