2728 4230
457 351 486 420 9.
510 339 680 400 ΙΛΙΑΔΟΣ
703 340 732 401 1..
1005 353 1062 418 171

128 507 280 580 είσελθόν,
297 507 347 572 ότε
363 533 414 572 κεν
430 507 602 586 δατεώμεθα
616 505 697 586 ληίδ’
713 506 843 592 Ἀχαιοί,
1018 520 1065 567 280

127 610 278 692 Τρωϊάδας
292 613 325 674 δέ
338 615 481 694 γυναῖκας
497 611 630 675 ἐείκοσιν
644 610 732 677 αύτάς
747 612 881 690 ἑλέσθαι,

128 717 159 778 a!
172 740 204 778 κε
218 711 283 792 μετ’
300 711 440 796 Ἀργείην
454 712 585 790 Ἑλένην
601 711 764 777 κάλλισται
781 713 881 776 έωσιν.

128 819 153 880 εἰ
167 814 200 880 δέ
216 843 266 880 κεν
278 814 390 898 Ἀργος
406 813 529 897 ἱκοίμεθ’
548 813 717 899 Ἀχαιϊκόν,
734 817 825 898 ούθαρ
841 815 974 897 ἀρούρης,

127 920 261 1001 γαμβρός
277 919 328 984 κέν
343 921 371 983 οἱ
388 919 459 985 ἔοις·
482 919 563 984 τίσει
577 917 611 983 δέ
626 945 664 984 σε
677 919 749 984 ἴσον
765 916 904 1004 Ὀρέστῃ,

129 1023 160 1088 άς
174 1026 202 1086 οἱ
217 1022 379 1105 τηλύγετος
394 1021 536 1104 τρέφεται
551 1023 641 1108 θαλίῃ
659 1021 703 1087 ἐνι
718 1025 830 1108 πολλῇ.
1020 1033 1065 1093 ²85

129 1130 203 1201 τρεῖς
218 1123 252 1189 δέ
268 1127 299 1189 οἵ
313 1128 374 1190 εἰσι
390 1125 532 1207 θύγατρες
548 1127 592 1190 ἐνὶ
607 1124 727 1210 μεγάρῳ
744 1123 889 1210 εὐπήκτῳ,

128 1229 314 1308 Χρυσόθεμις
329 1230 379 1292 καὶ
394 1230 526 1309 Λαοδίκη
543 1230 592 1293 καὶ
606 1226 799 1310 Ἰφιάνασσα,

129 1330 204 1394 τάων
218 1330 256 1410 ἤν
272 1331 297 1394 κ’
313 1329 466 1417 ἐθέλῃσθα
482 1333 577 1413 φίλην
593 1331 737 1397 ἀνάεδνον
752 1332 882 1415 άγεσθαι

129 1433 200 1515 πρὸς
215 1435 299 1500 οἶκον
314 1437 448 1514 Πηλῆος·
472 1435 488 1497 δ
503 1435 528 1499 δ’
548 1436 609 1499 αὖτ’
626 1437 676 1500 ἐπὶ
694 1437 797 1516 μείλια
811 1436 903 1499 δώσει

129 1536 229 1600 πολλὰ
243 1535 325 1617 μάλ’,
341 1535 412 1600 aad
428 1537 463 1602 ού
477 1538 525 1601 πά
541 1564 586 1604 τις
601 1540 635 1624 ἑῇ
651 1537 782 1603 ἐπέδωκε
800 1537 932 1622 θυγατρί·
1022 1561 1068 1612 ²90

129 1640 202 1703 ἑπτὰ
217 1637 252 1703 δέ
269 1665 316 1703 τοι
331 1640 424 1704 δύσει
440 1640 472 1704 εδ
488 1640 631 1720 ναιόμενα
646 1641 820 1722 πτολίεθρα,

129 1743 328 1824 Καρδαμύλην
342 1741 475 1822 Ἐνόπην
489 1768 523 1808 τε
538 1744 587 1808 καὶ
602 1743 684 1825 Ἱρὴν
698 1743 869 1824 ποιήεσσαν

129 1845 228 1927 Φηράς
243 1871 277 1911 τε
294 1845 399 1923 ζαθέας
414 1843 460 1925 ἠδ’
473 1844 616 1910 Ἀνθειαν
630 1847 828 1927 βαθύλειμον,

129 1949 224 2028 καλήν
239 1946 266 2011 τ’
281 1951 411 2014 Αίπειαν
426 1949 476 2012 καὶ
491 1947 639 2027 Πήδασον
655 1950 880 2028 ἀμπελόεσσαν.

130 2057 224 2116 πᾶσαι
240 2049 265 2116 δ’
282 2049 371 2134 ἐγγὺς
388 2052 471 2130 άλός,
486 2050 591 2116 νέαται
605 2051 711 2114 Πύλου
725 2051 926 2138 ἠμαθόεντοςῖ
1022 2075 1069 2126 295

130 2157 161 2218 ἐν
175 2153 203 2218 δ’
219 2153 326 2235 ἄνδρες
341 2155 461 2219 ναίουσι
477 2154 663 2236 πολύρρηνες
678 2159 875 2234 πολυβοῦται,

130 2259 160 2321 οἵ
173 2256 208 2322 κέ
221 2283 259 2322 σε
277 2257 421 2343 δωτίνῃσι
437 2256 506 2321 θεὸν
523 2257 562 2323 ὣς
577 2255 740 2337 τιμήσουσι

130 2358 179 2420 καί
193 2382 240 2421 τοι
255 2355 314 2419 ὑπὸ
330 2354 471 2440 σκήπτρῳ
486 2355 618 2439 λιπαρὰς
632 2355 772 2420 τελέουσι
787 2353 940 2435 θέμιστας.

129 2458 220 2522 ταῦτά
236 2457 270 2522 κέ
284 2483 331 2521 τοι
346 2461 483 2523 τελέσειε
497 2457 720 2539 μεταλλήξαντι
734 2459 853 2542 χόλοιο.

130 2564 157 2625 εί
170 2561 205 2626 δέ
218 2587 266 2625 τοι
280 2559 436 2643 Ἀτρείδης
449 2564 504 2642 μέν
519 2561 673 2645 ἀπήχθετο
689 2562 793 2644 κηρόθι
807 2565 935 2640 μᾶλλον,
1022 2586 1071 2634 300

130 2662 216 2730 αὐτὸς
231 2665 282 2728 καὶ
297 2669 349 2726 τοῦ
365 2669 454 2746 δῶρα,
471 2663 509 2727 σὺ
524 2661 551 2728 δ’
566 2665 680 2729 ἄλλους
694 2689 750 2745 περ
765 2662 961 2746 Παναχαιοὺς

130 2766 318 2848 τειρομένους
333 2766 452 2849 ἐλέαιρε
468 2770 543 2831 κατδ
559 2767 698 2849 στρατόν,
715 2767 747 2832 οί
761 2791 798 2830 σε
813 2764 883 2831 θεδν
898 2765 938 2831 ὣς

129 2868 258 2933 τίσουσ’·
278 2870 369 2953 ἧγόρ
385 2869 419 2933 κέ
434 2877 493 2952 σφι
507 2870 591 2950 μάλα
605 2869 684 2953 μέγα
702 2875 788 2935 κῦδος
804 2869 898 2949 ἄροιο.

130 2979 182 3038 νῦν
195 2973 254 3056 γάρ
268 2973 298 3059 χ’
310 2972 431 3056 Ἕκτορ’
447 2959 537 3054 έλοις,
554 2977 621 3040 ἐπεὶ
636 2975 674 3041 ἀν
687 2974 771 3054 μάλα
786 2999 833 3037 τοι
849 2973 961 3055 σχεδὸν
976 2973 1061 3036 έλθοι

129 3076 251 3142 λύσσαν
265 3078 345 3161 έχων
360 3075 463 3157 ὀλοήν,
479 3069 545 3142 ἐπεὶ
560 3078 594 3141 ού
609 3077 676 3143 τινά
692 3084 789 3158 φησιν
804 3078 908 3157 ὁμοῖον
1022 3102 1070 3152 305

130 3181 161 3244 οἶ
174 3180 278 3262 ἔμεναι
295 3185 433 3253 Δαναῶν,
449 3179 500 3247 ούς
515 3179 622 3247 ἐνθάδε
637 3185 706 3260 νῆες
722 3179 866 3244 ἐνεικαν.”

170 3284 234 3348 Τδν
249 3282 275 3348 δ’
287 3285 531 3365 ἀπαμειβόμενος
546 3284 687 3365 προσέφη
704 3285 798 3349 πόδας
814 3283 889 3350 ὠκὺς
901 3281 1063 3367 Ἀχιλλεύς

130 3392 296 3470 “διογενές
312 3387 491 3470 Λαερτιάδη,
508 3386 698 3471 πολυμήχαν’
716 3385 875 3463 Ὀδυσσεῦ,

127 3490 188 3571 χρη
203 3491 258 3568 μὲν
274 3490 310 3569 δὴ
326 3489 379 3554 τὸν
392 3495 487 3570 μῦθον
502 3489 678 3574 ἀπηλεγέως
693 3490 862 3562 ἀποειπεῖν,

128 3589 147 3676 ᾗ
163 3618 220 3674 περ
236 3593 272 3672 δη
289 3591 408 3675 φρονέω
424 3618 457 3657 τε
472 3593 521 3656 καὶ
537 3593 576 3658 ὥς
591 3590 807 3671 τετελεσμένον
822 3592 917 3671 ἐσται,
1025 3619 1073 3669 310

130 3695 168 3761 ὡς
182 3695 225 3776 μή
240 3721 293 3775 μοι
308 3695 431 3777 τρύζητε
446 3695 610 3790 παρήμενοι
620 3694 758 3856 ὅάλλοθεν
773 3695 879 3761 ἄλλος.

528 3789 530 3794 ’
580 3791 604 3840 G
