2728 4230
257 282 318 406 ιιι
588 326 618 394 6.
643 331 814 392 ιΛιΑΔοΣ
838 331 873 394 Ζ.

255 495 346 562 παῖδά
359 522 393 562 τε
407 499 557 582 νηπίαχον
574 499 623 563 καὶ
639 497 685 579 έμ’
703 499 845 580 άμμορον,
860 496 880 578 ή
895 496 974 582 τάχα
987 497 1066 582 χήρη

255 605 308 663 σεῦ
324 600 441 679 έσομαι·
464 599 545 685 τάχα
558 600 616 686 γάρ
633 629 669 667 σε
685 600 932 667 κατακτενέουσιν
948 599 1069 685 Ἀχαιοὶ

254 699 364 769 πάντες
379 703 608 786 ἐφορμηθέντες·
631 707 697 785 ἐμοὶ
713 703 746 770 δέ
762 732 795 770 κε
811 703 928 787 κέρδιον
942 707 987 782 εἴη
1145 731 1196 780 4¹0

254 809 309 868 σεῦ
324 805 541 895 ἀφαμαρτούσῃ
555 809 654 892 χθόνα
665 809 798 888 δύμεναι·
821 807 856 870 ού
871 809 928 889 γδρ
944 806 984 870 ἔτ’
1001 806 1082 885 άλλη

254 907 341 971 ἐσται
356 909 509 994 θαλπωρή,
526 913 592 976 ἐπεὶ
606 911 644 977 δν
659 910 699 974 σύ
712 937 749 994 γε
762 910 878 990 πότμον
893 912 1034 996 ἐπίσπῃς,

255 1009 324 1072 ἀλλ’
340 1011 416 1095 ἄχε’·
439 1012 508 1078 ούδέ
521 1039 573 1093 μοιΙ
589 1013 657 1078 ἐστι
671 1013 768 1095 πατὴρ
784 1013 832 1076 καὶ
848 1013 957 1078 πότνια
969 1009 1077 1093 μήτηρ.

172 1186 174 1190 ,
254 1110 273 1190 ἦ
287 1138 334 1177 τοι
348 1117 406 1197 γὰρ
420 1114 522 1198 πατέρ’
539 1115 616 1195 ἀμδν
631 1115 779 1182 ἀπέκτανε
794 1120 857 1182 δῖος
871 1115 1045 1200 Ἀχιλλεύς,

255 1217 287 1277 ἐκ
303 1218 336 1280 δέ
350 1218 442 1283 πόλιν
456 1217 569 1300 πέρσεν
585 1220 718 1284 Κιλίκων
734 1220 766 1283 εύ
781 1220 976 1292 ναιετάουσαν,

255 1314 368 1398 Θήβην
381 1320 546 1402 ὑψίπυλον·
569 1325 644 1386 κατὰ
659 1321 684 1386 δ’
701 1322 825 1389 ἔκτανεν
840 1320 999 1395 Ἠετίωνα,

254 1421 322 1485 οὐδέ
336 1448 388 1502 μιν
402 1422 563 1507 ἐξενάριξε,
580 1425 762 1506 σεβάσσατο
775 1429 834 1509 γὰρ
849 1427 885 1490 τό
898 1452 935 1510 γε
950 1427 1042 1511 θυμῷ,

255 1525 324 1587 ἀλλ’
341 1525 399 1608 άρα
412 1552 465 1605 μιν
480 1527 606 1609 κατέκηε
622 1528 680 1594 σὺν
694 1530 796 1594 ἔντεσι
811 1527 1017 1594 δαιδαλέοισιν

254 1626 298 1703 ἠδ’
315 1629 365 1692 ἐπὶ
382 1629 451 1708 σῆμ’
468 1630 566 1714 ἔχεεν·
588 1632 657 1714 περὶ
672 1634 705 1696 δέ
720 1631 850 1699 πτελέας
865 1631 1035 1714 ἐφύτευσαν

254 1732 367 1812 νύμφαι
381 1733 563 1815 ὀρεστιάδες,
580 1740 681 1818 κοῦραι
697 1735 771 1803 Διδς
787 1736 947 1819 αἰγιόχοιο.

255 1835 283 1898 οἳ
298 1833 332 1899 δέ
345 1861 397 1914 μοι
412 1839 488 1901 έπτιὶ
503 1838 680 1921 κασίγνηται
695 1839 771 1906 έσαν
786 1841 820 1905 ἐν
833 1837 1021 1922 μεγάροισιν,

255 1940 284 2001 οἱ
298 1940 354 2018 μέν
368 1940 478 2008 πάντες
493 1941 528 2027 lq?
544 1941 611 2009 κίον
625 1927 716 2023 ήματι
727 1942 831 2010 Ἀϊδος
847 1944 930 2008 είσω·

254 2043 368 2112 πάντας
381 2048 439 2129 γὰρ
456 2045 625 2129 κατέπεφνε
640 2031 790 2129 ποδάρκης
805 2051 868 2112 δῖος
881 2045 1046 2131 Ἀχιλλεὺς

254 2149 366 2226 βουσὶν
381 2148 428 2214 ἐπ’
445 2150 637 2215 είλιπόδεσσι
653 2152 702 2215 καὶ
719 2151 863 2238 ἀργεννῇς
878 2148 991 2214 όίεσσι.

254 2248 366 2332 μητέρα
381 2251 416 2325 δ’,
432 2250 451 2330 ή
466 2253 634 2332 βασίλευεν
648 2252 706 2317 ύπδ
723 2251 837 2338 Πλάκῳ
853 2251 1001 2338 ὑληέσσῃ,

255 2352 310 2431 τήν
324 2354 390 2418 ἐπεὶ
405 2352 442 2436 δρ
457 2355 533 2437 δεῦρ’
549 2355 637 2440 ἤγαγ’
654 2356 702 2435 ἀμ’
719 2356 846 2419 ἀλλοισι
861 2353 1051 2427 κτεάτεσσιν,

254 2455 302 2536 ἂψ
317 2456 335 2519 ά
348 2482 385 2539 γε
399 2456 455 2538 τήν
470 2458 606 2525 ἀπέλυσε
619 2460 729 2539 λαβὼν
744 2457 890 2541 ἀπερείσι’
907 2457 1027 2530 άποινα,

254 2557 365 2640 πατρὸς
380 2558 405 2624 δ’
421 2561 455 2626 ἐν
468 2559 628 2645 μεγάροισι
641 2560 716 2643 βάλ’
729 2560 871 2643 Ἀρτεμις
887 2558 1033 2642 ἰοχέαιρα.

251 2659 372 2743 Ἕκτορ,
389 2663 463 2746 ἀτὰρ
479 2663 519 2727 σύ
530 2664 585 2745 μοί
599 2666 672 2728 ἐσσι
685 2663 784 2745 πατὴρ
800 2662 849 2726 καὶ
863 2661 973 2727 πότνια
986 2660 1084 2745 μήτηρ

254 2765 307 2844 ήδέ
322 2767 512 2850 κασίγνητος,
529 2766 568 2831 σὺ
583 2765 617 2831 δέ
629 2791 682 2848 μοι
698 2765 824 2840 θαλερδς
839 2764 1031 2846 παρακοίτης·

255 2867 324 2932 ἀλλ’
341 2869 397 2953 άγε
412 2875 464 2936 νΰν
479 2869 597 2952 ἐλέαιρε
612 2869 662 2934 καί
677 2867 767 2932 αύτοῢ
780 2866 862 2948 μίμν’
880 2868 930 2931 ἐπὶ
945 2868 1057 2952 πύργῳ,

182 2963 184 2967 ’
253 2972 295 3052 μή
310 2972 390 3036 παῖδ’
407 2973 571 3056 ὀρφανικὸν
585 2969 658 3060 θήῃς
672 2968 770 3054 χήρην
783 2995 817 3035 τε
832 2974 970 3052 γυναῖκα·

253 3074 331 3141 λαδν
345 3077 378 3139 δέ
394 3078 511 3156 στῆσον
524 3073 593 3157 παρ’
610 3073 733 3156 ἐρινεόν,
750 3072 824 3139 ένθα
837 3071 973 3153 μάλιστα

255 3178 391 3259 ἀμβατός
407 3180 475 3243 ἐστι
489 3180 579 3244 πόλις
594 3177 644 3241 καὶ
659 3177 821 3258 ἐπίδρομον
836 3176 947 3241 έπλετο
962 3180 1074 3259 τεῖχος.

256 3283 317 3363 τρὶς
331 3285 389 3365 γδρ
403 3283 440 3369 τῇ
454 3281 483 3364 γ’
500 3280 641 3347 ἐλθόντες
655 3278 846 3361 ἐπειρήσανθ’
864 3282 893 3343 οἱ
908 3279 1027 3361 άριστοι

256 3385 329 3466 ἀμφ’
344 3387 454 3449 Αἴαντε
468 3382 527 3448 δύω
543 3383 592 3448 καὶ
607 3382 778 3465 ἀγακλυτὸν
789 3383 948 3463 Ἰδομενῆα
1043 3431 1046 3439 .

254 3486 299 3566 ἠδ’
316 3485 393 3568 ἀμφ’
405 3484 561 3567 Ἀτρείδας
575 3485 624 3550 καὶ
638 3484 750 3553 Τυδέος
765 3487 893 3567 άλκιμον
907 3485 984 3551 υίόν·

254 3589 274 3668 ή
288 3590 346 3653 πού
360 3590 405 3654 τίς
420 3596 498 3669 σφιν
513 3589 620 3655 ένισπε
634 3590 824 3670 θεοπροπίων
839 3588 871 3654 εύ
886 3587 981 3662 είδιύς,

254 3690 274 3772 ή
288 3717 323 3757 νυ
339 3690 388 3756 καὶ
402 3688 499 3754 αύτῶν
514 3689 605 3770 θυμὸς
620 3691 776 3772 ἐποτρύνει
791 3693 840 3757 καὶ
855 3687 994 3775 ἀνύγει.”
