2874 4234
517 345 566 392 10.
590 332 825 407 ΟΔὙΣΣΕΙΑΣ
850 331 884 406 Κ,
912 337 915 346 ·
1105 331 1166 392 661

219 499 332 581 κείμην·
356 500 388 563 αἰ
404 497 429 562 δ’
445 497 589 579 ἐφέροντο
606 499 679 584 κακῇ
697 497 819 576 ἀνέμοιο
836 497 949 584 θυέλλῃ

219 602 300 668 αὖτις
316 601 362 666 ἐπ’
380 603 509 680 Αἰολίην
524 603 627 680 νῆσον,
642 601 828 684 στενάχοντο
843 600 868 664 δ’
886 603 1004 681 ἑταῖροι.
1034 665 1037 672 ,
1134 630 1166 678 55

258 705 356 769 Ἔνθα
371 710 386 769 δ
413 731 451 768 επ
474 708 600 787 ηπείρου
615 708 716 784 βῆμεν
731 706 779 769 καὶ
796 701 988 784 ἀφυσσάμεθ’
1001 705 1091 786 ύδωρ,
1131 729 1133 732 ’

219 809 298 890 αἰφα
313 811 346 872 δέ
364 813 485 873 δεῖπνον
502 808 609 874 ἕλοντο
626 809 697 895 θοῆς
713 807 794 889 παρὰ
810 809 916 886 νηυσὶν
936 811 1056 888 ἑταῖροι.
1128 804 1130 807 ’

220 911 311 992 αὐτὰρ
327 909 393 976 ἐπεὶ
411 914 512 976 σίτοιό
526 911 553 973 τ’
567 910 757 992 ἐπασσάμεθ’
773 912 825 990 ἠδὲ
840 913 978 988 ποτῆτος,

218 1016 254 1094 δὴ
270 1015 331 1079 τότ’
348 1015 407 1098 ἐγὼ
424 1013 534 1107 κήρυκά
548 1014 574 1076 τ’
591 1015 805 1094 ὀπασσάμενος
821 1012 869 1078 καὶ
885 1017 1010 1093 ἑταῖρον,

218 1123 280 1198 βῆν
296 1121 338 1185 εἰς
355 1121 469 1182 Αἰόλου
485 1119 579 1183 κλυτά
595 1120 726 1195 δόματα·
749 1119 803 1182 τὸν
819 1119 843 1182 δ’
861 1119 1002 1198 ἐκίχανον
1134 1131 1169 1182 60

218 1224 393 1301 δαινύμενον
408 1225 489 1303 παρὰ
504 1221 523 1308 ᾗ
539 1221 563 1286 τ’
581 1225 686 1307 ἀλόχῳ
703 1224 751 1287 καὶ
766 1224 830 1286 οἶσι
845 1223 997 1288 τέκεσσιν.

219 1326 360 1392 ἐλθόντες
376 1325 400 1389 δ’
418 1327 448 1392 ἐς
464 1331 548 1403 δῶμα
564 1330 645 1407 παρὰ
661 1331 843 1405 σταθμοῖσιν
859 1324 905 1388 ἐπ’
922 1323 1010 1388 οὐδοῦ

221 1428 347 1508 ἑζόμεθ’·
368 1430 397 1492 οἱ
414 1429 438 1492 δ’
456 1431 513 1492 ἀνά
529 1433 622 1506 θυμὸν
637 1429 789 1508 ἐθάμβεον
805 1429 838 1492 ἐκ
854 1429 877 1492 τ’
895 1427 1025 1508 ἐρέοντο·

265 1541 282 1566 “
294 1537 366 1596 Πῶς
382 1531 482 1612 ἦλθες,
499 1533 652 1608 Ὀδυσεῦς
676 1528 721 1600 τίς
739 1559 785 1596 τοι
801 1538 889 1597 κακὸς
906 1531 997 1612 ἔχραε
1013 1534 1124 1612 δαίμων
1138 1557 1149 1604 ,·

219 1633 238 1713 ῆ
252 1635 312 1713 μέν
328 1635 357 1696 σ’
374 1631 517 1702 ἐνδυκέως
533 1636 758 1716 ἀπεπέμπομεν,
773 1635 843 1717 ὄφρ’
859 1634 897 1698 ἀν
911 1637 988 1698 ἵκοιο
1134 1649 1166 1710 65

218 1739 344 1820 πατρίδα
362 1739 420 1817 σῆν
437 1737 483 1802 καί
500 1745 592 1818 δῶμα,
608 1742 657 1804 καὶ
672 1742 701 1804 εἰ
714 1740 773 1804 πού
786 1764 832 1802 τοι
848 1739 942 1820 φίλον
957 1737 1069 1801 ἐστίν.”

255 1839 319 1905 Ὣς
335 1845 449 1922 φάσαν·
474 1843 566 1926 αὐτὰρ
581 1845 640 1926 ἐγδ
656 1845 846 1924 μετεφώνεον
862 1841 1029 1924 ἀχνύμενος
1045 1843 1107 1922 κῆρ·

219 1949 238 1976 “
247 1943 348 2008 ἄασάν
362 1944 397 2025 μ’,
410 1946 511 2027 ἕταροί
526 1973 558 2010 τε
574 1945 659 2010 κακοὶ
673 1946 747 2028 πρὸς
764 1946 846 2010 τοῖσί
860 1971 893 2008 τε
907 1946 1000 2009 ὕπνος

220 2048 372 2130 σχέτλιος.
419 2049 489 2111 ἀλλ’
506 2049 668 2126 ἀκέσασθε,
684 2051 782 2131 φίλοι·
806 2049 927 2126 δύναμις
942 2050 1000 2129 γὰρ
1016 2049 1049 2111 ἐν
1063 2045 1166 2125 ὑμῖν.”

256 2149 635 2240 Ὧςέφάμηιςμαλακοῖσι
653 2153 876 2231 καθαπτόμενος
893 2149 1045 2215 ἐπέεσσιν·
1136 2174 1169 2226 70

220 2257 248 2319 οἱ
264 2252 290 2318 δ’
306 2256 383 2346 ἀρεῳ
400 2241 548 2338 ἐγένοντο·
571 2256 669 2340 πατὴρ
685 2255 711 2320 δ’
727 2256 872 2337 ἠμείβετο
886 2253 978 2338 μύθιρ·

262 2357 371 2442 “Ἐρρ’
387 2365 420 2424 ἐκ
437 2357 531 2438 νῆσον
548 2365 676 2439 θᾶσσον,
692 2361 855 2443 ἐλέγχιστε
872 2359 1016 2436 ζωόντων·

219 2461 253 2524 οὔ
268 2462 325 2545 γάρ
340 2488 391 2543 μοι
407 2463 490 2542 θέμις
509 2462 575 2527 ἐστὶ
591 2463 749 2543 κομιζέμεν
765 2461 825 2527 οὐδ’
843 2462 1032 2540 ἀποπέμπειν

219 2563 312 2648 άνδρα
326 2572 378 2629 τὸν
394 2566 427 2632 ὅς
443 2593 476 2630 κε
492 2573 609 2631 θεοῖσιν
624 2568 793 2649 ἀπέχθηται
807 2564 1006 2646 μακάρεσσιν.

221 2669 290 2751 ἔρρ’,
306 2671 372 2734 ἐπεὶ
388 2669 584 2734 ἀθανάτοισιν
599 2671 808 2754 ἀπεχθόμενος
823 2668 884 2732 τόδ’
905 2664 1045 2733 ἶκάνεις.”
1136 2691 1167 2744 75

260 2772 321 2837 Ὣς
337 2775 429 2838 εἰπὼν
444 2773 604 2854 ἀπέπεμπε
620 2775 718 2853 δόμων
733 2774 831 2855 βαρέα
847 2769 1044 2853 στενάχοντα.

220 2877 305 2940 ἐνθεν
321 2873 353 2940 δέ
369 2876 502 2958 προτέρω
517 2877 652 2956 πλέομεν
668 2875 852 2959 ἀκαχήμενοι
868 2875 950 2956 ῆτορ.

220 2981 333 3061 τείρετο
349 2979 375 3044 δ’
391 2982 507 3062 ἀνδρῶν
522 2984 613 3061 θυμὸς
628 2980 678 3045 ὑπ’
695 2983 827 3063 εἰρεσίης
844 2981 1004 3061 ἀλεγεινῆς
1117 3029 1118 3033 1

219 3082 345 3169 ἡμετέρῃ
360 3087 460 3168 ματίῃ,
477 3082 543 3148 ἐπεὶ
558 3085 657 3150 οὐκέτι
677 3087 804 3166 φαίνετο
821 3080 943 3162 πομπή..

262 3184 397 3268 Ἑξῆμαρ
411 3191 467 3265 μὲν
483 3189 561 3265 ὁμῶς
578 3187 711 3267 πλέομεν
726 3188 832 3252 νύκτας
846 3212 879 3250 τε
895 3185 944 3249 καὶ
959 3184 1047 3267 ἦμαρ·
1136 3201 1168 3250 80

221 3290 373 3377 ἑβδομάτῃ
393 3291 417 3354 δ’
436 3293 583 3372 ἱκόμεσθα
599 3291 702 3370 Λάμου
717 3292 789 3356 αἰπὺ
805 3289 996 3371 πτολίεθρον,

220 3395 402 3472 Τηλέπυλον
417 3396 668 3477 Λαιστρυγονίην,
684 3396 732 3458 ὅθι
749 3392 876 3474 ποιμένα
891 3393 1002 3471 ποιμὴν

221 3497 307 3577 ἠπύει
324 3496 484 3576 εἰσελάων,
500 3501 517 3562 δ
533 3500 566 3564 δέ
580 3498 605 3563 τ’
621 3498 755 3576 ἐξελάων
769 3499 921 3562 ὑπακούει.

221 3601 293 3665 ἔνθα
309 3600 333 3664 κ’
350 3598 460 3666 άῦπνος
476 3602 549 3684 ἀνὴρ
565 3602 665 3668 δοιοὺς
683 3601 809 3684 ἐξήρατο
824 3601 960 3680 μισθούς,

220 3710 271 3769 τὸν
286 3708 342 3786 μέν
357 3705 541 3787 βουκολέων,
555 3706 609 3770 τὸν
623 3705 649 3770 δ’
666 3706 787 3789 άργυφα
801 3709 885 3787 μῆλα
900 3707 1041 3787 νομεύων·
1136 3720 1167 3783 ⁸5
