2738 4226
447 317 498 366 12.
523 303 693 364 ικιιαος
718 305 760 365 ιιι.
1013 317 1074 386 233

142 468 236 548 ὀξέσιν
250 470 363 554 ἠρήρει,
379 472 447 538 τοὺς
465 466 596 538 ἵστασαν
611 475 673 538 υἵες
686 471 823 556 Ἀχαιῶν
859 483 861 488 ’
894 491 898 497 “

143 574 260 642 πυκνοὺς
276 577 324 640 καὶ
338 575 499 659 μεγάλους,
515 575 607 655 δηῖων
622 577 737 658 ἀνδρῶν
752 573 897 655 ἀλεωρήν.

142 677 194 742 ἔνθ
210 677 244 739 ού
261 704 311 742 κεν
325 677 380 761 ῥέα
395 681 486 745 ἵππος
502 677 645 761 ἐύτροχον
660 678 739 760 άρμα
753 679 892 746 τιταίνων

142 780 256 859 ἐσβαίη,
272 782 356 858 πεζοὶ
371 781 403 844 δέ
417 782 572 862 μενοίνεον
588 783 615 848 εἰ
630 780 781 849 τελέουσι.

142 882 172 958 δή
186 883 252 947 τότε
267 883 468 963 Πουλυδάμας
485 883 597 964 θρασὺν
609 881 741 965 Ἕκτορα
757 883 823 948 εἶπε
839 882 1002 964 παραστάς·
1046 897 1078 946 60

142 983 270 1066 “'Exrop
285 987 309 1046 τ’
326 987 370 1064 ἠδ’
386 987 477 1052 ἀλλοι
492 987 603 1068 Τρώων
619 987 688 1067 ἀγοὶ
703 985 748 1064 ἠδ’
765 986 937 1066 ἐπικούρων,

142 1089 291 1169 ἀφραδέως
306 1093 355 1154 διὰ
369 1089 486 1172 τάφρον
503 1090 668 1170 ἐλαύνομεν
683 1088 779 1154 ὠκέας
794 1091 912 1154 ἵππους·

139 1192 200 1269 ήδέ
214 1191 287 1271 μάλ’
305 1193 436 1274 ἀργαλέη
453 1191 578 1274 περάαν·
603 1194 755 1262 σκόλοπες
770 1195 828 1274 γὰρ
844 1195 877 1261 ἐν
892 1193 965 1278 αὐτῇ

140 1295 217 1374 ὀξέες
232 1301 370 1369 ἑστῶσιν,
386 1299 456 1365 ποτὶ
472 1297 496 1360 δ’
514 1296 620 1362 αὐτοὺς
635 1302 737 1378 τεῖχος
754 1294 895 1384 Ἀχαιῶν.

140 1399 194 1464 ἐνθ’
210 1400 245 1462 ού
261 1426 324 1466 πως
340 1400 424 1467 ἔστιν
440 1399 647 1480 καταβήμεναι
663 1400 731 1465 οὐδὲ
746 1398 900 1482 μάχεσθαι
1046 1412 1077 1474 ⁶5

140 1503 268 1565 ἱππεῦσι·
292 1507 410 1570 στεῖνος
424 1501 492 1586 γάρ,
508 1504 556 1568 ὅθι
572 1502 743 1583 τρώσεσθαι
759 1499 824 1566 ἀῖω.

140 1604 164 1664 εἰ
176 1603 230 1680 μέν
245 1605 303 1685 γὰρ
319 1602 387 1668 τοὺς
402 1603 505 1688 πάγχυ
520 1607 596 1667 κακὰ
611 1603 748 1686 φρονέων
764 1603 912 1695 ἀλαπάζει

139 1704 209 1770 Ζεὺς
223 1705 439 1786 ὑψιβρεμέτης,
455 1706 596 1788 Τρώεσσι
612 1708 644 1769 δὲ
660 1704 714 1780 ἵετ’
731 1705 868 1789 ἀρήγειν,

137 1804 195 1886 ἦτ’
209 1807 350 1890 ἀνέγωγ’
368 1807 503 1888 ἐθέλοιμι
518 1810 568 1874 καὶ
585 1810 690 1874 αὐτίκα
705 1815 792 1873 τοῦτο
808 1809 961 1891 γενέσθαι,

137 1911 301 1991 νωνύμνους
317 1911 487 2000 ἀπολέσθαι
503 1912 553 1975 ἀπ’
566 1897 694 1994 Ἀργεος
712 1911 809 1978 ἐνθάδ’
826 1913 978 1995 Ἀχαιούς·
1048 1939 1077 1986 70

137 2017 161 2078 εἵ
176 2014 210 2078 δέ
223 2014 253 2098 χ’
270 2014 496 2095 ὑποστρέψωσι,
513 2014 662 2092 παλίωξις
677 2018 710 2078 δέ
726 2014 849 2097 γένηται

137 2120 166 2180 ἐκ
183 2123 262 2196 νηῶν
278 2118 326 2180 καὶ
340 2116 444 2201 τάφρῳ
460 2116 668 2196 ἐνιπλήξωμεν
683 2119 801 2204 ὀρυκτή,

135 2221 229 2284 οὐκέτ’
246 2221 337 2284 ἔπειτ’
355 2219 407 2286 ὀῖω
424 2219 484 2287 οὐδ’
500 2221 635 2304 ἄγγελον
649 2220 832 2288 ἀπονέεσθαι

136 2322 270 2404 ἄψορρον
285 2324 373 2404 προτὶ
389 2322 465 2385 ἄστυ
481 2321 666 2406 ἑλιχθέντων
680 2323 728 2388 ὑπ’
745 2323 890 2406 Ἀχαιῶν.

135 2426 203 2488 ἀλλ’
221 2426 314 2507 ἄγεθ’,
335 2426 374 2492 ὡς
389 2424 427 2492 δν
442 2426 501 2507 ἐγδι
518 2429 602 2500 εἴπω,
619 2426 791 2506 πειθώμεθα
805 2426 925 2494 πάντες·
1047 2448 1077 2502 75

134 2532 243 2594 ἵππους
257 2529 313 2608 μέν
328 2527 508 2609 θεράποντες
524 2529 688 2609 ἐρυκόντων
703 2530 753 2604 ἐπὶ
767 2529 882 2615 τάφρῳ,

134 2633 218 2696 αὐτοὶ
234 2634 267 2696 δὲ
282 2630 410 2712 πρυλέες
424 2631 482 2696 σὺν
497 2631 619 2714 τεύχεσι
635 2632 840 2716 θωρηχθέντες

129 2733 254 2817 Ἕκτορι
269 2732 379 2800 πάντες
395 2733 523 2813 ἑπώμεθ’
539 2733 676 2801 ἀολλέες·
700 2736 791 2818 αὐτὰρ
805 2736 927 2819 Ἀχαιοὶ
995 2817 998 2823 ¹
1067 2807 1069 2810 ,

133 2839 168 2900 οά
182 2837 333 2917 μενέουσ’,
350 2839 377 2902 εί
393 2835 429 2915 δή
445 2845 523 2918 σφιν
538 2835 665 2920 ὀλέθρου
681 2838 795 2919 πείρατ’
816 2836 977 2919 ἐφῆπται.”

170 2939 234 3006 Ὣς
245 2939 325 3021 φάτο
335 2939 544 3018 Πουλυδάμας,
556 2941 609 3004 άδε
618 2940 643 3004 δ’
653 2939 775 3022 Ἕκτορι
787 2945 878 3019 μθθας
888 2940 1022 3020 ἀπήμων,
1046 2957 1078 3013 80

133 3044 239 3107 αιἰτῖκα
256 3042 281 3108 δ’
298 3043 334 3122 ἐξ
347 3043 445 3126 ἀχέων
461 3044 517 3108 σὺν
532 3043 672 3127 τεύχεσιν
688 3045 764 3108 ἆλτο
779 3031 905 3128 χαμᾶζε.
943 3077 946 3086 ·

132 3149 202 3211 οὐδὲ
218 3149 274 3227 μὲν
289 3147 381 3210 άλλοι
395 3151 497 3228 Τρῶες
512 3147 560 3227 ἐφ’
578 3149 678 3216 ἵππων
693 3147 881 3229 ἠγερέθοντο,

132 3251 204 3314 ἀλλ’
222 3251 281 3314 ἀπὸ
297 3249 407 3316 πάντες
423 3252 561 3341 ὄρουσαν,
577 3252 644 3316 ἐπεὶ
660 3253 726 3314 ἵδον
737 3249 870 3331 Ἕκτορα
884 3258 958 3317 δῖον.
1072 3315 1073 3320 ,
1097 3255 1098 3260 '

130 3355 248 3440 ἡνιόχῳ
264 3355 320 3434 μέν
336 3354 439 3418 ἔπειτα
455 3355 494 3438 ἐφ
511 3353 675 3421 ἐπέτελλεν
695 3355 823 3422 ἕκαστος

130 3462 244 3524 ἵππους
261 3458 294 3522 εἵι
310 3460 385 3520 κατά
402 3457 515 3535 κόσμον
530 3456 672 3536 ἐρυκέμεν
688 3458 751 3520 αἵθ’
769 3461 818 3524 ἐπὶ
835 3458 948 3544 τάφρῳ·
1048 3476 1078 3536 85

131 3565 161 3624 οἱ
178 3563 212 3624 δὲ
229 3558 414 3636 διαστάντες,
433 3559 530 3640 σφέας
546 3559 651 3629 αὐτοὺς
667 3561 852 3640 ἀρτύναντες,

130 3663 271 3746 πένταχα
287 3661 489 3754 κοσμηθέντες
505 3663 553 3742 ἀμ’
570 3662 775 3745 ἡγεμόνεσσιν
791 3665 908 3730 ἕποντο.

581 3775 629 3843 13
