2738 4226
262 314 324 374 νόν
577 329 624 394 13·
649 314 818 373 ΙΛΙΑΔΟΣ
843 314 881 375 Ν.

258 481 351 562 αἰχμὴ
367 481 391 542 δ’
409 480 532 544 Αἰνείαο
548 478 762 560 κραδαινομένη
780 479 854 543 κατὰ
869 481 956 563 γαίης

258 582 355 667 ᾤχετ’,
371 584 439 646 ἐπεί
451 582 481 664 ῥ’
499 581 587 645 άλιον
600 585 748 664 στιβαρῆς
764 581 823 645 ἀπδ
837 582 939 665 χειρὸς
954 583 1090 662 ὄρουσεν.
1150 611 1197 660 505

159 760 162 765 Ι
256 683 422 765 Ἰδομενεὺς
437 683 462 748 δ’
478 683 536 764 ἄρα
549 686 705 763 Οἰνόμαον
719 684 801 763 βάλε
814 683 948 766 γαστέρα
961 683 1091 764 μέσσην,

256 786 330 870 ῥῆξε
343 788 375 851 δέ
391 787 523 868 θόρηκος
537 787 660 868 γύαλον,
677 789 727 850 διδ
742 785 768 850 δ’
784 787 887 869 έντερα
900 788 1015 870 χαλκὸς

257 887 360 970 ἥφνσ’·
385 891 401 952 ό
417 887 441 953 δ’
458 891 491 954 ἐν
507 891 626 975 κονίῃσι
641 891 744 955 πεσὸν
760 890 812 954 έλε
826 895 917 973 γαῖαν
931 892 1062 974 ἀγοστῷ.

258 990 423 1070 Ἰδομενεὺς
441 995 466 1055 δ’
481 994 514 1055 ἐκ
529 993 585 1071 μὲν
600 992 703 1058 νέκυος
718 993 915 1075 δολιχόσκιον
931 995 1021 1076 ἔγχος

258 1093 417 1170 ἐσπάσατ’,
434 1095 494 1159 οὐδ’
506 1093 552 1176 ἄρ’
569 1095 609 1158 ἔτ’
624 1093 707 1158 ἀλλα
722 1094 870 1174 δυνήσατο
886 1095 995 1178 τεύχεα
1010 1099 1088 1159 καλὰ
1150 1123 1200 1170 5¹0

259 1200 363 1277 ὤμοιιν
379 1197 560 1279 ἀφελέσθαι·
584 1198 721 1280 ἐπείγετο
736 1201 793 1280 γδρ
811 1197 989 1278 βελέεσσιν.

258 1300 293 1362 οὗ
308 1298 365 1380 γὰρ
381 1299 421 1362 ἐτ’
437 1299 550 1378 έμπεδα
564 1305 635 1382 γυῖα
649 1305 749 1363 ποδῶν
764 1299 801 1379 ἦν
813 1300 981 1382 ὁρμηθέντι,

259 1400 317 1463 οὔτ’
334 1400 379 1480 ἀρ’
397 1399 517 1480 ἐπαΐξαι
532 1401 598 1481 μεθ’
617 1401 667 1466 ἐὸν
681 1400 776 1481 βέλος
792 1402 851 1465 οὔτ’
868 1403 1025 1468 ἀλέασθαι.

259 1507 299 1590 τῷ
314 1508 352 1588 ῥα
367 1506 416 1569 καὶ
432 1507 465 1573 ἐν
480 1505 587 1592 σταδίῃ
603 1507 659 1585 μὲν
674 1505 801 1585 ἀμύνετο
816 1509 923 1585 νηλεὲς
938 1507 1024 1588 ἦμαρ,

258 1607 383 1688 τρέσσαι
399 1606 423 1672 δ’
441 1607 539 1672 ούκέτι
553 1609 651 1691 ῥίμφα
666 1609 756 1674 πόδες
772 1607 867 1689 φέρον
882 1610 914 1672 ἐκ
930 1608 1086 1687 πολέμοιο.
1152 1635 1199 1684 515

258 1715 310 1772 τοῦ
324 1715 357 1774 δὲ
372 1709 472 1790 βάδην
487 1711 630 1776 ἀπιόντος
644 1711 786 1774 ἀκόντισε
801 1711 883 1790 δουρὶ
898 1713 1013 1794 φαεινῷ

258 1808 429 1890 Δηίφοβος·
453 1809 489 1888 δὴ
506 1807 562 1889 γάρ
578 1812 607 1873 οἱ
623 1808 694 1892 έχεν
711 1810 799 1872 κότον
815 1810 938 1888 ἐμμενὲς
954 1810 1022 1874 οίεί.

258 1910 329 1976 ἀλλ’
344 1914 362 1976 ’ό
376 1939 412 1995 γε
428 1913 476 1976 καὶ
491 1913 553 1976 τόθ’
569 1912 738 1994 όμαρτεν,ό
754 1915 779 1976 δ’
790 1910 990 1993 Ἀσκάλαφον
1003 1910 1085 1990 βάλε
1100 1915 1192 1992 δουρί,

257 2015 322 2080 υἱὸν
337 2016 518 2082 Ἐνυαλίοιο·
543 2021 581 2082 δι’
596 2017 677 2099 ὄμου
693 2020 719 2080 δ’
735 2018 863 2098 ὄβριμον
875 2016 966 2100 ἔγχος

258 2119 359 2203 ἔσχεν·
382 2122 400 2183 ὁ
415 2120 440 2183 δ’
456 2122 489 2186 ἐν
505 2122 624 2208 κονίῃσι
639 2121 742 2186 πεσὸν
757 2121 810 2184 ἐλε
824 2124 914 2204 γαῖαν
928 2121 1060 2204 ἀγοστῷ.
1151 2147 1201 2197 5²0

259 2221 319 2285 οὐδ’
337 2221 394 2303 ἀρα
411 2225 456 2285 πό
473 2249 501 2288 τι
517 2223 654 2288 πέπυστο
669 2223 818 2305 βριήπυος
833 2225 960 2306 ὄβριμος
971 2222 1064 2305 Ἀρης

257 2326 321 2390 υίος
337 2328 400 2388 ἑοῖο
416 2328 564 2393 πεσόντος
582 2328 627 2392 ἐνὶ
643 2329 767 2416 κρατερῇ
783 2330 902 2414 ὑσμίνῃ,

258 2426 329 2489 ἀλλ’
344 2428 362 2489 ὄ
377 2432 405 2509 γ’
421 2427 469 2509 ἀρ’
485 2427 565 2514 ὄκριρ
582 2429 725 2518 Ὀλύμπῳ
741 2430 799 2496 ὑπὸ
813 2429 972 2512 χρυσέοισι
987 2430 1136 2512 νέφεσσιν

257 2530 342 2608 ἧστο,
360 2530 435 2596 Διὸς
450 2533 603 2617 βουλῇσιν
619 2531 768 2612 ἐελμένος,
785 2533 857 2596 ἔνθα
871 2558 927 2613 περ
942 2531 1035 2598 ἄλλοι

258 2630 400 2696 ἀθάνατοι
416 2635 480 2698 θεοὶ
496 2633 575 2713 ἦσαν
591 2635 763 2717 ἐεργόμενοι
779 2634 936 2715 πολέμοιο.
1153 2665 1200 2713 ⁵³5

301 2736 341 2797 Οἱ
357 2733 383 2798 δ’
399 2733 475 2816 ἀμφ’
489 2735 679 2821 Ἀσκαλάφῳ
696 2736 881 2820 αὐτοσχεδὸν
896 2735 1086 2820 ὡρμήθησαν·

258 2836 420 2919 Δηίφοβος
434 2842 490 2919 μὲν
505 2839 555 2904 ἀπ’
570 2839 771 2922 Ἀσκαλάφου
786 2839 909 2919 πήληκα
923 2841 1052 2921 φαεινὴν

256 2940 384 3018 ἥρπασε,
401 2943 556 3023 Μηριόνης
571 2944 605 3006 δέ
621 2945 680 3026 θοῷ
696 2942 863 3008 ἀτάλαντος
875 2941 965 3023 Ἀρηϊ

257 3045 339 3124 δουρὶ
353 3047 506 3127 βραχίονα
520 3045 616 3126 τύψεν
630 3044 808 3125 ἐπάλμενος,
826 3049 858 3111 ἐκ
875 3045 899 3109 δ’
916 3045 975 3125 ἀρα
990 3048 1090 3128 χειρὸς

257 3146 391 3214 αὐλῶπις
406 3147 573 3230 τρυφάλεια
587 3149 683 3232 χαμαὶ
697 3150 844 3228 βόμβησε
860 3153 1009 3212 πεσοῦσα.
1153 3175 1202 3224 ⁵30

258 3249 413 3330 Μηριόνης
427 3249 453 3316 δ’
470 3250 587 3330 ἐξαῦτις
602 3249 781 3332 ἐπάλμενος,
798 3249 936 3332 αἰγυπιὸς
951 3252 999 3326 ὥς,
1071 3297 1075 3306 .

257 3351 380 3435 ἐξέρυσε
396 3360 540 3437 πρυμνοῖο
556 3355 723 3437 βραχίονος
738 3357 867 3435 ὄβριμον
882 3360 981 3438 ἐγχος,

257 3456 304 3539 δψ
318 3455 346 3522 δ’
362 3457 473 3540 ἑτάρων
490 3460 532 3524 είς
548 3457 633 3523 ἔθνος
650 3455 784 3540 ἐχάζετο.
820 3455 872 3522 τὸν
887 3460 920 3521 δὲ
936 3459 1080 3537 Πολίτης,

257 3561 518 3643 αὐτοκασίγνητος,
534 3561 602 3642 περὶ
617 3558 724 3646 μέσσῳ
740 3564 825 3642 χεῖρε
839 3558 967 3640 τιτήνας,

257 3662 364 3748 ἐξῆγεν
380 3661 525 3741 πολέμοιο
541 3661 698 3746 δυσηχέος,
718 3660 785 3743 ὄφρ’
802 3661 875 3726 ἵκεθ’
892 3664 1001 3732 ἵππους
1150 3693 1198 3743 535
