2738 4226
469 363 517 408 ιι.
543 351 713 408 ιλιΑΔοΣ
737 351 779 411 M.
1034 363 1095 430 239

158 520 229 582 εἰδὲ
245 515 282 578 σὺ
298 518 452 595 δηϊοτῆτος
465 514 602 596 ἀφέξεαι,
619 517 655 596 ήέ
670 518 724 581 τιν’
741 518 838 583 ἄλλον

159 618 350 701 παρφάμενος
365 617 509 682 ἐπέεσσιν
525 619 709 700 ἀποτρέψεις
724 621 879 699 πολέμοιο,

155 721 246 786 αὐτίκ’
263 724 323 804 ἐμῷ
339 721 396 784 ὑπὸ
412 723 493 802 δουρὶ
509 723 610 788 τυπεὶς
626 723 686 786 ἀπὸ
702 723 794 803 θυμδν
809 721 977 788 ὀλέσσεις.”
1048 749 1094 798 250

189 824 253 891 ‘sse
269 825 327 906 ἀρα
341 822 486 906 φωνήσας
501 824 648 906 ἡγήσατο,
664 826 711 890 τοὶ
727 827 751 889 δ’
768 827 816 906 ἀμ’
833 828 941 890 ἕποντο

157 929 213 1014 ἠχῇ
229 927 387 1012 θεσπεσίῃ·
410 928 460 989 ἐπὶ
476 930 509 990 δέ
524 929 599 995 Ζεὺς
613 928 841 1011 τερπικέραυνος

157 1031 251 1112 ῶρσεν
266 1029 316 1094 ἀπ’
331 1029 450 1092 Ἰδαίων
465 1030 559 1111 ὀρέων
574 1031 695 1112 ἀνέμοιο
711 1034 852 1106 θύελλαν,

156 1137 174 1213 ή
187 1135 217 1217 ῤ’
231 1134 294 1199 ίθὺς
310 1139 389 1212 νηῶν
403 1135 505 1212 κονίην
520 1134 623 1215 φέρεν·
647 1136 739 1217 αάτάρ
753 1136 888 1220 Ἀχαιῶν

157 1238 244 1318 θέλγε
260 1237 339 1309 νόον,
355 1238 475 1317 Τρωσὶν
490 1239 523 1300 δέ
539 1239 587 1300 καὶ
599 1236 722 1319 Ἕκτορι
739 1245 824 1305 κῦδος
840 1240 941 1317 ὄπαζε.

155 1348 204 1403 τοῦ
220 1366 276 1423 περ
291 1341 327 1418 δή
343 1339 487 1422 τεράεσσι
502 1342 681 1408 πεποιθότες
695 1342 747 1420 ἠδὲ
762 1344 856 1422 βίηφι

154 1443 318 1526 ῥήγνυσθαι
333 1442 410 1525 μέγα
424 1447 526 1526 τεῖχος
539 1442 674 1526 Ἀχαιῶν
689 1443 867 1526 πειρήτιζον.

156 1549 286 1628 κρόσσας
300 1548 356 1626 μὲν
371 1547 491 1628 πύργων
507 1546 600 1626 ἔρυον,
618 1549 666 1610 καὶ
682 1547 801 1628 ἔρειπον
817 1545 968 1626 ἐπάλξεις,

155 1650 267 1728 στήλας
282 1676 315 1714 τε
330 1653 506 1733 προβλῆτας
522 1651 680 1733 ἐμόχλεον,
697 1652 733 1717 δς
748 1651 793 1732 ἄρ’
808 1651 931 1734 Ἀχαιοὶ

154 1759 270 1837 πριύτας
285 1759 319 1819 ἐν
333 1757 404 1841 γαίῃ
421 1755 516 1818 θέσαν
533 1755 655 1835 ἔμμεναι
671 1755 787 1837 ἔχματα
803 1756 932 1836 πύργων.

153 1864 203 1925 τὰς
219 1863 249 1922 οί
262 1858 291 1940 γ’
310 1857 443 1940 αὐέρυον,
460 1859 590 1921 ἔλποντο
606 1860 638 1922 δὲ
653 1863 754 1939 τεῖχος
769 1857 903 1941 Ἀχαιῶν

151 1961 261 2044 ῥήξειν·
286 1960 355 2024 ούδέ
370 1962 404 2026 νύ
419 1987 465 2024 πω
482 1962 598 2026 Δαναοὶ
612 1959 741 2042 χάζοντο
757 1961 907 2037 κελεύθου,

153 2065 221 2128 ἀλλ’
238 2067 271 2129 οἵ
282 2092 319 2147 γε
334 2067 445 2146 ῥινοῖσι
459 2071 545 2144 βοῶν
560 2063 729 2146 φράξαντες
746 2062 887 2141 ἐπάλξεις

152 2169 272 2247 βάλλον
288 2167 338 2231 ἀπ’
355 2167 472 2232 αὐτάων
487 2166 587 2245 δηίους
602 2167 662 2231 ὑπὸ
676 2172 778 2251 τεῖχος
795 2168 903 2234 ἰόντας.

192 2266 371 2348 Ἀμφοτέρω
387 2267 411 2331 δ’
429 2269 539 2330 Αἴαντε
555 2265 758 2330 κελευτιόωντ’
776 2267 825 2330 ἐπὶ
841 2267 961 2349 πύργων

152 2371 284 2437 πάντοσε
300 2369 456 2451 φοιτήτην,
471 2369 562 2450 μένος
577 2370 750 2451 ὀτρύνοντες
765 2369 907 2454 Ἀχαιῶν.

152 2475 249 2539 ἀλλον
263 2475 437 2557 μειλιχίοις,
452 2472 553 2537 ἄλλον
568 2479 704 2555 στερεοῖς
719 2472 846 2538 ἐπέεσσι

152 2583 274 2651 νείκεον,
291 2578 408 2640 ὅντινα
423 2575 525 2659 πάγχυ
539 2575 639 2660 μάχης
653 2577 794 2658 μεθιέντα
810 2580 913 2642 ίδοιεν·

152 2677 203 2741 ἰῶ
219 2681 319 2759 φίλοι,
335 2679 483 2761 Ἀργείων
498 2681 531 2744 ὅς
546 2677 573 2740 τ’
588 2679 697 2762 ἔξοχος
712 2682 745 2746 ὅς
759 2705 793 2744 τε
807 2680 931 2759 μεσήεις

151 2783 183 2847 ὅς
200 2807 232 2845 τε
247 2782 445 2865 χερειότερος,
463 2782 528 2846 ἐπεὶ
544 2782 578 2844 ού
593 2808 640 2846 πω
655 2782 765 2849 πάντες
781 2785 878 2863 ὁμοῖοι

152 2884 252 2966 ἀνέρες
268 2888 302 2950 ἐν
320 2885 454 2970 πολέμῳ,
471 2891 523 2948 νῶν
539 2886 649 2949 ἔπλετο
665 2887 753 2969 ἔργον
767 2887 873 2950 άπασι·

152 2989 198 3049 καὶ
214 2988 239 3052 δ’
256 2988 340 3052 αὐτοὶ
356 2989 424 3051 τόδε
439 3014 497 3052 που
512 2990 706 3070 γιγνῶσκετε.
735 2988 776 3070 μή
792 3014 837 3054 τις
852 2989 973 3052 ὀπίσσω

151 3090 307 3171 τετράφθω
321 3092 391 3154 ποτὶ
406 3094 478 3167 νῆας
494 3094 698 3174 ὁμοκλητῆρος
714 3092 854 3164 ἀκούσας,

151 3194 230 3256 ἀλλὰ
246 3194 351 3275 πρόσω
368 3196 453 3257 ἵεσθε
470 3195 519 3257 καὶ
535 3194 702 3272 ἀλλήλοισι
718 3194 854 3270 κέλεσθε,

150 3298 183 3358 αί
196 3323 228 3360 κε
245 3297 320 3362 Ζεὺς
336 3298 449 3383 δώῃσιν
463 3297 631 3376 Ὀλύμπιος
647 3298 853 3380 ἀστεροπητὴς
1044 3326 1089 3378 275

150 3404 246 3465 νεῖκος
262 3400 478 3480 ἀπωσαμένους
494 3399 595 3478 δηΐους
609 3403 697 3482 προτὶ
712 3401 790 3466 οἴστυ
806 3401 952 3466 δίεσθαι.”

184 3500 247 3568 Ὣς
262 3502 304 3565 τά
319 3529 356 3586 γε
371 3509 547 3584 προβοῶντε
561 3504 663 3587 μάχην
678 3505 808 3586 ῶτρυνον
824 3504 964 3591 Ἀχαιῶν.

76 3678 79 3688 Ι
149 3610 206 3669 τῶν
222 3603 257 3679 δ’,
274 3609 313 3672 ῶς
329 3631 361 3670 τε
377 3605 502 3687 νιφάδες
517 3608 621 3690 χιόνος
637 3608 770 3671 πίπτωσι
782 3613 901 3689 θαμειαὶ

148 3707 237 3786 ἤματι
252 3710 404 3794 χειμερίῳ,
420 3711 470 3774 ὅτε
486 3708 511 3772 τ’
528 3711 619 3789 ὤρετο
634 3711 760 3791 μητίετα
776 3712 850 3778 Ζεὺς
