2738 4226
250 365 311 424 214
573 365 621 411 11.
647 349 817 410 ΙΛΙΑΔΟΣ
841 352 876 413 Λ.

249 517 274 580 εί
288 516 329 595 μή
343 513 471 602 Τυδεΐδῃ
489 513 634 594 Διομήδεϊ
651 513 764 580 κέκλετ’
779 515 958 582 Ὀδυσσεύς·

249 617 411 699 “Τυδείδη,
427 621 459 682 τί
471 619 604 683 παθόντε
617 617 797 698 λελάσμεθα
817 618 953 699 θούριδος
968 619 1086 697 ἀλκῆςτ

248 722 317 786 ἀλλ’
333 723 389 806 άγε
403 728 498 805 δεῦρο,
514 721 621 799 πέπον,
637 723 705 805 παρ’
723 723 768 802 ἔμ’
787 725 909 787 ἵστασο·
938 723 974 802 δή
988 724 1046 805 γὰρ
1062 725 1190 808 ἐλεγχος

248 827 372 891 ἔσσεται
388 828 482 891 εἶκεν
497 828 568 902 νῆας
584 825 638 914 έλῃ
655 826 850 908 κορυθαίολος
861 823 1010 908 Ἕκτωρ.”
1141 855 1190 903 3¹5

288 929 351 994 Τὸν
366 929 390 993 δ’
407 929 651 1008 ἀπαμειβόμενος
666 927 807 1011 προσέφη
825 928 967 1010 κρατερὸς
982 927 1145 1012 Διομήδης·

248 1032 298 1112 “ἦ
312 1058 359 1097 τοι
374 1033 433 1116 ἐγὼ
448 1029 544 1112 μενέω
561 1033 610 1095 καὶ
625 1031 787 1111 τλήσομαι·
811 1033 896 1095 ἀλλὰ
909 1033 1038 1110 μίνυνθα

246 1134 346 1214 ἡμέων
362 1135 486 1200 ἔσσεται
502 1133 582 1213 ἦδος,
599 1134 665 1198 ἐπεὶ
681 1134 906 1216 νεφεληγερέτα
921 1135 997 1201 Ζεὺς

245 1239 367 1321 Τρωσὶν
382 1237 418 1316 δη
433 1237 563 1316 βόλεται
577 1241 680 1300 δοῦναι
697 1236 804 1318 κρότος
819 1235 855 1316 ήέ
870 1261 926 1319 περ
940 1236 1046 1317 ήμῖν.”

118 1331 121 1336 ’
285 1340 340 1418 Ἦ,
360 1341 408 1405 καὶ
424 1343 604 1421 Θυμβραῖον
618 1341 674 1417 μὲν
689 1338 742 1420 ἀφ’
759 1342 861 1406 ἵππων
875 1338 939 1405 ὦσε
952 1341 1079 1424 χαμᾶζε,
1142 1367 1191 1415 3²0
1294 1412 1296 1416 ¹

246 1445 328 1526 δουρὶ
342 1443 450 1522 βαλὸν
467 1445 541 1506 κατδ
555 1442 649 1521 μαζὸν
664 1443 833 1525 ἀριστερόν·
857 1443 949 1526 αιἰτδρ
963 1443 1131 1508 Ὀδυσσεὺς

247 1549 383 1614 ἀντίθεον
398 1542 568 1625 θεράποντα
583 1544 725 1608 Μολίονα
740 1551 805 1610 τοῖο
820 1546 957 1613 ἄνακτος.

245 1650 313 1716 τοὺς
326 1650 381 1729 μὲν
396 1647 487 1712 ἔπειτ’
504 1648 620 1720 εἴασαν,
637 1649 703 1710 ἐπεὶ
718 1646 854 1729 πολέμου
869 1647 1058 1715 ἀπέπαυσαν·

245 1755 286 1817 τὸ
301 1751 327 1817 δ’
344 1748 390 1816 ἀν’
406 1751 514 1829 ὅμιλον
530 1747 610 1812 ἰόντε
625 1749 791 1830 κυδοίμεον,
809 1751 848 1818 ὧς
862 1752 914 1816 ὅτε
928 1751 1031 1834 κάπρω

246 1858 279 1920 ἐν
294 1856 363 1919 κυσὶ
378 1853 540 1938 θηρευτῇσι
553 1851 632 1934 μέγα
646 1851 810 1934 φρονέοντε
825 1854 967 1934 πέσητον·
1141 1879 1191 1929 325

247 1961 286 2025 ὣς
301 1960 409 2022 όλεκου
422 1960 528 2038 Τρῶας
543 1954 637 2019 πάλιν
651 1955 776 2037 ὀρμένω·
800 1957 892 2040 αὐτὰρ
905 1958 1029 2041 Ἀχαιοὶ

246 2061 406 2126 ἀσπασίως
421 2059 586 2142 φεύγοντες
601 2057 749 2126 ἀνέπνεον
758 2058 891 2144 Ἕκτορα
906 2066 981 2126 δῖου.

285 2163 370 2229 Ἔνθ’
386 2161 497 2242 έλέτην
511 2163 621 2245 δίφρον
635 2187 669 2227 τε
684 2166 734 2228 καὶ
750 2163 838 2247 ἀνέρε
854 2161 947 2244 δήμου
961 2164 1084 2246 ἀρίστω,

245 2269 292 2332 υἶε
306 2267 365 2332 δόω
381 2264 523 2348 Μέροπος
538 2265 728 2347 Περκωσίου,
743 2264 777 2332 δς
791 2265 860 2346 περὶ
874 2265 995 2330 πάντων

245 2373 314 2457 ᾔδεε
327 2367 524 2450 μαντοσύνας,
541 2366 610 2430 οὐδὲ
625 2365 676 2432 οθς
691 2371 800 2433 παῖδας
816 2367 909 2433 έασκε
1139 2396 1190 2444 330

246 2472 381 2555 στείχειν
396 2471 427 2536 ἐς
441 2471 577 2548 πόλεμον
592 2465 775 2551 φθισήνορα·
798 2469 839 2533 τὸ
854 2468 888 2534 δέ
903 2472 933 2534 οἱ
949 2471 983 2534 οὔ
998 2497 1027 2535 τι

246 2572 419 2653 πειθέσθην·
442 2574 528 2653 κῆρες
542 2572 600 2652 γδρ
615 2570 691 2652 ἀγον
705 2569 836 2650 μέλανος
851 2571 1002 2640 θανάτοιο.

245 2678 313 2744 τοὺς
326 2679 383 2759 μέυ
396 2673 541 2755 Τυδείδης
556 2674 759 2755 δουρικλειτὸς
775 2675 929 2757 Διομήδης

246 2784 338 2860 θυμοῦ
354 2779 403 2844 καὶ
417 2782 520 2862 φυχῆς
535 2777 667 2842 κεκαδιδν
683 2780 778 2840 κλντδ
791 2776 889 2862 τεύχε’
905 2778 1033 2861 ἀπηόρα·

245 2883 430 2964 Ἱππόδαμον
444 2879 470 2946 δ’
487 2879 632 2946 Ὀδυσεὺς
647 2880 696 2942 καὶ
709 2877 891 2964 Ὑπείροχον
906 2880 1085 2965 ἐξενάριξεν.
1138 2910 1187 2960 335

285 2986 383 3051 Ἔνθα
397 2994 474 3067 σφιν
489 2986 564 3048 κατδ
577 2983 633 3046 ἶσα
646 2980 748 3065 μάχην
763 2981 912 3049 ἐτάνυσσε
927 2987 1062 3066 Κρονίων

247 3083 283 3163 ἐξ
290 3085 373 3163 Ἴδης
388 3090 532 3168 καθορῶν·
555 3085 602 3149 τοὶ
617 3081 643 3148 δ’
659 3081 814 3161 ἀλλήλους
828 3082 972 3165 ἐνάριζον.

246 3187 266 3268 ή
280 3213 327 3253 τοι
340 3189 453 3255 Τυδέος
466 3190 531 3256 υἱδς
545 3186 760 3270 Ἀγάστροφον
775 3187 885 3252 οὔτασε
899 3189 982 3270 δουρὶ

247 3291 413 3370 Παιονίδην
426 3291 510 3373 ήρωα
524 3287 588 3354 κατ’
605 3289 717 3372 ἰσχίον·
742 3289 777 3352 οὔ
790 3287 849 3371 γάρ
864 3291 893 3354 οἱ
908 3291 996 3355 ίπποι

248 3393 336 3476 ἐγγόις
351 3394 426 3460 έσαν
440 3398 617 3477 προφυγεῖν,
633 3391 750 3456 ἀάσατο
764 3393 798 3456 δὲ
812 3392 890 3476 μέγα
905 3396 997 3478 θνμῷ.
1138 3425 1188 3474 340

248 3495 317 3562 τοὺς
330 3497 385 3576 μέν
399 3496 457 3579 γάρ
473 3496 611 3579 θεράπων
626 3493 767 3560 ἀπάνευθ’
783 3495 864 3578 ἔχεν,
881 3495 973 3578 αιἰτάρ
988 3499 1005 3560 ό
1019 3497 1108 3577 πεζὸς

249 3603 319 3665 θῦνε
333 3600 382 3663 διδ
397 3597 569 3682 προμάχων,
592 3597 646 3678 ἧος
664 3599 758 3681 φίλον
773 3598 872 3663 ὤλεσε
886 3600 988 3679 θυμόν.

245 3701 362 3785 Ἕκτωρ
377 3700 401 3766 δ’
418 3699 472 3780 ἀξν)
487 3701 580 3780 νόησε
595 3706 670 3768 κατδ
686 3703 804 3787 στίχας,
820 3698 897 3783 ὦρτο
912 3702 940 3767 δ’
956 3703 1002 3768 ἐπ’
1018 3703 1124 3773 αὐτοὺς
