2908 4232
260 390 325 469 480
556 403 606 470 23·
631 389 802 449 1A1AA02
824 391 860 450 ψ.

258 553 373 622 πάντας
391 553 565 638 ἀειρόμενος
581 555 730 622 πελέκεας
746 558 863 623 οἶκόνδε
880 557 1032 642 φερέσθω·

258 657 291 724 δς
306 657 340 722 δέ
356 685 389 723 κε
403 660 558 741 μηρίνθοιο
574 659 660 746 τύχῃ,
676 662 793 742 ὄρνιθος
809 662 955 743 ἁμαρτόν,

257 761 364 840 ἥσσων
377 766 436 845 γδρ
453 763 489 842 δή
507 767 612 839 κεῖνος,
629 760 689 827 ὁδ’
708 764 824 828 οίσεται
839 763 1056 845 ἡμιπέλεκκα.”

294 863 357 931 Ὣς
373 866 470 948 ἔφατ’,
486 864 564 948 ὦρτο
579 865 604 930 δ’
622 866 726 931 ἔπειτα
741 869 796 948 βίη
812 868 957 950 Τεύκροιο
972 867 1110 940 ἄνακτος,
1156 905 1158 912 ⁴

256 966 295 1032 δν
309 968 334 1031 δ’
351 968 409 1050 άρα
423 969 590 1051 Μηριόνης,
608 969 746 1052 θεράπων
762 970 811 1037 ἐὺς
826 969 1008 1050 Ἰδομενῆος.
1155 985 1204 1035 860

257 1069 385 1152 κλήρους
400 1071 425 1136 δ’
442 1074 475 1136 έν
491 1071 579 1160 κυνέῃ
594 1076 742 1156 χαλκήρεϊ
757 1072 879 1140 πάλλον
894 1076 1022 1153 ἑλόντες,

255 1178 386 1258 Τεῦκρος
401 1178 434 1241 δὲ
449 1182 565 1258 πρῶτος
580 1174 680 1263 κλήρῳ
695 1177 803 1261 λάχεν·
826 1178 932 1241 αὐτίκα
947 1177 972 1241 δ’
990 1178 1035 1243 ἰὸν

256 1277 329 1356 ήκεν
344 1279 536 1362 ἐπικρατέως,
550 1280 611 1346 οὐδ’
627 1281 795 1360 ἠπείλησεν
811 1281 916 1346 ἄνακτι

257 1381 355 1462 άρνῶν
369 1385 569 1466 πρωτογόνων
581 1383 682 1467 ῥέξειν
698 1385 819 1464 κλειτήν
834 1386 1016 1466 ἑκατόμβην.

257 1486 375 1566 όρυιθος
389 1488 446 1566 μὲν
464 1488 586 1570 ἅμαρτε·
609 1488 720 1570 μέγηρε
734 1487 793 1571 γάρ
809 1491 839 1551 οἱ
854 1489 932 1572 τόγ’
949 1489 1121 1554 Ἀπόλλων·
1154 1503 1202 1565 865

257 1587 350 1670 αύτδρ
365 1591 382 1653 ό
396 1588 541 1672 μήρινθον
554 1589 713 1672 βύλεπδρ
729 1593 815 1669 πόδα,
832 1591 868 1677 τῇ
884 1589 979 1657 δέδετ’
992 1594 1081 1674 ὄρνις·
1126 1595 1128 1602 ά

257 1691 419 1774 ἆντικρὺ·δ’
435 1694 495 1757 άπδ
509 1691 654 1776 μήρινθον
669 1693 745 1774 τάμε
759 1694 863 1775 πικρὸς
878 1695 991 1762 ὀϊστός.

256 1792 275 1872 ἡ
290 1797 346 1874 μὲν
361 1796 453 1861 ἔπειτ’
470 1795 536 1876 ἤϊξε
551 1804 625 1879 πρὸς
641 1798 775 1880 οὐρανόν,
790 1796 809 1876 ἡ
826 1802 859 1862 δὲ
874 1799 1001 1881 παρείθη

256 1895 398 1980 μήρινθος
414 1902 483 1964 ποτὶ
496 1905 597 1984 γαῖαν·
621 1902 695 1982 άτδρ
710 1900 882 1980 κελάδησαν
898 1900 1027 1984 Ἀχαιοί.

258 2003 465 2086 σπερχόμενος
480 2004 506 2068 δ’
523 2005 581 2086 ἄρα
596 2005 751 2086 Μηριόνης
767 2003 903 2086 ἐξείρυσε
917 2006 1019 2088 χειρὸς
1155 2020 1204 2082 ⁸70

257 2105 355 2185 τόξον·
379 2109 454 2190 άτδρ
468 2107 505 2188 δή
520 2109 626 2173 όϊσπδν
640 2109 711 2192 έχεν
725 2107 830 2185 πάλαι,
847 2108 887 2175 ὣς
901 2111 1012 2175 ἴθυνεν.

257 2211 363 2276 αύτίκα
378 2211 404 2277 δ’
419 2212 588 2291 ἠπείλησεν
603 2213 743 2297 έκηβόλιρ
751 2212 934 2276 ’Ἀπόλλωνι

258 2315 355 2395 άρνῶν
370 2316 569 2399 πρωτογόνων
581 2315 682 2399 ῥέξειν
697 2316 1015 2396 κλειτὴνὲκατόμβην.

257 2418 314 2499 ύφι
330 2418 356 2482 δ’
372 2418 430 2483 ὑπὸ
445 2418 563 2500 νεφέων
578 2419 639 2482 εἶδε
653 2416 789 2499 τρήρωνα
803 2417 939 2485 πέλειαν·

257 2521 292 2606 τῇ
308 2521 335 2604 ῥ’
352 2523 370 2584 ό
383 2548 420 2604 γε
435 2521 613 2586 δινεύουσαν
626 2520 685 2584 ὑπὸ
700 2520 846 2604 πτέρυγος
860 2521 944 2602 βάλε
957 2519 1087 2603 μέσσην,
1154 2535 1203 2597 875

258 2624 379 2707 άντικρύ
394 2628 427 2690 δὲ
442 2629 549 2704 διῆλθε
565 2624 672 2706 βέλος·
695 2631 730 2688 τὸ
745 2627 802 2707 μὲν
817 2624 865 2706 δψ
880 2625 931 2689 ἐπὶ
945 2627 1017 2711 γαίη

258 2730 391 2811 πρόσθεν
406 2731 563 2812 Μηριόναο
577 2727 658 2810 πάγη
674 2729 777 2794 ποδός·
801 2727 893 2811 αὐτὰρ
909 2727 927 2806 ἡ
945 2730 1026 2810 όρνις

259 2834 333 2917 ἱστῷ
350 2832 515 2916 ἐφεζομένη
532 2833 602 2912 νηδς
617 2829 838 2917 κυανοπρῴροιο

257 2935 364 3020 αὐχέν’
380 2936 597 3021 ἀπεκρέμασεν,
613 2936 670 3002 σὺν
685 2939 717 3000 δὲ
733 2938 828 3018 πτερά
842 2937 940 2999 πυκνά
954 2937 1092 3000 λίασθεν.

258 3041 333 3108 ὠκὺς
348 3039 375 3106 δ’
391 3046 424 3107 ἐκ
438 3041 557 3122 μελέων
572 3042 663 3122 θυμὸς
677 3039 782 3116 πτάτο,
798 3042 871 3117 τῆλε
886 3037 911 3103 δ’
929 3037 980 3103 ἀπ’
996 3039 1086 3102 αύτοῢ
1155 3053 1205 3102 88ο

258 3143 405 3210 κάππεσε·
427 3147 498 3210 λαοὶ
514 3143 540 3209 δ’
556 3145 592 3208 αὖ
607 3143 734 3223 θηεῦντό
748 3168 781 3207 τε
797 3141 961 3224 θάμβησάν
976 3167 1018 3208 τε.

257 3247 296 3312 δν
310 3247 336 3312 δ’
352 3249 410 3331 ἄρα
424 3249 580 3332 Μηριόνης
595 3247 741 3313 πελέκεας
756 3246 828 3311 δέκα
843 3245 957 3312 πάντας
972 3245 1062 3326 άειρε,

256 3356 387 3433 Τεῦκρος
403 3352 428 3416 δ’
442 3351 630 3432 ἡμιπέλεκκα
645 3350 739 3433 φέρεν
754 3351 859 3416 κοίλας
874 3350 925 3413 ἐπὶ
940 3351 1022 3426 νῆας.

302 3455 402 3538 Αύτδρ
418 3455 573 3535 Πηλείδης
588 3457 663 3519 κατὰ
676 3457 733 3536 μέν
748 3454 947 3538 δολιχόσκιον
962 3453 1063 3536 ἔγχος,

258 3562 313 3623 κίιδ
328 3562 361 3624 δὲ
376 3557 483 3640 λέβητ’
499 3560 622 3641 άπυρον,
635 3558 712 3639 βοὸς
728 3556 822 3638 ἄξιον,
840 3556 1023 3635 ἀνθεμόεντα
1155 3571 1203 3634 885

258 3661 322 3742 θῆκ’
339 3664 371 3728 ές
386 3664 489 3744 άγῶνα
502 3660 613 3744 φέρων·
637 3661 687 3725 καί
700 3660 726 3744 ῤ’
742 3660 851 3741 ήμονες
867 3659 973 3741 ἄνδρες
988 3658 1128 3724 άυέσταν·

257 3767 296 3835 δν
309 3771 367 3849 μὲν
381 3764 427 3850 ἄρ’
444 3763 596 3848 Ἀτρείδης
611 3766 786 3848 εύρυκρείων
799 3762 1007 3847 Ἀγαμέμνων,
