2738 4226
466 863 681 940 ΙΛΙΑΔΟΣ
707 869 760 943 Μ.

526 1101 697 1112 ι--ι-ι

500 1263 723 1364 Τειχομαχία.

177 1440 238 1508 Ὧς
255 1444 271 1505 ὃ
286 1443 342 1523 μὲν
357 1443 389 1505 ἓν
405 1441 543 1527 κλισίῃσι
558 1443 721 1506 Μενοιτίου
737 1440 862 1519 άλκιμας
876 1438 940 1505 υίὸς

145 1545 195 1607 ἰᾶτ’
211 1546 389 1627 Εὐρύπυλον
403 1543 609 1624 βεβλημένον·
632 1548 661 1608 οί
677 1545 701 1608 δ’
719 1543 868 1626 ἐμάχοντο

142 1647 272 1730 Ἀργεῖοι
288 1649 337 1711 καὶ
351 1653 452 1729 Τρῶες
468 1649 623 1726 ὁμιλαδόν·
648 1645 709 1712 οὐδ’
725 1647 770 1726 ἄρ’
787 1648 898 1727 ἔμελλε

142 1750 253 1832 τάφρος
270 1750 314 1813 ἔτι
330 1749 462 1832 σχήσειν
478 1756 606 1815 Δαναῶν
622 1751 670 1813 καὶ
686 1755 786 1833 τεῖχος
801 1751 929 1830 ὕπερθεν

143 1854 215 1934 εὐρύ,
232 1853 267 1916 τδ
282 1851 449 1930 ποιήσαντο
466 1859 542 1916 νεῶν
555 1855 640 1933 ὕπερ,
656 1853 733 1933 άμφὶ
748 1853 781 1916 δὲ
796 1851 911 1932 τάφρον
1068 1878 1082 1926 5

140 1956 268 2034 ἤλασαν,
294 1955 362 2017 οὐδὲ
378 1959 477 2018 θεοῖσι
492 1956 587 2020 δόσαν
603 1956 723 2021 κλειτὰς
738 1957 916 2033 ἑκατόμβας,

141 2062 220 2141 όφρα
237 2067 316 2140 σφιν
332 2057 405 2136 νῆάς
419 2083 453 2122 τε
468 2062 540 2124 θοάς
557 2061 605 2122 καὶ
620 2057 711 2136 ληίδα
726 2059 846 2137 πολλὴν

141 2163 224 2228 ἐντὸς
240 2162 314 2243 έχον
328 2162 439 2242 ῥύοιτο·
464 2165 541 2226 θεῶν
556 2161 582 2224 δ’
597 2160 698 2240 ἀέκητι
714 2160 834 2226 τέτυκτο

140 2263 306 2330 ἀθανάτων·
330 2264 364 2327 τά
380 2265 428 2326 καὶ
443 2264 477 2326 οὔ
492 2287 521 2327 τι
536 2263 634 2328 πολὺν
648 2265 760 2346 χρόνον
776 2265 904 2342 ἔμπεδον
920 2263 982 2342 ἦεν.

140 2371 221 2449 ὄφρα
234 2371 290 2445 μὲν
300 2365 419 2446 Ἕκτωρ
435 2365 508 2443 ζωός
525 2367 577 2445 έην
593 2368 641 2430 καὶ
655 2363 737 2446 μήνι’
752 2365 913 2448 Ἀχιλλεὺς
1056 2393 1085 2426 10

140 2475 187 2534 καὶ
204 2469 357 2552 Πριάμοιο
372 2470 500 2534 ἄνακτας
516 2471 684 2549 ἀπόρθητος
699 2469 789 2535 πόλις
804 2470 888 2544 έπλε,

138 2576 239 2654 τόφρα
254 2575 287 2636 δὲ
304 2573 352 2634 καὶ
366 2571 445 2653 μέγα
460 2576 561 2653 τεῖχος
575 2571 709 2654 Ἀχαιῶν
725 2573 855 2651 ἔμπεδον
869 2571 932 2650 ἦεν.

137 2678 231 2757 αὐτὰρ
247 2677 314 2739 ἐπεὶ
331 2678 406 2738 κατὰ
420 2677 474 2754 μὲν
489 2676 601 2754 Τριόων
617 2673 709 2738 θάνον
724 2677 815 2737 ὅσσοι
830 2675 957 2755 άριστοι,

137 2780 251 2842 πολλοὶ
268 2777 292 2840 δ’
308 2777 454 2858 Ἀργείων
470 2779 498 2840 οί
512 2779 568 2856 μὲν
583 2776 685 2857 δάμεν,
702 2779 731 2840 οί
746 2777 771 2840 δ’
787 2779 940 2851 ἐλίποντο,

136 2883 266 2964 πέρθετο
282 2883 315 2944 δὲ
330 2879 479 2960 Πριάμοιο
495 2881 585 2968 πόλις
600 2879 713 2964 δεκάτῳ
729 2882 863 2963 ἐνιαυτῷ,
1057 2908 1084 2956 ¹5

135 2985 273 3067 Ἀργεῖοι
288 2981 314 3046 δ’
331 2985 365 3048 ἐν
380 2985 468 3060 νηυσὶ
484 2983 580 3063 φίλην
595 2987 627 3048 ές
643 2982 759 3063 πατρίδ’
776 2983 903 3062 ἔβησαν,

136 3089 174 3166 δὴ
189 3088 260 3150 τότε
274 3087 441 3166 μητιόωντο
457 3086 639 3151 Ποσειδάων
655 3088 703 3150 καὶ
720 3087 883 3150 Ἀπόλλων

135 3197 241 3273 τεῖχος
256 3191 435 3269 ἀμαλδῦναι,
452 3195 594 3267 ποταμῶν
608 3189 698 3268 μένος
714 3189 939 3270 εἰσαγαγόντες.

135 3296 231 3357 ὅσσοι
247 3292 297 3355 ἀπ’
314 3291 432 3354 Ἰδαίων
446 3291 540 3373 ὀρέων
555 3292 650 3358 άλαδε
665 3291 834 3373 προρέουσι,

133 3394 248 3473 Ῥῆσός
264 3393 291 3456 θ’
306 3392 497 3475 Ἑπτάπορός
512 3419 546 3458 τε
561 3393 703 3476 Κάρησός
717 3419 750 3458 τε
764 3392 880 3459 Ῥοδίος
894 3419 929 3458 τε
1056 3419 1087 3454 20

133 3496 284 3578 Γρήνικός
299 3521 332 3560 τε
349 3498 398 3560 καὶ
414 3500 553 3576 Αἴσηπος
568 3499 631 3563 δῖός
646 3521 679 3560 τε
696 3495 888 3578 Σκάμανδρος

135 3601 188 3663 καὶ
204 3600 336 3678 Σιμόεις,
354 3599 402 3661 ὅθι
417 3602 521 3664 πολλὰ
535 3598 669 3681 βοάγρια
684 3599 733 3662 καὶ
748 3598 928 3679 τρυφάλειαι

134 3701 299 3766 κάππεσον
315 3704 349 3764 έν
365 3702 482 3787 κονίῃσι
498 3703 547 3764 καὶ
565 3701 696 3780 ἡμιθέων
711 3700 798 3784 γένος
812 3702 935 3781 ἀνδρῶν·
