2834 4234
264 340 328 410 750
549 338 597 408 15.
629 325 865 389 ολνυυυικυ
896 327 936 387 ο.

298 496 363 563 Ὠς
378 496 472 562 είπὼν
488 497 520 559 ἐν
535 496 614 577 χειρὶ
629 496 705 560 τίθει
720 493 813 560 δέπας
828 490 1060 572 ἀμφικύπελλον
1163 515 1211 550 ιιο

262 601 340 680 ἥρως
353 597 517 681 Ἀτρείδης·
540 601 556 662 ὁ
573 599 598 662 δ’
614 602 671 680 ἄρα
687 601 816 679 κρητῆρα
832 595 958 677 φαεινὸν

265 703 330 781 θῆκ’
346 704 434 767 αύτοῦ
449 702 632 784 προπάροιθε
647 703 748 784 φέρων
764 706 903 782 κρατερὸς
920 695 1129 780 Μεγαπένθης,

264 807 416 890 ἀργύρεον·
438 804 550 886 Ἑλένη
567 810 599 870 δέ
614 808 781 885 παρίστατο
796 802 1002 888 καλλιπάρῃος

265 911 384 975 πέπλον
401 911 504 994 ἔχουσ’
520 913 553 974 ἐν
566 911 683 992 χερσίν,
701 909 772 974 ἔπος
787 908 812 972 τ’
829 907 915 987 ἔφατ’
932 907 965 970 ἔκ
980 906 1006 968 τ’
1021 905 1158 985 ὀνόμαζε·

262 1008 280 1049 “
291 1016 386 1096 δῶρόν
401 1041 446 1078 τοι
464 1012 511 1078 καὶ
527 1015 596 1096 ἐγώ,
612 1012 718 1078 τέκνον
734 1013 817 1093 φίλε,
834 1015 920 1074 τοῦτο
935 1011 1049 1090 δίδωμι,
1163 1033 1210 1082 1²5

262 1119 352 1200 μνῆμ’
367 1117 492 1196 Ἑλένης
506 1124 622 1202 χειρῶν,
637 1116 826 1198 πολυηράτου
841 1117 872 1182 ἐς
887 1113 984 1197 γάμου
999 1115 1088 1194 ὥρην,

265 1225 304 1310 σῇ
320 1223 425 1306 ἀλόχῳ
441 1219 570 1304 φορέειν·
593 1223 664 1298 τῆος
680 1221 712 1283 δέ
728 1221 805 1305 φίλῃ
821 1221 902 1300 παρὰ
916 1215 1003 1299 μητρὶ

264 1319 384 1390 κεῖσθαι
400 1322 443 1389 ἐνὶ
456 1324 585 1409 μεγάρῳ.
609 1322 648 1386 σά
663 1321 695 1387 δέ
708 1349 760 1404 μοι
776 1323 890 1405 χαίρων
905 1319 1027 1402 ἀφίκοιο

265 1429 348 1493 οἶκον
364 1429 538 1509 ἐϋκτίμενον
553 1429 602 1491 καὶ
619 1427 678 1506 σὴν
697 1429 727 1492 ἐς
743 1427 869 1506 πατρίδα
884 1425 1002 1508 γαῖαν.”

301 1532 365 1599 Ὣς
381 1530 498 1595 είποῦσ’
514 1533 546 1595 ἐν
560 1532 650 1615 χερσὶ
665 1532 750 1608 τίθει,
766 1532 783 1593 ὁ
801 1526 826 1592 δ’
844 1527 966 1608 ἐδέξατο
980 1529 1103 1611 χαίρων.
1165 1553 1213 1601 ¹30

266 1634 313 1698 καὶ
329 1637 435 1714 τὰμὲν
450 1637 481 1700 ἐς
497 1636 635 1714 πείρινθα
650 1635 726 1698 τίθει
743 1634 965 1714 Πεισίστρατος
979 1631 1057 1712 ἥρως

264 1737 433 1819 δεξάμενος,
450 1735 499 1801 καὶ
515 1736 613 1802 πάντα
628 1739 667 1822 ἐφ
683 1734 816 1816 θηήσατο
836 1737 927 1821 θυμῳ·

265 1841 332 1908 τοὺς
348 1841 373 1905 δ’
389 1841 444 1924 ἦγε
460 1846 533 1920 πρδς
549 1846 633 1920 δῶμα
648 1840 721 1922 κάρη
736 1838 843 1918 ξανθὸς
859 1837 1029 1905 Μενέλαος.

265 1947 392 2024 ἑζέσθην
408 1944 433 2008 δ’
451 1945 497 2024 ἀρ’
514 1945 617 2008 ἔπειτα
633 1943 707 2008 κατὰ
724 1941 869 2020 κλισμούς
884 1967 916 2006 τε
934 1942 1056 2023 θρόνους
1074 1966 1116 2005 τε.

263 2047 392 2132 χέρνιβα
407 2047 432 2112 δ’
450 2050 626 2129 ἀμφίπολος
641 2047 762 2130 προχόῳ
780 2046 906 2128 ἐπέχευε
922 2043 1057 2126 φέρουσα
1163 2071 1211 2121 ¹35

265 2155 342 2239 καλῇ
357 2153 495 2238 χρυσείῃ,
509 2155 584 2233 ύπέρ
600 2151 755 2234 ἀργυρέοιο
770 2151 909 2231 λέβητος,

265 2257 423 2337 νίψασθαι·
447 2259 527 2336 παρὰ
542 2257 574 2320 δέ
591 2253 702 2334 ξεστὴν
717 2253 865 2318 ἐτάνυσσε
881 2253 1038 2334 τράπεζαν.

265 2366 351 2424 σῖτον
367 2358 391 2423 δ’
408 2360 505 2435 αίδοίη
525 2361 614 2439 ταμίη
630 2358 780 2439 παρέθηκε
796 2357 942 2438 φέρουσα,

264 2463 381 2545 [εἴδατα
395 2461 488 2525 πόλλ’
504 2463 652 2540 ἐπιθεῖσα,
667 2462 846 2545 χαριζομένη
863 2456 1061 2547 παρεόντων]

265 2568 325 2642 πάρ
342 2568 374 2628 δέ
391 2564 557 2643 Βοηθοίδης
574 2565 644 2646 κρέα
659 2567 760 2630 δαίετο
776 2563 824 2629 καὶ
841 2563 911 2644 νέμε
926 2565 1040 2647 μοίρας·
1164 2592 1212 2644 ¹40

266 2671 399 2752 οίνοχόει
416 2667 440 2732 δ’
457 2669 522 2736 υίὸς
537 2669 698 2734 Μενελάου
713 2670 897 2748 κυδαλίμοιο.

266 2775 294 2836 οἶ
310 2773 334 2836 δ’
352 2773 399 2836 ἐπ’
415 2774 526 2838 ὀνείαθ’
542 2777 645 2854 ἑτοῖμα
659 2773 838 2854 προκείμενα
853 2777 957 2855 χεῖρας
973 2775 1091 2837 ίαλλον.

266 2876 358 2957 αὐτὰρ
374 2873 440 2940 ἐπεὶ
459 2877 567 2942 πόσιος
584 2879 632 2940 καὶ
648 2876 768 2954 ἐδητύος
783 2873 819 2954 ἐξ
833 2876 901 2957 ἔρον
916 2876 991 2952 έντο,

266 2979 301 3057 δὴ
317 2979 384 3042 τότε
399 2978 577 3062 Τηλέμαχος
593 2981 642 3043 καὶ
659 2979 814 3060 Νέστορος
830 2980 944 3060 ἀγλαὸς
960 2979 1024 3045 υἱὸς
1181 3063 1186 3071 ¹

265 3083 374 3149 ίππους
389 3107 421 3147 τε
439 3083 588 3166 ζεύγνυντ’
604 3083 661 3148 ἀνά
676 3082 703 3146 θ’
719 3082 835 3163 άρματο
850 3082 960 3146 ποικίλ’
975 3082 1110 3162 ἔβαινον,
1163 3110 1211 3163 ¹45

266 3188 298 3248 ἐκ
315 3183 340 3248 δ’
356 3185 471 3249 ἔλασαν
487 3186 649 3266 προθύροιο
662 3181 713 3248 καί
729 3186 872 3264 αἰθούσης
888 3186 1052 3267 ἐριδούπου.

265 3287 334 3354 τοὺς
349 3291 382 3352 δὲ
396 3289 460 3368 μετ’
475 3288 627 3370 Ἀτρείδης
643 3287 704 3352 ἔκιε
721 3285 829 3366 ξανθὸς
845 3288 1012 3365 Μενέλαος,

266 3392 349 3458 οἶνον
365 3393 444 3474 ἔχων
459 3395 492 3456 ἐν
507 3395 587 3477 χειρὶ
601 3393 770 3474 μελίφρονα
786 3391 968 3474 δεξιτερῆφι,

266 3499 298 3560 ἐν
313 3495 403 3560 δέπαϊ
414 3496 544 3582 χρυσέῳ,
561 3499 643 3579 όφρα
657 3498 804 3578 λείψαντε
821 3499 941 3575 κιοίτην.
1082 3571 1085 3576 .

266 3603 323 3678 στῆ
341 3600 365 3665 δ’
381 3602 481 3664 ἵππων
495 3601 688 3682 προπάροιθε,
705 3603 916 3681 δεδισκόμενος
931 3602 964 3664 δέ
980 3601 1142 3683 προσηύδα·
1165 3628 1212 3678 ¹50

267 3712 285 3740 “
297 3705 445 3789 χαίρετον,
462 3700 484 3765 ὦ
501 3703 605 3784 κούρω,
622 3707 671 3769 καὶ
687 3704 821 3785 Νέστορι
840 3703 960 3785 ποιμένι
975 3711 1060 3771 λαῶν
1178 3767 1182 3772 .
