2788 4230
262 328 323 411 788
546 345 593 412 17·
625 335 858 396 ολυνυοικυ
889 337 920 397 P.

255 517 305 582 “ὣ
320 521 423 592 πόποι,
441 522 505 584 οἷον
518 520 600 586 ἔειπε
616 523 693 585 κύων
708 522 849 602 ὀλοφώϊα
867 522 961 598 εἶδός,

256 625 308 688 τόν
322 621 390 686 ποτ’
407 624 484 706 ἔγάν
500 621 548 689 ἐπὶ
565 631 635 704 νηὸς
649 625 834 705 ἐϋσσέλμοιο
848 626 993 705 μελαίνης

257 724 319 804 ἄξω
334 726 400 806 τῆλ’
418 727 545 806 Ἰθάκης,
561 731 612 792 ἵνα
627 755 678 810 μοι
693 729 801 808 βίοτον
817 727 914 793 πολὺν
929 728 1035 809 ἀλφοι.
1157 755 1209 805 ²50

257 830 287 895 αἲ
302 830 360 913 γὰρ
375 830 558 915 Τηλέμαχον
572 832 668 912 βάλοι
683 831 880 914 ἀργυρότοξος
896 833 1059 897 Ἀπόλλων

258 932 389 1016 σήμερον
404 936 437 998 ἓν
451 934 600 1018 μεγάροις,
615 932 633 1013 ῆ
650 938 708 999 ὑπὸ
723 938 890 1017 μνηστῆρσι
907 938 1024 1015 δαμείη,

258 1038 297 1104 ὡς
311 1036 441 1116 Ὀδυσῆΐ
454 1066 490 1120 γε
505 1043 598 1117 τηλοῦ
614 1041 752 1104 ἀπώλετο
768 1041 910 1119 νόστιμον
924 1037 1031 1121 ῆμαρ.”

294 1140 358 1207 Ὠς
374 1143 465 1206 εἰπὼν
480 1143 548 1208 τούς
562 1145 618 1222 μὲν
632 1143 723 1208 λίπεν
737 1143 839 1206 αὐτόθι
854 1142 912 1222 ῆκα
928 1144 1054 1218 κιόντας,

258 1244 350 1327 αὐτὰρ
367 1247 383 1308 ό
398 1248 451 1325 βῆ,
465 1244 547 1324 μάλα
563 1246 588 1310 δ’
602 1244 664 1310 ἀκα
680 1248 787 1327 δόμους
802 1249 904 1310 ἵκανεν
917 1245 1054 1312 ἄνακτος.
1159 1272 1208 1321 255

258 1350 363 1413 αὐτίκα
379 1349 403 1412 δ’
420 1352 494 1413 είσω
509 1353 564 1426 ἵεν,
579 1350 654 1428 μετὰ
668 1354 700 1414 δὲ
715 1353 885 1430 μνηστῆρσι
906 1351 1033 1428 καθῖζεν,

258 1454 361 1516 ἀντίον
377 1452 561 1536 Εὐρυμάχου·
593 1459 644 1518 τάν
659 1454 716 1536 γὰρ
732 1455 880 1534 φιλέεσκε
896 1455 1040 1535 μάλιστα.

259 1557 299 1641 τῷ
316 1555 396 1636 πάρα
410 1558 465 1633 μὲν
482 1563 587 1635 κρειῶν
601 1562 708 1636 μοῖραν
724 1554 819 1622 θέσαν
836 1557 865 1620 οἳ
881 1557 1036 1634 πονέοντο,

259 1665 345 1724 σῖτον
361 1659 384 1722 δ’
402 1660 499 1738 αἰδοίη
515 1661 604 1738 ταμίη
620 1659 770 1739 παρέθηκε
787 1660 923 1740 φέρουσα

259 1762 388 1844 ἔδμεναι.
418 1764 586 1847 ἀγχίμολον
602 1760 627 1826 δ’
641 1764 786 1830 Ὀδυσεὺς
803 1766 851 1828 καὶ
867 1769 930 1830 δῖος
943 1764 1081 1846 ὑφορβὸς
1159 1778 1210 1827 260

259 1865 371 1945 στήτην
387 1866 546 1948 ἐρχομένω,
561 1868 631 1949 περὶ
647 1866 680 1931 δέ
696 1876 796 1949 σφεας
810 1867 896 1947 ἤλυθ’
914 1868 968 1947 ίωῆ

259 1971 427 2052 φόρμιγγος
441 1975 609 2052 γλαφυρῆς·
640 1972 696 2035 ἀνά
710 1973 769 2054 γάρ
785 1979 878 2053 σφισι
893 1970 1023 2052 βάλλετ’
1039 1973 1150 2036 ἀείδειν

259 2072 386 2153 Φήμιος.
427 2073 517 2155 αὐτὰρ
533 2076 548 2136 ὁ
564 2081 665 2157 χειρὸς
681 2077 759 2140 ἑλὼν
774 2075 937 2157 προσέειπε
953 2074 1105 2155 συβώτην·

260 2182 280 2212 “
291 2174 406 2255 Εὔμαι’,
423 2176 442 2256 ῆ
456 2177 540 2256 μάλα
556 2178 591 2256 δὴ
607 2177 678 2242 τόδε
696 2180 819 2258 δόματα
838 2180 904 2242 κάλ’
919 2179 1077 2258 Ὀδυσῆος,

258 2283 324 2364 ῥεῖα
339 2280 364 2344 δ’
381 2281 519 2362 ἀρίγνωτ’
536 2278 603 2345 ἐστὶ
620 2283 668 2346 καὶ
685 2284 717 2345 έν
732 2287 898 2346 πολλοῖσιν
914 2283 1041 2349 ἰδέσθαι.
1161 2296 1209 2360 265

261 2383 297 2463 ἐξ
310 2384 419 2466 ἑτέρων
435 2384 510 2464 ἕτερ’
526 2385 619 2461 ἐστίν,
635 2383 802 2464 ἐπήσκηται
818 2386 851 2450 δέ
867 2389 896 2449 οἱ
914 2386 991 2465 αὐλῆ

260 2489 353 2571 τοίχῳ
370 2487 418 2551 καὶ
434 2493 594 2569 θριγκοῖσι,
612 2489 697 2570 θόραι
714 2490 739 2552 δ’
756 2489 887 2570 εὐερκέες
910 2487 970 2554 εἰσὶ

260 2593 417 2658 δικλίδες.
432 2591 485 2655 οὐκ
500 2592 537 2654 ἄν
553 2593 597 2658 τίς
612 2618 664 2672 μιν
679 2594 753 2674 ἀνὴρ
768 2595 1038 2674 ὑπεροπλίσσαιτο.

187 2737 192 2761 ι
260 2695 418 2778 γιγνόσκω
434 2692 459 2758 δ’
475 2696 521 2758 ότι
536 2697 647 2760 πολλοὶ
664 2700 697 2760 ἐν
712 2697 791 2782 αὐτῷ
807 2701 893 2762 δαῖτα
908 2698 1039 2760 τίθενται

260 2798 375 2880 ἄνδρες,
393 2803 459 2864 ἐπεὶ
476 2802 562 2878 κνίση
578 2803 634 2880 μὲν
650 2786 801 2880 ήνήνοθεν,
818 2803 851 2865 έν
866 2801 900 2865 δέ
914 2827 947 2866 τε
962 2798 1099 2884 φόρμιγξ
1159 2826 1209 2875 ²70

167 2925 171 2936 '
260 2902 356 2979 ἠπύει,
372 2901 410 2982 ῆν
426 2904 482 2985 ἀρα
499 2905 576 2968 δαιτὶ
592 2902 654 2968 θεοὶ
670 2906 802 2984 ποίησαν
819 2901 967 2985 ἑταίρην.”

304 3011 366 3072 Τὸν
381 3007 407 3071 δ’
422 3008 667 3088 ἀπαμειβόμενος
682 3008 851 3089 προσέφης,
868 3009 980 3088 Εὔμαιε
995 3013 1131 3088 συβῶτα·

261 3111 281 3141 “
290 3109 348 3189 ῥεῖ’
365 3109 467 3192 ἔγνως,
483 3112 549 3175 ἐπεὶ
565 3112 632 3175 οὐδὲ
648 3110 725 3174 τότ’
740 3112 824 3175 ἄλλα
839 3111 895 3193 πέρ
910 3111 978 3178 ἔσσ’
994 3110 1141 3191 ἀνοήμων.

261 3209 330 3275 ἀλλ’
345 3210 401 3295 ἀγε
417 3214 453 3293 δῆ
470 3215 638 3296 φραζώμεθ’
654 3216 736 3281 ὅπως
751 3216 839 3280 ἔσται
854 3214 924 3280 τάδε
940 3215 1022 3297 ἔργα.

261 3314 296 3393 ἠὲ
312 3315 351 3378 σὺ
366 3325 483 3398 πρῶτος
499 3320 608 3382 ἔσελθε
622 3318 731 3396 δόμους
747 3317 779 3383 εὐ
795 3318 996 3395 ναιετάοντας,
1162 3343 1210 3396 275

262 3416 352 3481 δόσεο
367 3422 400 3482 δὲ
414 3424 598 3500 μνηστῆρας,
616 3422 675 3503 ἐγὼ
692 3421 717 3484 δ’
732 3423 939 3503 ὑπολείψομαι
955 3422 1054 3485 αὐτοῦ·

263 3523 290 3586 εί
306 3520 331 3584 δ’
346 3521 470 3598 ἐθέλεις,
487 3524 650 3603 ἐπίμεινον,
667 3526 726 3608 ἐγὼ
742 3525 767 3588 δ’
783 3525 844 3604 εἶμι
860 3523 1053 3606 προπάροιθε.

262 3625 337 3704 μηδὲ
351 3623 390 3687 σύ
405 3626 552 3705 δηθύνειν,
568 3626 609 3707 μή
625 3631 669 3694 τίς
684 3628 713 3690 σ’
731 3628 857 3692 ἔκτοσθε
872 3626 986 3706 νοήσας

261 3726 281 3806 ῆ
296 3726 380 3815 βάλῃ
395 3725 413 3807 ῆ
429 3728 536 3814 ἐλάσῃ·
570 3730 607 3794 τὰ
622 3731 657 3794 δέ
670 3757 708 3795 σε
723 3730 890 3813 φράζεσθαι
905 3730 1036 3816 amaya?
