2874 4234
277 334 340 420 ⁶32
570 332 599 395 8.
629 336 863 397 οΔκΣΣκιΑΣ
894 336 934 397 ο.

277 504 360 570 ἀλλὰ
371 504 458 579 τοκῆε
474 501 543 576 δύω,
559 503 599 566 τιδ
615 503 656 583 μὴ
671 504 831 585 γείνασθαι
847 506 994 585 ὄφελλον.

277 608 348 673 ἀλλ’
364 607 484 688 ὄψεσθ’,
500 609 550 671 ἰυα
569 606 609 670 τό
624 632 662 688 γε
677 607 855 670 καθεύδετον
870 609 903 672 ἐν
918 608 1071 687 φιλότητι,

277 715 320 777 εἰς
336 708 393 790 ἐμὰ
407 710 511 791 δέμνια
525 710 646 789 βάντες·
670 710 729 789 ἐγὼ
746 709 771 773 δ’
792 711 887 792 ὁρόων
903 709 1065 793 ἀκάχημαι.

277 817 310 881 ού
324 814 381 896 μέν
397 823 497 896 σφεας
513 815 553 878 ἔτ’
570 815 667 878 ἔολπα
682 813 809 892 μίνυνθά
826 841 862 896 γε
878 814 995 895 κειέμεν
1011 818 1098 896 οὕτω,
1179 843 1228 893 3¹5

278 919 328 982 καὶ
342 917 425 997 μάλα
441 943 498 998 περ
513 917 665 999 φιλέοντε·
688 917 755 1001 τάχ’
771 919 824 981 οἰκ
840 917 1026 997 ἐθελήσετον
1041 921 1133 1002 ἄμφω

278 1024 384 1086 εὕδειν·
408 1022 489 1084 ἀλλά
506 1028 593 1102 σφωε
608 1022 698 1087 δόλος
713 1022 763 1085 καὶ
778 1022 889 1100 δεσμὸς
905 1021 1012 1102 ἐρύξει,

278 1127 321 1191 εἰς
337 1127 354 1188 ό
370 1125 404 1188 κέ
420 1150 472 1204 μοι
483 1125 567 1202 μάλα
582 1123 681 1188 πάντα
696 1124 792 1205 πατὴρ
809 1125 965 1210 ἀποδῷσιν
980 1127 1077 1204 ἔεδνα,

279 1230 360 1292 όσσα
376 1231 405 1291 οἱ
421 1227 588 1311 ἐγγυάλιξα
603 1229 767 1293 κυνώπιδος
783 1230 884 1293 εἵνεκα
900 1228 1015 1310 κούρης,

278 1331 386 1395 ούνεκά
401 1333 430 1394 οἰ
447 1332 526 1410 καλὴ
542 1331 680 1414 θυγάτηρ,
697 1333 771 1412 ἀτὰρ
790 1331 843 1395 ούκ
860 1330 1035 1415 ἐχὲθυμος.”
1180 1361 1230 1409 320

316 1436 379 1503 Ὣς
395 1437 492 1518 ἔφαθ’,
509 1439 539 1500 οἰ
555 1437 580 1501 δ’
596 1435 741 1519 ἀγέροντο
757 1438 821 1501 θεοὶ
836 1439 907 1501 ποτὶ
922 1441 1118 1520 χαλκοβατὲς
1135 1443 1186 1502 δῶ·

279 1539 355 1619 ἦλθε
371 1540 549 1605 Ποσειδάων
563 1538 720 1624 γαιήοχος,
737 1539 805 1618 ἦλθ’
822 1541 956 1622 ἐριούνης

278 1643 427 1726 Ἑρμείας,
443 1643 538 1729 ἦλθεν
553 1645 587 1706 δὲ
602 1643 682 1722 ἀναξ
695 1643 837 1725 ἑκάεργος
852 1645 1026 1710 Ἀπόλλων.

280 1751 440 1828 θηλύτεραι
455 1751 488 1811 δὲ
505 1749 573 1811 θεαὶ
586 1745 680 1825 μένον
695 1749 776 1810 αἰδοῖ
790 1748 866 1810 οἴκοι
886 1747 1006 1825 ἑκάστη.

281 1852 374 1915 έσταν
389 1851 414 1914 δ’
427 1853 460 1914 ἐν
474 1851 653 1932 προθύροισι
668 1851 742 1928 θεοί,
759 1855 888 1931 δωτῆρες
905 1852 993 1915 ἑάων·
1182 1878 1230 1927 3²5

282 1956 438 2035 ἄσβεστος
453 1954 479 2017 δ’
494 1954 540 2030 ἀρ’
556 1956 665 2035 ἐνῶρτο
680 1953 778 2037 γέλως
793 1954 964 2035 μακάρεσσι
980 1961 1079 2020 θεοῖσι

279 2060 388 2143 τέχνας
408 2061 569 2141 εἰσορόωσι
586 2057 986 2140 πολύφρονοςἹ-Ιφαίστοιο.

280 2162 337 2223 ὦδε
353 2158 386 2222 δέ
401 2185 446 2224 τις
461 2161 603 2223 εἴπεσκεν
618 2158 689 2221 ἰδὼν
704 2160 735 2223 ἐς
750 2160 883 2236 πλησίον
899 2160 1006 2224 ἄλλον·

324 2269 345 2299 “
357 2265 420 2328 Οὐκ
436 2264 527 2346 ἀρετᾷ
542 2261 618 2326 κακὰ
634 2264 716 2344 ἔργα·
740 2264 857 2347 κιχάνει
873 2291 919 2328 τοι
934 2265 1048 2347 βραδὺς
1064 2265 1151 2345 ὠκύν,

281 2368 320 2433 ὡς
336 2369 384 2430 καὶ
400 2372 453 2430 νῦν
464 2365 641 2446 Ἥφαιστος
659 2367 717 2429 ἐὼν
731 2368 845 2447 βραδὺς
861 2370 945 2432 εἶλεν
955 2369 1064 2449 Ἀρηα,
1183 2396 1233 2444 330

281 2466 431 2528 ὠκύτατόν
447 2491 503 2546 περ
519 2465 606 2530 ἐόντα
622 2469 697 2531 θεῶν
713 2465 741 2530 οδ
753 2466 916 2548 Ὀλυμπον
931 2469 1038 2551 έχουσι

280 2570 381 2648 χωλδς
397 2566 454 2628 ἐὼν
468 2565 604 2650 τέχνῃσι·
628 2564 662 2629 τὸ
681 2567 730 2630 καὶ
745 2567 898 2650 μοιχάγρι’
913 2566 1074 2647 ἀφέλλει.”

317 2668 381 2734 Ὠς
393 2671 421 2732 οἰ
436 2671 491 2749 μὲν
506 2675 628 2732 τοιαῦτα
645 2676 718 2752 πρὸς
734 2670 888 2749 ἀλλήλους
903 2672 1056 2753 ἀγόρευον·

279 2771 395 2854 Ἑρμῆν
410 2776 442 2836 δὲ
458 2771 638 2854 προσέειπεν
653 2771 732 2852 άναξ
746 2780 820 2840 Διὸς
835 2774 899 2840 υἱὸς
914 2775 1085 2839 Ἀπόλλων·

326 2876 487 2958 “Ἑρμεία,
503 2883 577 2943 Διὸς
591 2877 649 2953 υἰέ,
665 2877 809 2958 διάκτορε,
826 2884 919 2960 δῶτορ
935 2879 1023 2956 ἑάων,
1182 2906 1231 2957 335

281 2981 300 3061 ἦ
314 2982 353 3065 ῥά
368 3008 419 3045 κεν
435 2983 468 3046 έν
484 2987 607 3060 δεσμοῖς
621 2981 739 3046 ἐθέλοις
756 2988 927 3062 κρατεροῖσι
942 2981 1079 3050 πιεσθεὶς

283 3088 378 3150 εὕδειν
397 3087 428 3149 ἐν
443 3087 598 3166 λέκτροισι
614 3083 693 3165 παρὰ
708 3083 822 3170 χρυσέη
837 3085 1001 3172 Ἀφροδίτη
1014 3112 1025 3160 ,·
1039 3086 1057 3110 ”

325 3189 387 3253 Τδν
402 3189 427 3253 δ’
443 3188 578 3269 ἠμείβετ’
594 3188 698 3253 ἔπειτα
712 3188 867 3269 διάκτορος
883 3191 1092 3273 ἀργειφόντης·

284 3299 305 3329 “
315 3293 345 3357 αἰ
362 3297 420 3375 γὰρ
436 3299 522 3356 τοῦτο
537 3291 667 3374 γεύοιτο,
683 3290 762 3371 ἀυαξ
775 3293 938 3373 ἑκατηβόλ’
952 3293 1120 3360 Ἀπολλου.

283 3394 390 3476 δεσμοὶ
405 3399 460 3475 μὲν
475 3397 537 3476 τρὶς
552 3397 660 3458 τόσσοι
677 3396 834 3476 ἀπείρονες
849 3395 942 3479 ἀμφὶς
958 3397 1070 3481 ἔχοιεν,
1182 3427 1233 3477 340

283 3503 367 3579 ὑμεῖς
382 3498 406 3562 δ’
424 3500 583 3582 εἰσορόῳτε
599 3500 663 3562 θεοὶ
682 3502 780 3563 πᾶσαί
794 3525 827 3564 τε
844 3498 970 3578 θέαιναι,

284 3603 376 3685 αὐτὰρ
388 3603 465 3682 έγδν
481 3603 594 3681 εὕδοιμι
612 3605 694 3684 παρὰ
708 3603 826 3691 χρυσέη
844 3601 1036 3691 Ἀφροδίτη.”

322 3706 384 3773 Ὣς
399 3704 496 3785 ἔφατ’,
513 3705 546 3769 ἐν
561 3708 594 3768 δὲ
608 3706 706 3788 γέλως
721 3705 789 3789 ὦρτ’
804 3706 981 3773 ἀθανάτοισι
996 3713 1122 3776 θεοῖσιν.
