2760 4232
474 340 541 398 ΕΙΣ
565 339 819 401 ΑΦΡΟΔΙΤΗΝ.

175 505 284 568 σύνδυο
301 504 484 585 κοιμήσαντο
501 505 575 570 κατὰ
590 507 747 572 σκιόεντας
762 506 913 574 ἐναύλους.

174 608 247 687 αιἰτὴ
263 606 289 672 δ’
304 611 334 674 ἐς
350 611 471 675 κλισίας
487 608 660 688 εὐποιήτους
676 609 816 690 ἀφίκανε·
884 665 886 670 ,

174 711 226 776 τδν
241 712 266 775 δ’
282 713 348 794 εὗρε
364 719 526 793 σταθμοῖσι
540 713 741 794 λελειμμένον
756 713 821 777 οἶον
835 711 887 778 ἀπ’
902 713 1007 778 ἄλλων

172 813 323 897 Ἀγχίσην
336 817 429 897 ἥρωα,
446 823 523 882 θεῶν
538 817 598 880 ἀπο
614 817 727 884 κάλλος
742 817 863 900 ἔχοντα.

173 921 201 981 οἱ
217 919 242 982 δ’
261 919 321 998 ἅμα
340 921 451 1000 βουσὶν
466 921 575 985 ἕποντο
590 921 697 999 νομοὺς
713 920 787 985 κάτα
802 919 961 1000 ποιήεντας

173 1023 293 1102 πάντες,
310 1026 326 1087 ὁ
342 1027 375 1088 δὲ
389 1029 552 1106 σταθμοῖσι
566 1024 765 1106 λελειμμένος
780 1025 842 1090 οἶος
863 1022 914 1088 ἀπ’
929 1024 1035 1088 ἄλλων

173 1128 296 1191 πωλεῖτ’
311 1127 384 1193 ἔνθα
400 1127 449 1193 καὶ
464 1129 536 1194 ἔνθα
556 1129 730 1209 διαπρύσιον
746 1129 911 1209 κιθαρίζων.
1088 1142 1121 1188 80

174 1233 230 1307 στῆ
249 1231 273 1294 δ’
291 1231 379 1294 αὐτοῦ
394 1230 581 1313 προπάροιθε
597 1232 671 1299 Διὸς
686 1231 818 1314 θυγάτηρ
831 1229 1006 1314 Ἀφροδίτη,

174 1334 309 1419 παρθένῳ
326 1334 441 1422 ἀδμήτῃ
456 1337 583 1418 μέγεθος
598 1333 647 1399 καὶ
662 1336 742 1401 εἶδος
761 1336 858 1415 ὁμοίη,

173 1437 212 1514 μή
227 1463 280 1517 μιν
293 1437 478 1518 ταρβήσειεν
493 1442 525 1502 ἐν
540 1441 730 1521 ὀφθαλμοῖσι
748 1437 868 1518 νοήσας.
970 1507 973 1514 .

173 1541 321 1624 Ἀγχίσης
337 1542 363 1605 δ’
380 1543 475 1624 ἀρόων
491 1543 637 1624 ἐφράζετο
652 1542 812 1623 θαύμαινέν
830 1568 863 1606 τε

175 1645 254 1710 εῖδός
270 1671 302 1710 τε
317 1647 443 1726 μέγεθός
458 1673 492 1712 τε
512 1644 559 1712 καί
576 1649 683 1726 εἵματα
699 1648 891 1730 σιγαλόεντα.
1088 1661 1120 1722 85

174 1749 294 1813 πέπλον
306 1753 362 1825 μὲν
377 1747 435 1831 γὰρ
451 1751 539 1815 έεστο
554 1753 753 1833 φαεινότερον
768 1751 860 1831 πυρὸς
875 1751 973 1832 αιίγῆς,

176 1852 240 1935 εἶχε
256 1853 282 1916 δ’
298 1855 505 1935 ἐπιγναμπτὰς
521 1855 623 1920 έλικας
639 1853 770 1920 κάλυκάς
785 1879 818 1918 τε
832 1852 971 1941 φαεινάς,

176 1956 260 2034 ὅρμοι
277 1956 302 2020 δ’
320 1955 395 2038 ἀμφ’
410 1957 512 2042 ἀπολῇ
529 1960 611 2044 δειρῇ
628 1958 823 2038 περικαλλέες
839 1956 927 2036 ήσαν,

176 2061 263 2123 καλοὶ
278 2061 416 2142 χρύσειοι
432 2062 639 2141 παμποίκιλοι·
663 2061 703 2127 ὧς
720 2063 754 2124 δέ
767 2059 883 2140 σελήνη

176 2162 321 2242 στήθεσιν
337 2163 411 2246 ἀμφ’
427 2167 593 2228 ἁπαλοῖσιν
610 2164 770 2244 ἐλάμπετο,
786 2169 884 2242 θαῦμα
901 2161 1024 2227 ἰδέσθαι.
1086 2193 1120 2241 90

174 2267 325 2350 Ἀγχίσην
341 2268 366 2332 δ’
384 2269 451 2349 ἔρος
466 2271 559 2344 εἶλεν,
575 2271 647 2334 ἔπος
662 2267 696 2334 δέ
708 2293 761 2347 μιν
775 2269 879 2332 ἀντίον
892 2267 976 2346 ηύδα·

220 2376 321 2452 Χαῖρε,
339 2371 456 2447 άνασσ’,
473 2373 493 2450 ή
508 2398 553 2437 τις
568 2371 707 2452 μακάρων
721 2371 793 2436 τάδε
808 2371 919 2450 δείμαθ’
936 2369 1058 2446 ἱκάνεις,

172 2473 345 2556 Ἀρτεμιςῆ
361 2477 448 2556 Λητὼ
463 2475 498 2554 ήέ
513 2475 627 2560 χρυσέη
645 2475 810 2557 Ἀφροδίτη
879 2504 881 2512 ’

174 2575 193 2656 ἢ
210 2576 303 2657 Θέμις
317 2578 445 2662 ήῢγενής
459 2579 495 2658 ήέ
509 2585 682 2661 γλαυκῶπις
695 2576 820 2658 Ἀθήνη,

175 2680 271 2759 ήπού
285 2708 330 2748 τις
347 2682 482 2762 Χαρίτων
496 2681 573 2765 δεῦρ’
587 2681 706 2760 ήλυθες,
724 2683 758 2746 αί
770 2709 804 2746 τε
820 2687 916 2746 θεοῖσι
998 2711 1002 2718 ’·
1088 2709 1169 2758 95,

176 2789 272 2850 πάσιν
288 2787 466 2867 ἑταιρίζουσι
483 2787 531 2852 καὶ
546 2785 689 2850 ἀθάνατοι
706 2787 875 2860 καλέονται,

175 2887 194 2966 ή
210 2914 254 2953 τις
269 2889 422 2971 νυμφάων,
438 2892 472 2955 αῖ
485 2887 511 2953 τ’
525 2889 624 2953 άλσεα
641 2893 718 2954 καλά
733 2889 884 2969 νέμονται,

175 2990 194 3069 ἢ
212 2997 345 3074 νυμφῶν,
359 2993 391 3056 αῖ
407 3000 500 3058 καλὸν
516 2995 585 3074 ὅρος
600 2995 669 3058 τόδε
685 2994 866 3068 ναιετάουσι,

177 3093 224 3158 καὶ
243 3100 341 3180 πηγὰς
356 3103 497 3176 ποταμῶν
512 3094 560 3160 καὶ
576 3097 671 3162 πίσεα
685 3095 837 3175 ποιήεντα.

177 3199 267 3264 παῖδ’
283 3202 341 3282 ἐγὼ
358 3203 390 3265 ἐν
406 3202 529 3286 σκοπιῇ,
545 3199 788 3286 περιφαινομένῳ
804 3202 848 3265 ἐνὶ
863 3202 963 3284 χοίρῳ,
1073 3226 1122 3260 100

175 3309 281 3381 βωμὸν
295 3301 423 3382 ποιήσω,
437 3301 513 3385 ῥέξω
528 3302 562 3366 δέ
578 3327 624 3365 τοι
640 3304 704 3384 ῖερά
719 3303 797 3366 κσλά

176 3408 290 3492 ὥρῃσιν
306 3408 432 3494 πάσῃσι·
456 3406 495 3468 σὺ
510 3404 535 3470 δ’
551 3405 682 3486 εὔφρονα
698 3410 791 3488 θνμδν
806 3406 920 3490 ἔχουσα

176 3510 225 3574 δός
241 3537 278 3589 με
292 3513 368 3590 μετὰ
383 3510 543 3589 Τρώεσσιν
558 3507 717 3589 ἀριπρεπέ’
734 3508 857 3587 ἔμμεναι
873 3507 973 3588 ἄνδρα,

176 3615 256 3677 ποίει
272 3612 297 3676 δ’
314 3615 460 3676 εἰσοπίσω
476 3611 604 3692 θαλερδν
619 3613 718 3693 γόνον,
734 3611 826 3692 αύτδρ
842 3608 886 3691 ἔμ’
902 3611 992 3674 αὐτὸν

209 3751 239 3798 8ο
258 3767 285 3798 τε
297 3748 338 3797 καί
349 3749 459 3800 familiae
470 3765 488 3814 p
499 3750 616 3814 plerique.
740 3762 772 3812 99
789 3745 873 3796 πείσεσ
884 3763 900 3795 x
907 3763 914 3808 ;
931 3745 1012 3806 βήσεα
1024 3762 1066 3810 γρ.

614 3833 691 3914 1i5
