2728 4230
350 315 353 326 ’
460 331 684 408 7.1A1AA02
709 333 749 392 ιι.
1012 345 1071 414 ¹37

71 475 75 485 ι
128 499 288 581 ἆμφοτέρω
303 500 361 581 γδρ
377 502 461 578 σφῶΐ
476 500 563 578 φιλεῖ
577 499 800 579 νεφεληγερέτα
816 497 900 572 Ζεύς,
1027 513 1075 560 280

128 605 217 684 ἄμφω
233 602 258 666 δ’
276 600 418 685 αἰχμητά·
440 602 478 663 τό
490 627 527 683 γε
542 601 578 680 δή
596 601 643 666 καί
659 604 744 682 ίδμεν
760 601 900 669 άπαντες.
998 651 1000 658 ·

128 704 183 785 νϋξ
195 709 221 770 δ’
236 704 291 785 ήδη
308 702 434 768 τελέθει·
459 703 573 786 άγοθδν
590 705 639 769 καί
654 707 737 770 νυκτὶ
752 703 925 776 πιθέσθαι.”

168 809 232 872 Τδν
246 806 273 872 δ’
289 807 533 888 ἀπαμειβόμενος
548 807 690 890 προσέφη
705 811 900 889 Τελαμώνιος
915 812 999 876 Αἴας·

121 922 147 950 ·“
157 909 251 984 Ἰδαῖ’,
265 909 396 992 Ἕκτορα
411 916 504 975 ταῦτα
519 911 656 976 κελεύετε
671 911 876 991 μυθήσασθαι·

127 1014 214 1081 αὐτὸς
228 1017 287 1097 γδρ
301 1013 401 1100 χάρμῃ
417 1012 651 1095 προκαλέσσατο
666 1012 780 1081 πάντας
796 1015 943 1096 ἀρίστους.
1027 1033 1072 1092 285

127 1116 251 1201 ἀρχέτω·
276 1117 367 1198 αὐτὰρ
383 1117 442 1199 ἐγὼ
457 1113 541 1197 μάλα
556 1118 700 1196 πείσομαι
714 1114 734 1204 ᾗ
749 1141 805 1198 περ
820 1117 858 1181 δν
873 1119 990 1184 οϋτος.”

167 1220 231 1284 Τδν
245 1217 271 1283 δ’
288 1219 358 1283 αϋτε
373 1219 538 1301 προσέειπε
551 1217 647 1301 μέγας
662 1221 856 1301 κορυθαίολος
867 1219 994 1300 Ἕκτωρ·

126 1333 146 1360 “
155 1324 242 1399 Αἶαν,
258 1323 327 1386 ἐπεί
341 1348 387 1386 τοι
402 1328 478 1386 δῶκε
493 1322 561 1389 θεός
574 1321 702 1405 μέγεθός
716 1348 750 1387 τε
763 1325 839 1403 βίην
853 1349 887 1388 τε

126 1427 175 1490 καὶ
190 1423 323 1504 πινυτήν,
339 1427 407 1508 περὶ
422 1423 448 1488 δ’
464 1426 550 1509 ἔγχει
565 1423 699 1508 Ἀχαιῶν
714 1424 863 1508 φέρτατός
878 1428 959 1503 ἐσσι,

126 1535 179 1593 νῦν
193 1531 250 1608 μὲν
265 1529 472 1608 παυσώμεσθα
486 1529 587 1614 μάχης
602 1530 652 1593 καὶ
666 1532 820 1608 δηϊοτῆτος
1023 1557 1072 1608 290

126 1629 266 1713 σήμερον·
288 1632 415 1712 ὕστερον
430 1631 499 1697 αϋτε
514 1629 715 1716 μαχησόμεθ’,
732 1633 775 1698 είς
790 1632 809 1695 ό
823 1658 857 1696 κε
872 1633 985 1715 δαίμων

125 1735 203 1813 ἄμμε
219 1735 362 1821 διακρίνῃ,
379 1735 440 1821 δάῃ
456 1735 483 1798 δ’
499 1734 631 1817 ἑτέροισί
643 1761 681 1818 γε
696 1735 792 1813 νίκην.

126 1836 181 1916 νὺξ
193 1836 219 1901 δ’
234 1836 291 1917 ἤδη
307 1836 435 1902 τελέθει·
459 1838 573 1920 ἀγαθὸν
588 1839 637 1902 καὶ
655 1839 738 1902 νυκτὶ
753 1837 906 1916 πιθέσθαι,

126 1941 164 2007 ὣς
179 1941 259 2004 σϋτ)
277 1939 426 2028 ἐϋφρήνῃς
441 1941 556 2009 πάντας
571 1944 651 2023 παρὰ
667 1942 773 2021 νηυσὶν
789 1938 940 2025 Ἀχαιούς,

126 2044 196 2112 σοϋς
212 2070 244 2110 τε
258 2043 395 2124 μάλιστα
410 2045 477 2112 έτας
494 2047 544 2110 καὶ
559 2045 702 2127 ἑταίρους,
718 2046 750 2109 οἵ
763 2070 809 2109 τοι
825 2045 927 2110 ἔασιν.

126 2148 216 2230 αὐτὰρ
233 2149 292 2231 ἐγὼ
309 2150 384 2212 κατὰ
399 2148 475 2212 άστυ
489 2148 569 2231 μέγα
583 2147 734 2230 Πριάμοιο
749 2147 876 2214 άνακτακ

125 2253 228 2330 Τρῶας
244 2251 400 2334 ἐϋφρανέω
416 2252 465 2316 καὶ
478 2251 622 2337 Τρῳάδας
637 2247 886 2323 ἑλκεσιπέπλους,

126 2355 159 2417 αἴ
170 2353 204 2416 τέ
217 2381 269 2434 μοι
285 2355 444 2438 εὐχόμεναι
460 2358 541 2420 θεῖον
556 2354 698 2419 δάσονται
713 2355 825 2435 ἀγῶνα.

126 2461 203 2538 δῶρα
218 2455 245 2520 δ’
261 2457 309 2540 ἄγ’
325 2457 492 2536 ἀλλήλοισι
507 2455 669 2539 περικλυτὰ
685 2456 801 2534 διόομεν
815 2455 913 2537 άμφω,

127 2560 204 2640 ὄφρα
219 2585 264 2626 τις
279 2558 332 2624 ὧδ’
348 2564 470 2648 εἴπῃσιν
486 2558 618 2643 Ἀχαιῶν
633 2585 666 2624 τε
680 2559 793 2640 Τράων
808 2578 851 2622 τε·

127 2661 215 2740 ’ἠμὲν
230 2663 422 2744 ἐμαρνάσθην
438 2664 535 2745 ἔριδος
550 2662 618 2745 πέρι
633 2663 827 2743 θυμοβόροιο,

126 2763 167 2840 ἠδ’
183 2762 246 2828 αὖτ’
263 2767 296 2830 ἐν
312 2766 454 2847 φιλότητι
470 2765 629 2847 διέτμαγεν
645 2761 853 2846 ἀρθμήσαντεῖ
865 2760 884 2792 ”

160 2865 222 2935 Ὠς
237 2868 295 2949 δρα
310 2868 457 2950 φωνήσας
472 2874 548 2933 δῶκε
564 2867 654 2950 ξίφος
670 2868 866 2951 ἀργυρόηλον,

127 2969 179 3034 σϋν
194 2972 293 3054 κολεῷ
307 2995 340 3035 τε
356 2970 457 3054 φέρων
474 2973 523 3036 καὶ
538 2969 672 3056 ἐϋτμήτῳ
688 2977 852 3052 τελαμῶνι·

127 3075 198 3140 Αἴας
213 3074 246 3136 δέ
263 3074 399 3155 ζωστῆρα
414 3075 497 3138 δίδου
511 3073 627 3155 φοίνικι
643 3075 780 3156 φαεινόν.

29 3251 30 3254 ¹
125 3175 163 3237 τὸ
178 3177 211 3239 δέ
226 3175 430 3257 διακρινθέντε
445 3179 462 3240 ό
476 3179 531 3258 μὲν
547 3179 623 3257 μετδ
638 3176 716 3244 λαὸν
731 3177 864 3260 Ἀχαιῶν

29 3269 30 3276 ¹
124 3275 171 3354 ἤϊ’,
188 3281 204 3342 δ
220 3276 246 3342 δ’
264 3280 294 3344 ἐς
308 3279 420 3358 Τριόων
436 3280 547 3358 ὅμαδον
563 3281 618 3344 κίε·
641 3281 688 3343 τοὶ
704 3276 730 3343 δ’
747 3278 912 3363 ἐχάρησαν,

31 3391 33 3468 ξ
125 3379 162 3445 ϋς
177 3381 258 3445 εἶδον
275 3382 351 3457 ζωόν
364 3407 398 3446 τε
416 3383 464 3446 καὶ
480 3381 609 3465 ἀρτεμέα
624 3384 800 3464 προσιόντα,

125 3487 250 3552 Αἴαντος
266 3487 463 3568 προφυγόντα
476 3485 565 3567 μένος
581 3487 630 3550 καὶ
644 3492 748 3569 χεῖρας
764 3485 906 3554 θάττους·

125 3589 172 3650 καί
183 3586 216 3671 ῥ’
231 3588 308 3672 ἦγον
323 3591 410 3670 προτὶ
426 3589 512 3662 άστν,
528 3588 726 3655 ἀελπτέοντες
743 3589 818 3652 σόον
834 3589 920 3654 εἶναι.

125 3694 224 3756 Αἴαντ’
240 3688 307 3754 αὖθ’
324 3689 468 3772 ἑτέρωθεν
482 3689 655 3771 ἐϋκνήμιδες
668 3689 791 3775 Ἀχαιοὶ

573 3808 630 3877 F3
