2874 4234
312 343 377 412 574
601 351 633 410 4.
657 333 891 394 ΟΔΎΣΣΕΙΑΣ
919 337 955 395 Δ.

232 553 235 560 .
310 500 456 570 Ὠκεανὸς
473 503 594 583 ἀνίησιν
609 503 780 586 ἀναψύχειν
796 504 978 583 ἀνθρώπους,

310 604 405 672 οὕνεκ’
420 608 503 690 ἐχεις
516 605 647 686 Ἑλένην
663 608 715 670 καί
728 615 806 688 σφιν
822 613 959 689 γαμβρὸς
976 604 1050 672 Διός
1065 607 1145 669 ἐσσι.

310 710 348 775 ὣς
364 711 457 774 εἰπὼν
473 712 532 775 ὑπὸ
548 711 659 775 πόντον
675 711 799 774 ἐδύσετο
814 711 1002 788 κυμαίνοντα.
1208 731 1257 786 570

308 813 401 896 αὐτὰρ
418 815 495 896 ἐγὼν
511 811 560 878 ἐπὶ
576 816 650 892 νῆας
665 811 714 893 ἅμ’
730 813 879 880 ἀντιθέοις
895 812 1048 896 ἑτάροισιν
1159 891 1162 897 Ι

212 913 215 925 s
245 947 247 953 ’
307 916 370 995 ἤϊα,
388 921 491 981 πολλὰ
506 918 540 981 δέ
554 943 605 996 μοι
622 919 724 997 κραδίη
741 919 876 999 πόρφυρε
893 917 996 980 κιόντι.

307 1021 399 1101 αὐτὰρ
415 1023 484 1086 ἐπεί
495 1019 525 1102 ῥ’
541 1019 591 1086 ἐπὶ
607 1025 664 1099 νῆα
680 1020 868 1101 κατήλθομεν
882 1021 935 1100 ήδέ
951 1019 1119 1097 θάλασσαν,

306 1126 418 1205 δόρπον
434 1123 461 1187 θ’
476 1122 688 1205 ὁπλισάμεσθ’,
705 1127 755 1188 ἐπί
769 1123 795 1187 τ’
811 1123 1092 1204 ήλυθενάμβροσίη
1108 1121 1171 1202 νύξ,

306 1229 341 1307 δὴ
357 1229 425 1292 τότε
441 1228 621 1309 κοιμήθημεν
636 1225 686 1292 ἐπὶ
700 1231 822 1310 ῥηγμῖνι
838 1229 1007 1308 θαλάσσης.
1206 1251 1254 1305 575

306 1332 380 1413 ἦμος
396 1333 421 1396 δ’
436 1333 585 1415 ἠριγένεια
601 1333 682 1414 φάνη
697 1334 916 1416 ῥοδοδάκτυλος
929 1329 1022 1408 Ἠιίς,

300 1439 377 1515 ’νῆας
391 1437 447 1516 μὲν
462 1434 645 1517 πάμπρωτον
662 1437 832 1518 ἐρύσσαμεν
847 1438 889 1503 είς
906 1435 964 1500 άλα
981 1439 1057 1512 δῖαν,

305 1541 338 1602 ἐν
353 1538 378 1603 δ’
398 1539 499 1606 ἱστοὺς
514 1540 677 1620 τιθέμεσθα
692 1543 741 1604 καὶ
758 1542 843 1604 ἱστία
859 1541 965 1620 νηυσὶν
981 1537 1076 1625 ἐίσῃς·

303 1643 341 1706 ἂν
357 1646 389 1707 δὲ
406 1641 453 1706 καὶ
468 1643 551 1707 αὐτοὶ
562 1641 674 1724 βάντες
690 1640 738 1707 ἐπὶ
755 1643 858 1722 κληῗσι
874 1644 1004 1720 καθῖζον

304 1745 373 1824 ἑξῆς
389 1744 414 1809 δ’
431 1747 563 1824 ἑζόμενοι
577 1747 688 1827 πολιὴν
703 1747 762 1811 άλα
777 1748 887 1812 τύπτον
903 1749 1044 1828 ἐρετμοῖς.
1086 1805 1089 1812 ,

302 1847 350 1931 άψ
366 1849 391 1914 δ’
407 1854 450 1916 είς
465 1851 640 1933 Αἰγύπτοιο,
658 1849 807 1917 διιπετέος
825 1855 979 1928 ποταμοῖο,

303 1956 402 2031 στῆσα
418 1956 493 2034 νέας,
509 1957 558 2019 καὶ
573 1954 663 2037 έρεξα
677 1957 846 2034 τεληέσσας
862 1955 1039 2033 ἑκατόμβας.

302 2057 392 2140 αὐτὰρ
410 2056 475 2122 ἐπεὶ
492 2058 665 2122 κατέπαυσα
684 2063 762 2124 θεῶν
776 2061 874 2141 χόλον
888 2061 954 2122 οίὲν
970 2058 1089 2136 ἐόντων,

300 2160 365 2244 χεῦ’
381 2160 584 2244 Ἀγαμέμνονι
599 2158 722 2241 τύμβου,
740 2160 778 2226 ἵν’
792 2163 952 2243 ’ἄσβεστον
967 2162 1055 2228 κλέος
1072 2161 1126 2240 εἴη.

300 2271 392 2330 ταῦτα
407 2266 590 2346 τελευτήσας
606 2267 723 2348 νεόμην,
739 2267 862 2330 δίδοσαν
877 2265 911 2330 δέ
925 2291 976 2345 μοι
991 2265 1080 2346 οὖρον

301 2369 453 2446 ἀθάνατοι,
464 2371 515 2432 τοί
523 2367 553 2448 μ’
569 2367 631 2433 θικα
646 2371 741 2450 φίλην
756 2372 788 2436 ἐς
802 2366 918 2450 πατρίδ’
936 2369 1084 2450 ἔπεμψαν.

293 2469 370 2536 ἀλλ’
385 2471 440 2554 ἄγε
456 2479 507 2538 νῦν
523 2474 675 2553 ἐπίμεινον
691 2471 735 2538 ἐνὶ
749 2471 925 2556 μεγάροισιν
941 2474 1068 2553 ἐμοῖσιν,

300 2578 381 2657 ὄφρα
399 2603 449 2640 κεν
467 2576 607 2657 ἑνδεκάτη
623 2602 656 2642 τε
673 2577 841 2654 δυωδεκάτη
857 2603 890 2640 τε
905 2578 1038 2660 γένηται·

299 2678 348 2743 καὶ
364 2681 431 2744 τότε
447 2677 476 2742 σ’
492 2680 524 2744 εδ
539 2679 659 2762 πέμψω,
676 2681 764 2745 δύσω
780 2679 814 2744 δέ
828 2706 875 2756 τοι
891 2679 992 2763 ἀγλαά
1007 2687 1087 2761 δῶρα

297 2788 376 2863 τρεῖς
391 2785 500 2851 ἵππους
515 2782 563 2848 καὶ
578 2786 687 2866 δίφρον
702 2782 816 2864 ἐύξοον·
846 2783 938 2867 αὐτὰρ
954 2787 1057 2848 ἔπειτα
1114 2835 1116 2840 .

298 2889 386 2951 δεύσω
404 2894 498 2953 καλὸν
516 2886 651 2964 ἄλεισον,
668 2889 718 2952 ῖνα
734 2888 913 2975 σπένδῃσθα
928 2892 1045 2952 θεοῖσιν

298 2991 456 3059 ἀθανάτοις
471 2991 577 3071 ἐμέθεν
591 2993 777 3072 μεμνημένος
791 2991 890 3072 ἤματα
904 2989 1028 3056 πάντα.”

340 3101 403 3161 Τὸν
419 3096 443 3160 δ’
461 3096 497 3159 αδ
511 3096 692 3180 Τηλέμαχος
707 3096 893 3175 πεπνυμένος
910 3097 1013 3161 άντίον
1029 3094 1111 3171 ηὔδα·

299 3206 316 3234 “
326 3197 471 3283 Ἀτρείδη,
489 3201 530 3282 μή
545 3199 581 3280 δή
596 3227 634 3282 με
650 3199 746 3264 πολδυ
760 3202 871 3284 χρόνον
887 3198 985 3264 ἐνθάδ’
999 3199 1096 3280 ἔρυκε.

297 3304 346 3366 καὶ
361 3304 418 3386 γάρ
435 3302 460 3368 κ’
475 3307 518 3371 είς
532 3304 669 3370 ἐνιαυτὸν
685 3305 743 3386 ἐγὼ
759 3308 840 3382 παρὰ
854 3302 948 3387 σοίγ’
963 3305 1127 3386 άνεχοίμην
1196 3345 1197 3352 1

296 3407 411 3486 ἥμενος,
428 3408 496 3472 οὐδέ
512 3407 544 3470 κέ
559 3405 589 3487 μ’
607 3408 689 3471 οίκου
704 3407 770 3471 ἑλοι
786 3410 878 3475 πόθος
890 3408 958 3472 ούδὲ
975 3407 1099 3488 τοκήων

296 3513 386 3576 αίυῶς
403 3509 459 3592 γὰρ
473 3511 613 3590 μύθοισιν
628 3511 742 3576 ἔπεσσί
755 3537 789 3593 τε
805 3518 908 3576 σοῖσιν
923 3510 1038 3575 ἁκούων
1134 3515 1142 3523 '

296 3616 449 3696 τέρπομαι.
481 3612 550 3678 ἀλλ’
565 3614 620 3695 ήδη
636 3641 688 3695 μοι
704 3615 877 3693 ἀνιάζουσιν
888 3619 998 3699 ἑταῖροι

297 3721 329 3782 ἐν
346 3719 438 3804 Πύλῳ
449 3717 575 3804 ἠγαθέη
606 3719 645 3783 σὺ
660 3719 694 3782 δὲ
707 3745 745 3800 με
761 3720 873 3802 χρόνον
890 3718 988 3785 ἐνθάδ’
1003 3720 1124 3803 ἐρύκεις.
