2792 4232
241 357 306 428 354
570 365 619 432 17.
644 353 815 414 ιιιλιος
837 354 870 414 P.

244 520 309 604 ἠέρι
324 522 374 585 καὶ
389 519 522 606 πολέμῳ,
538 521 673 603 τείροντο
688 525 721 586 δέ
737 519 826 601 νηλέϊ
839 523 946 606 χαλκῷ

245 626 337 688 ὅσσοι
351 624 471 707 ἄριστοι
485 626 571 689 έσαν·
596 625 648 690 δύο
666 625 692 691 δ’
709 625 744 689 ού
759 651 806 690 πω
822 631 905 706 φῶτε
922 625 1091 706 πεπύσθην,

246 728 332 809 ἀνέρε
348 731 508 808 κυδαλίμω,
526 728 729 810 Θρασυμήδης
742 728 925 812 ’Ἀντίλοχός
938 754 982 804 τε,

246 832 439 913 Πατρόκλοιο
453 835 596 904 θανόντος
610 833 768 912 ἀμύμονος,
786 832 855 896 ἀλλ’
873 829 915 896 ἐτ’
931 832 1047 914 έφαντο

247 935 323 1012 ζωὸν
337 937 383 1000 ἐνὶ
398 936 505 1020 πρότιρ
520 935 622 1021 δμάδιρ
635 937 777 1017 Τρόεσσι
792 935 957 1019 μάχεσθαι.
1145 949 1194 1012 3⁸0

247 1040 287 1102 τὸ
303 1038 328 1104 δ’
344 1040 554 1119 ἐπιοσσομένω
570 1039 701 1106 θάνατον
715 1042 764 1104 καὶ
783 1040 880 1120 φύζαν
895 1040 1020 1122 ἑταίρων
1137 1065 1142 1117 2

247 1142 362 1224 νόσφιν
376 1141 579 1226 ἐμαρνάσθην,
593 1145 661 1214 ἐπεὶ
677 1145 717 1211 δς
732 1141 915 1208 ἐπετέλλετο
930 1142 1068 1225 Νέστωρ,
1144 1135 1151 1147 ”

248 1247 380 1327 ὀτρύνων
394 1248 564 1328 πόλεμόνδε
574 1245 747 1326 μελαινάων
762 1247 822 1312 ἀπὸ
837 1253 925 1325 νηῶν.

291 1354 363 1417 Ταῖς
379 1353 412 1414 δέ
429 1351 623 1433 πανημερίοις
642 1351 739 1432 έριδος
753 1349 831 1433 μέγα
847 1354 944 1416 νεῖκος
959 1350 1065 1432 ἀρόρει

231 1514 234 1520 .
249 1451 410 1536 ἀργαλέης·
434 1453 603 1540 καμάτῳδέ
619 1455 667 1518 καὶ
691 1455 762 1540 ἱδρῷ
778 1455 911 1534 νωλεμὲς
924 1454 985 1518 αἰεὶ
1147 1467 1196 1531 ³⁸⁵

249 1556 381 1640 γούνατά
396 1583 429 1622 τε
444 1559 554 1637 κνῆμαί
567 1583 601 1622 τε
616 1556 707 1624 πόδες
723 1556 750 1621 θ’
764 1557 928 1639 ύπένερθεν
941 1555 1071 1621 ἑκάστου

248 1658 351 1744 χεῖρές
365 1651 392 1722 τ’
407 1661 566 1742 ὀφθαλμοί
578 1685 611 1725 τε
629 1659 811 1724 παλάσσετο
823 1658 1040 1742 μαρναμένοιιν

250 1761 327 1844 ἀμφ’
343 1766 458 1846 ἀγαθὸν
472 1762 643 1846 θεράποντα
654 1765 806 1830 ποδόκεος
821 1765 976 1828 Αἰακίδαο.

251 1868 290 1933 ῶς
306 1864 331 1929 δ’
347 1865 390 1929 ὅτ’
407 1867 482 1948 ἀνὴρ
497 1867 618 1950 ταύροιο
633 1873 710 1948 βοὸς
723 1865 872 1950 μεγάλοιο
886 1867 997 1948 βοείην
1083 1907 1084 1912 1

250 1974 374 2035 λαοῖσιν
388 1971 449 2056 δύη
465 1970 594 2042 τανύειν,
609 1970 781 2050 μεθύουσαν
796 1971 921 2058 ἀλοιφῇ·
1149 1997 1200 2050 ³90

251 2071 409 2154 δεξάμενοι
424 2070 451 2138 δ’
467 2074 527 2155 άρα
539 2074 588 2137 τού
602 2099 637 2156 γε
654 2072 831 2140 διαστάντες
846 2073 989 2138 τανύουσι
1051 2083 1052 2088 ’

253 2173 385 2253 κυκλόσ’,
401 2177 486 2258 ἀφαρ
500 2176 534 2240 δέ
548 2201 582 2242 τε
598 2179 685 2256 ἰκμὰς
700 2177 768 2256 έβη,
785 2176 866 2240 δύνει
879 2176 914 2240 δέ
928 2176 953 2239 τ’
973 2179 1088 2259 ἀλοιφὴ

252 2286 378 2345 πολλῶν
394 2281 552 2356 ἑλκόντων,
566 2279 688 2346 τάνυται
707 2281 741 2344 δέ
757 2305 790 2345 τε
805 2284 892 2343 πᾶσα
905 2282 1023 2362 διαπρό·
1127 2325 1130 2332 ⁴

253 2384 293 2450 ῶς
307 2385 339 2446 οἵ
351 2379 381 2466 γ’
397 2383 471 2447 ἔνθα
485 2384 534 2447 καὶ
549 2383 623 2447 ἔνθα
638 2383 727 2448 νέκυν
742 2384 831 2469 ὀλίγη
848 2384 894 2448 ένὶ
907 2384 992 2470 χάρη

253 2487 362 2550 έλκεον
379 2487 553 2568 ἀμφότεροι·
576 2485 660 2566 μάλα
677 2485 711 2550 δέ
727 2493 839 2562 σφισιν
853 2487 965 2550 ἔλπετο
981 2489 1081 2568 θνητός,
1152 2515 1200 2568 395

252 2591 375 2673 Τρωσὶν
388 2592 444 2670 μὲν
458 2590 556 2670 ἐρύειν
570 2587 657 2671 προτὶ
669 2589 774 2665 Ἴλιον,
791 2588 885 2671 αὐτὰρ
898 2587 1037 2673 Ἀχαιοῖς

254 2698 327 2773 νῆας
342 2694 393 2757 έπι
407 2693 574 2776 γλαφυράς·
598 2695 667 2774 περὶ
682 2690 709 2758 δ’
724 2692 815 2756 αὐτοῦ
831 2699 933 2770 μῶλος
949 2694 1055 2775 θρύρει

255 2797 369 2881 ἀγριος·
392 2796 461 2862 οθδέ
479 2796 504 2862 κ’
518 2796 611 2878 Ἀρης
624 2797 782 2862 λαοσσόος
797 2795 866 2860 αι’δέ
881 2795 907 2860 κ’
924 2796 1036 2876 Ἀθήνη

255 2901 308 2967 τόν
321 2927 358 2984 γε
374 2900 467 2964 ἶδοΰσ’
483 2901 627 2974 ὀνόσαιτ’,
639 2899 704 2963 οὐδ’
723 2901 750 2964 εἰ
763 2898 846 2978 μάλα
860 2925 913 2978 μιν
926 2901 1023 2983 χόλος
1043 2902 1114 2963 ἵκοι·

255 3007 338 3066 τοῖον
353 3001 427 3068 Ζεδς
442 3003 492 3068 ἐπὶ
507 3001 673 3085 Πατρόκλῳ
688 3000 803 3079 ἀνδρῶν
820 3023 853 3064 τε
868 2997 917 3063 καὶ
932 3000 1033 3065 ἵππων
1150 3027 1202 3077 40⁰

255 3101 347 3179 ἤματι
362 3102 403 3182 τῷ
420 3097 568 3162 ἐτάνυσσε
584 3103 676 3162 κακὸν
690 3097 796 3160 πόνον·
820 3096 880 3161 οὐδ’
898 3098 957 3178 ἀρα
972 3098 1062 3162 πότι

256 3203 327 3288 ᾔδεε
342 3200 523 3283 Πάτροκλον
537 3201 684 3280 τεθνηότα
698 3205 762 3268 δῖος
775 3200 950 3284 Ἀχιλλεύς·

257 3310 378 3370 πολλὸν
389 3308 448 3388 γὰρ
463 3304 612 3371 ἀπάνευθε
628 3310 704 3370 νεῶν
717 3304 870 3388 μάρναντο
885 3303 994 3385 θοάων,

257 3411 353 3492 τεύχει
370 3410 426 3472 ἀπο
440 3411 562 3492 Τρόων·
585 3411 620 3473 τό
628 3435 682 3489 μιν
698 3409 733 3472 νύ
748 3433 821 3476 ποτε
838 3410 950 3474 έλπετο
965 3412 1046 3496 θυμφ

258 3510 412 3592 τεθνάμεν,
429 3514 511 3578 ἀλλά
527 3514 602 3591 ζωὸν
617 3513 854 3597 ἐνιχριμφθέντα
867 3515 1003 3600 πύλῃσιν
1153 3543 1203 3591 405

258 3615 308 3697 ἀφ
321 3614 554 3693 ἀπονοστήσειν,
571 3617 637 3682 ἐπεὶ
652 3616 721 3680 οὐδὲ
736 3621 771 3680 τδ
786 3616 899 3682 έλπετο
912 3615 1047 3696 πάμπαν,

260 3716 419 3800 ἐκπέρσειν
434 3719 616 3800 πτολίεθρον
630 3719 702 3786 ἀνευ
716 3720 795 3796 έθεν,
814 3719 886 3790 οὐδὲ,
897 3719 955 3784 σὺν
968 3721 1058 3805 αὐτῷ·
