2848 4296
569 357 620 404 ιο.
644 343 813 403 ικιΑΔοΣ
836 345 872 404 ς.
1111 362 1172 422 411

230 508 283 572 “ιδ
299 511 402 584 πόποι,
418 510 435 587 ῆ
450 509 528 593 μέγα
543 514 641 590 θαῦμα
656 511 717 575 τάδ’
736 513 944 593 ὀφθαλμοῖσιν
960 513 1084 594 ἀρῶμαι·

231 613 321 696 ἔγχος
335 615 391 694 μέν
405 615 474 678 τάδε
490 619 585 678 κεῖται
600 612 651 678 ἐπὶ
665 617 786 696 χθονός,
804 613 873 679 οὐδέ
890 641 919 678 τι
936 621 1023 696 φῶτα
1127 641 1175 692 345

228 717 362 790 λεύσσω,
377 718 419 802 τῷ
437 717 553 797 ἐφέηκα
568 717 786 798 κατακτάμεναι
800 719 974 797 μενεαίνων.

230 818 248 898 ή
261 822 299 901 ῥα
315 821 364 884 καὶ
380 821 502 888 Αἰνείας
518 823 610 902 φίλος
625 821 804 886 ἀθανάτοισι
820 826 938 886 θεοῖσιν

229 923 290 1002 ήεν·
314 923 387 1006 ἀτάρ
401 951 454 1004 μιν
466 925 545 1006 ἔφην
559 929 629 1007 μάψ
645 926 739 992 αὔτως
751 925 961 1009 εὐχετάασθαι.

230 1025 346 1108 ἐρρέτω·
370 1028 405 1090 ού
421 1030 449 1092 οἱ
466 1032 557 1108 θυμὸς
574 1031 644 1107 ἐμεῦ
659 1029 706 1092 ἔτι
722 1034 899 1112 πειρηθῆναι

229 1130 362 1209 ἔσσεται,
378 1130 411 1198 δς
427 1133 476 1196 καὶ
491 1139 545 1197 νῦν
562 1133 659 1215 φύγεν
674 1133 806 1213 ἄσμενος
821 1135 853 1196 ἐκ
870 1133 1021 1198 θανάτοιο.
1127 1161 1177 1211 350

230 1231 300 1296 ἀλλ’
318 1235 374 1316 άγε
390 1235 425 1314 δή
443 1240 596 1301 Δαναοῖσι
612 1236 873 1317 φιλοπτολέμοισι
889 1238 1036 1304 κελεύσας

228 1343 288 1401 τῶν
302 1337 407 1404 άλλων
421 1340 533 1421 Τρώων
549 1339 732 1421 πειρήσομαι
747 1341 847 1406 ἀντίος
863 1340 989 1407 ἐλθών.”

268 1439 322 1518 Ἦ,
339 1443 389 1506 καὶ
401 1441 452 1507 ἐπὶ
467 1443 577 1526 στίχας
592 1433 797 1521 ἀλτο,·κέλενε
819 1447 852 1508 δέ
875 1446 954 1525 φωτὶ
971 1443 1100 1530 ἑκάστῳ·

230 1554 249 1579 “
258 1543 363 1624 μηκέτι
378 1552 430 1611 νῦν
444 1546 556 1627 Τρώων
572 1549 641 1612 ἐκάς
657 1547 775 1619 ἔστατε,
789 1552 851 1610 ’δῖοι
868 1545 997 1630 Ἀχαιοί,

230 1646 300 1711 ἀλλ’
315 1647 363 1732 ἄγ’
379 1650 454 1732 ἀνήρ
470 1647 533 1714 ἀντ’
550 1652 657 1732 ἀνδρὸς
673 1653 735 1724 ἴτω,
752 1650 873 1731 μεμάτω
889 1654 922 1715 δέ
936 1651 1099 1736 μάχεσθαι.
1127 1678 1175 1728 355

230 1752 379 1835 ἀργαλέον
393 1752 428 1818 δέ
442 1754 496 1833 μοί
510 1756 577 1817 ἐστι
594 1755 642 1818 καὶ
660 1755 773 1838 ἰφθίμῳ
789 1780 845 1837 περ
861 1756 941 1819 ἐόντι

229 1855 391 1921 τοσσούσδ’
409 1858 582 1938 ἀνθρώπους
600 1857 727 1938 ἐφέπειν
743 1860 792 1921 καὶ
808 1862 885 1921 πᾶσι
900 1856 1063 1942 μάχεσθαι·

229 1959 297 2022 οὐδέ
315 1959 340 2023 κ’
353 1960 456 2042 Ἀρης,
474 1963 507 2027 ὅς
523 1987 579 2043 περ
597 1962 664 2028 θεὸς
680 1961 845 2044 ἄμβροτος,
862 1961 932 2026 ούδέ
947 1960 973 2026 κ’
988 1963 1102 2043 Ἀθήνη

229 2065 374 2142 τοσσῆσδ’
390 2068 517 2146 ὑσμίνης
532 2065 643 2147 ἐφέποι
661 2065 758 2144 στόμα
774 2067 823 2130 καὶ
840 2065 989 2130 πονέοιτο·

229 2165 299 2230 ἀλλ’
315 2169 412 2234 ὅσσον
427 2171 482 2249 μέν
499 2172 557 2252 ἐγὼ
574 2170 700 2248 δύναμαι
716 2169 825 2251 χερσίν
839 2194 873 2233 τε
888 2171 982 2233 ποσίν
996 2194 1029 2234 τε
1128 2182 1177 2246 56ο

229 2273 277 2335 καὶ
294 2272 403 2347 σθένει,
421 2274 455 2336 ού
466 2272 505 2354 μέ
520 2275 549 2337 τί
565 2281 643 2354 φημι
658 2270 831 2353 μεθησέμεν
847 2272 909 2337 οὐδ’
925 2273 1044 2354 ἠβαιόν,
1161 2299 1163 2310 ’

230 2376 311 2440 ἀλλὰ
324 2375 409 2456 μάλα
427 2377 533 2460 στιχὸς
549 2378 609 2456 εἶμι
626 2375 796 2458 διαμπερές,
813 2377 883 2442 ούδέ
896 2382 952 2444 τιν’
968 2381 1021 2442 οίω

228 2481 339 2561 Τρώων
353 2478 522 2562 χαιρήσειν,
539 2482 572 2546 ὅς
588 2507 633 2547 τις
649 2481 763 2565 σχεδὸν
778 2481 885 2565 ἔγχεος
901 2482 1005 2570 ἔλθη.”

266 2583 328 2650 Ὣς
346 2583 415 2663 φάτ’
433 2585 611 2665 ἐποτρύνων·
635 2588 777 2664 Τρώεσσι
794 2589 826 2652 δέ
843 2589 984 2668 φαίδιμος
995 2585 1114 2670 Ἕκτωρ

229 2685 345 2750 κέκλεθ’
362 2686 545 2766 ὁμοκλήσας,
563 2688 644 2770 φάτο
660 2689 686 2752 δ’
708 2693 807 2771 ἴμεναι
823 2689 887 2755 ἀντ’
902 2691 1060 2773 Ἀχιλῆος·
1126 2706 1174 2768 565

159 2793 164 2804 ’
229 2795 357 2872 “Τρῶες
371 2789 543 2872 ὑπέρθυμοι,
559 2793 599 2871 μή
617 2795 725 2858 δείδιτε
745 2793 916 2872 Πηλείωνα·

229 2896 280 2957 καί
293 2919 344 2956 κεν
359 2894 437 2976 ἐγών
452 2892 580 2958 ἐπέεσσι
598 2897 647 2958 καὶ
663 2895 841 2962 ἀθανάτοισι
856 2899 1018 2980 μαχοίμην·

228 2996 314 3079 ἔγχεϊ
328 2995 355 3060 δ’
371 2997 531 3078 ἀργαλέον,
545 3000 612 3062 ἐπεὶ
629 2998 648 3078 ή
663 2999 742 3062 πολὺ
757 2998 898 3082 φέρτεροί
914 3004 1002 3066 εἰσιν.

227 3099 288 3162 οὔδ’
303 3099 447 3183 Ἀχιλεὺς
463 3101 614 3166 πάντεσσι
630 3101 719 3168 τέλος
733 3103 838 3182 μύθοις
855 3103 1003 3182 ἐπιθήσει,

227 3203 310 3266 ἀλλὰ
324 3204 358 3267 τδ
381 3207 437 3284 μέν
452 3205 561 3278 τελέει,
578 3205 613 3268 τδ
629 3209 662 3270 δὲ
679 3206 727 3269 καὶ
742 3207 882 3289 μεσσηγὺ
899 3208 1027 3272 κολούει.
1127 3233 1176 3286 370

227 3308 268 3391 τῷ
284 3304 308 3369 δ’
327 3309 385 3390 ἐγὼ
404 3310 505 3376 ἀντίος
522 3310 592 3389 εἶμι,
610 3310 658 3373 καὶ
675 3312 701 3373 εἰ
717 3311 786 3391 πυρὶ
801 3315 904 3392 χεῖρας
921 3310 1027 3387 ἔοικεν,

227 3412 254 3474 εί
269 3414 339 3494 πυρὶ
354 3419 459 3497 χεῖρας
474 3416 565 3488 ἔοικε,
580 3412 670 3493 μένος
686 3410 712 3476 δ’
728 3417 831 3478 αἴθωνι
850 3413 991 3498 σιδήρῳ.”

264 3515 327 3583 Ὣς
344 3515 414 3598 φάτ’
432 3518 611 3598 ἐποτρύνων,
627 3519 656 3579 οἱ
672 3513 698 3579 δ’
714 3518 811 3579 ἀντίοι
828 3517 908 3600 ἔγχε’
926 3516 1029 3599 ἄειραν

226 3624 336 3701 Τρῶες·
360 3627 420 3683 τῶν
435 3620 461 3684 δ’
478 3620 583 3699 ἀμνδις
598 3620 691 3703 μίχθη
707 3618 806 3698 μένος,
823 3618 899 3701 ὦρτο
921 3620 946 3684 δ’
964 3621 1046 3700 ἀϋτή.
1125 3643 1175 3697 374

228 3724 277 3786 καὶ
292 3720 354 3786 τότ’
369 3721 416 3806 ἀρ’
428 3721 560 3804 Ἕκτορα
575 3724 642 3788 εἶπε
656 3723 812 3804 παραστὰς
827 3728 944 3804 Φοῖβος
958 3723 1132 3788 Ἀπόλλων·
