2874 4234
537 365 567 432 5·
590 356 822 416 οατννοικν
848 357 884 415 ιι,
1124 365 1187 436 595

241 520 366 601 κινήσας
382 523 414 587 δὲ
431 521 504 603 κόρη
522 522 608 603 προτὶ
624 521 660 586 δν
674 521 830 602 μυθήσατο
846 524 948 604 θυμόν·

286 631 307 660 “
317 627 404 688 Οὕτω
419 629 472 690 νῦν
488 627 563 690 κακὰ
576 628 680 690 πολλά
695 628 799 690 παθὼν
813 627 895 689 ἀλόω
911 626 985 689 κατὰ
1002 628 1122 705 πόντον,

242 730 285 795 είς
301 731 318 791 ὅ
334 755 385 794 κεν
400 730 583 809 ἀνθρώποισι
598 729 810 810 διοτρεφέεσσι
824 727 941 817 μιγήῃς·

243 831 313 894 ἀλλ’
330 830 389 896 οὐδ’
403 834 443 898 ὥς
459 857 496 897 σε
511 832 609 896 ἔολπα
624 830 810 898 ὀνόσσεσθαι
826 831 1014 910 κακότητος.”

280 933 343 1001 Ὣς
359 936 416 1017 ἄρα
432 935 578 1016 φωνήσας
591 938 700 1014 ἵμασεν
716 937 913 1019 καλλίτριχας
928 938 1049 1014 ἵππους,
1137 952 1187 1013 380

242 1041 323 1102 ίκετο
339 1038 365 1102 δ’
381 1040 423 1106 είς
440 1039 544 1122 Αἰγάς,
561 1041 610 1104 ὅθι
624 1042 653 1104 οἱ
670 1043 764 1103 κλυτὰ
779 1037 888 1120 δώματ’
903 1041 1000 1104 ἔασιν.

286 1141 386 1224 Αύτάρ
400 1141 554 1221 Ἀθηναίη,
570 1143 656 1221 κούρη
675 1144 760 1221 Διός,
775 1141 847 1206 ἀλλ’
862 1145 997 1222 ἐνόησεν·

242 1245 261 1324 ή
277 1269 323 1308 τοι
338 1253 397 1309 τῶν
412 1246 516 1330 ἄλλων
533 1245 650 1328 ἀνέμων
666 1250 814 1324 κατέδησε
829 1247 996 1324 κελεύθους,

242 1349 416 1413 παύσασθαι
432 1347 457 1414 δ’
471 1349 614 1414 ἐκέλευσε
631 1346 680 1412 καί
696 1349 855 1427 εὐνηθῆναι
871 1349 1015 1416 ἅπαντας·

243 1449 322 1532 ὦρσε
338 1450 363 1516 δ’
379 1450 428 1516 ἐπὶ
445 1453 588 1533 κραιπνὸν
603 1452 727 1533 Βορέην,
744 1452 802 1534 πρὸ
817 1455 850 1516 δὲ
864 1450 967 1530 κύματ’
982 1452 1080 1532 ἔαξεν,
1140 1467 1188 1529 385

243 1555 298 1620 ἔως
314 1556 332 1617 ὅ
346 1581 382 1637 γε
397 1555 569 1634 Φαιήκεσσι
586 1556 803 1637 φιληρέτμοισι
817 1557 918 1637 μιγείη

243 1658 378 1741 διογενῆς
393 1657 538 1726 Ὀδυσεὺς
553 1658 681 1724 θάνατον
696 1661 745 1724 καὶ
762 1663 851 1740 κῆρας
867 1659 988 1738 ἀλύξας.

282 1763 383 1827 Ἔνθα
398 1765 458 1827 δύω
473 1765 580 1830 νύκτας
597 1765 650 1828 δύο
664 1761 689 1826 τ’
705 1763 804 1844 ἤματα
820 1764 925 1843 κύματι
940 1766 1027 1850 πηγῷ

241 1867 381 1944 πλάζετο,
397 1871 501 1931 πολλὰ
516 1867 550 1931 δέ
565 1869 594 1931 οἱ
611 1868 714 1944 κραδίη
730 1867 919 1947 προτιόσσετ’
937 1870 1073 1950 ὄλεθρον.

242 1969 312 2031 ἀλλ’
330 1972 380 2034 ὅτε
397 1971 433 2049 δὴ
450 1971 550 2050 τρίτον
565 1969 642 2051 ἦμαρ
658 1970 847 2048 ἐϋπλόκαμος
862 1968 963 2036 τέλεσ’
976 1969 1067 2046 Ἠείς,
1136 1998 1188 2052 390

243 2075 292 2136 καὶ
306 2070 368 2137 τότ’
383 2071 475 2137 ἔπειτ’
491 2073 599 2152 ἀνεμας
613 2076 669 2152 μὲν
685 2074 837 2136 ἔπαιίσατο
852 2073 904 2152 ἠδὲ
919 2073 1037 2156 γαλήνη

242 2178 353 2240 ἔπλετο
367 2177 531 2255 νηυεμίη,ὁ
546 2174 571 2240 δ’
583 2177 640 2256 ἀρα
655 2176 768 2260 σχεδὸν
784 2179 878 2240 είσιδε
893 2182 982 2259 γαῖον

241 2279 296 2358 ὀξὺ
312 2279 397 2359 μάλα
411 2281 548 2359 προῖδιίν,
562 2279 697 2362 μεγάλου
711 2281 770 2344 ὑπὸ
786 2280 912 2357 κύματος
928 2281 1039 2362 ἀρθείς.

243 2384 282 2449 ὡς
297 2384 322 2447 δ’
335 2383 377 2446 ὅτ’
394 2383 432 2449 ἀν
447 2383 600 2450 ἀσπάσιος
614 2386 720 2464 βίοτος
735 2385 880 2448 παίδεσσι
896 2383 996 2471 φανήῃ

242 2487 363 2568 πατρός,
378 2485 411 2553 δς
427 2489 460 2550 ἔν
476 2488 574 2571 νούσῳ
591 2491 685 2551 κεῖται
700 2486 815 2568 κρατέρ’
832 2487 929 2570 ἄλγεα
942 2487 1082 2570 πάσχων,
1139 2513 1188 2567 ³9⁵

241 2590 332 2669 δηρὸν
348 2591 519 2672 τηκόμενος,
533 2589 678 2671 στυγερὸς
692 2589 726 2653 δέ
738 2591 767 2653 οί
782 2590 873 2672 ἔχραε
888 2593 1010 2669 δαίμων,

240 2692 396 2756 ἀσπάσιον
412 2691 437 2756 δ’
452 2692 510 2774 ἀρα
525 2694 577 2756 τόν
592 2718 628 2774 γε
644 2693 707 2755 θεοὶ
722 2693 883 2769 κακότητος
899 2694 1022 2767 ἔλυσαν,

246 2798 285 2861 ὣς
299 2794 424 2874 Ὀδυσῆ’
440 2798 600 2858 ἀσπαστὸν
615 2796 736 2858 ἐείσατο
752 2799 824 2876 γαῖα
839 2794 887 2858 καὶ
901 2797 968 2872 ὕλη,

243 2902 317 2982 νῆχε
332 2897 357 2963 δ’
373 2901 568 2981 ἐπειγόμενος
586 2900 678 2962 ποσὶν
693 2898 816 2978 ήπείρου
831 2900 985 2977 ἐπιβῆναι.

243 3001 313 3064 ἀλλ’
328 3003 379 3065 ὅτε
393 3003 509 3066 τόσσον
525 3003 604 3078 ἀπῆν
619 3001 717 3066 ὅσσον
732 3025 765 3064 τε
780 3000 895 3083 γέγωνε
911 3000 1040 3081 βοήσας,
1137 3031 1188 3079 400

244 3101 292 3166 καὶ
307 3105 342 3183 δὴ
359 3111 468 3169 δοΰπον
484 3105 596 3168 ἀκουσε
611 3106 681 3169 ποτὶ
697 3102 884 3168 σπιλάδεσσι
900 3106 1069 3183 θαλάσσης·

241 3209 346 3290 ῥόχθει
360 3209 418 3290 γὰρ
432 3207 511 3291 μέγα
526 3213 601 3289 κῦμα
616 3210 685 3272 ποτὶ
701 3207 787 3289 ξερὸν
802 3207 936 3288 ἠπείροιο

243 3311 342 3374 δεινὸν
357 3312 561 3392 ἐρευγόμενον,
577 3313 679 3374 είλυτο
694 3313 726 3374 δὲ
743 3308 829 3374 πάνθ’
846 3309 920 3375 ἁλὸς
935 3311 1022 3395 άχνη·

244 3413 351 3495 οὐγὰρ
367 3413 441 3476 ἔσαν
456 3413 578 3491 λιμένες
593 3418 672 3489 νηῶν
688 3413 766 3494 ὄχοι,
781 3410 840 3475 οὐδ’
857 3413 993 3493 ἐπιωγαί,

243 3513 313 3578 ἀλλ’
329 3513 414 3578 ἀκταὶ
432 3519 605 3597 προβλῆτες
621 3515 696 3578 ἔσαν
707 3511 854 3580 σπιλάδες
870 3539 902 3576 τε
919 3512 1011 3597 πάγοι
1026 3536 1067 3581 τε·
1139 3544 1188 3593 40⁵

244 3622 292 3682 καὶ
308 3617 368 3681 τότ’
382 3618 553 3696 Ὀδυσσῆος
569 3619 641 3682 λύτο
657 3619 788 3700 γούνατα
804 3619 852 3681 καὶ
868 3619 962 3698 φίλον
977 3618 1057 3700 ἦτορ,

241 3720 378 3807 ὀχθήσας
395 3720 420 3787 δ’
436 3722 493 3804 ἀρα
508 3723 573 3788 εἶπε
589 3727 662 3803 πρὸς
678 3721 712 3786 δν
727 3719 922 3806 μεγαλήτορα
936 3725 1037 3804 θυμόν·
