2792 4232
260 317 323 383 294
559 283 561 288 “
580 307 628 374 15.
649 297 820 357 ικιΑΔοΣ
843 299 881 359 0.

263 458 429 541 ζευγνύμεν,
446 460 534 526 αύτδς
550 460 574 524 δ’
591 460 665 526 ἔντε’
682 462 806 526 ἐδύσετο
821 461 1057 544 παμφανόωντα
1159 489 1205 525 120

262 563 334 625 ἔνθα
350 563 375 624 κ’
391 563 435 626 ἔτι
449 564 559 643 μείζων
574 589 607 628 τε
623 566 671 628 καὶ
688 565 911 648 ἀργαλεώτερος
927 566 1022 632 ἀλλος

262 668 322 746 πδρ
338 665 412 732 Διδς
427 666 605 732 ἀθανάτοισι
619 669 715 751 χόλος
731 670 780 732 καὶ
794 671 881 749 μῆνις
897 670 1015 753 ἐτύχθη,

262 771 288 831 εἰ
302 768 343 849 μή
357 768 470 848 Ἀθήνη
487 775 563 834 πᾶσι
578 770 778 852 περιδείσασα
794 773 910 835 θεοῖσιν

262 869 338 950 ὦρτο
354 874 416 935 διὲκ
431 874 587 954 προθύρου,
603 874 675 937 λίπε
690 875 724 937 δέ
738 875 846 954 θρόνον
862 874 934 937 ἔνθα
950 874 1076 950 θάασσε,

262 979 313 1036 τοῦ
328 973 355 1038 δ’
372 975 432 1038 ἀπδ
445 979 502 1055 μὲν
517 978 651 1056 κεφαλῆς
668 973 766 1057 κόρυθ’
782 978 881 1040 είλετο
898 979 947 1040 καὶ
964 978 1057 1044 σάκος
1074 980 1169 1057 ὤμων,

223 1153 225 1156 Ι
262 1077 353 1158 ἔγχος
368 1074 394 1141 δ’
411 1078 524 1156 ἔστησε
539 1083 688 1161 στιβαρῆς
703 1078 762 1143 ἀπὸ
777 1079 878 1163 χειρὸς
894 1083 1007 1145 ἑλοῦσα
1157 1096 1205 1144 126

261 1179 403 1261 χάλκεον·
426 1179 445 1259 ἡ
462 1181 486 1245 δ’
504 1180 632 1246 ε’πέεσσι
648 1181 816 1245 καθάπτετο
831 1185 939 1263 θοῦρον
952 1182 1057 1264 Ἀρηα·

263 1289 281 1316 “
292 1283 461 1363 μαινόμενε,
476 1282 588 1365 φρένας
603 1283 669 1363 ήλέ,
685 1287 857 1364 διέφθορας·
878 1283 897 1363 ή
912 1284 947 1348 νύ
961 1309 1009 1347 τοι
1024 1283 1117 1349 αὔτως

262 1384 342 1447 οὔατ’
359 1385 504 1464 ἀκουέμεν
518 1387 594 1459 ἐστί,
611 1387 680 1452 νόος
696 1388 720 1449 δ’
738 1386 881 1450 ἀπόλωλε
897 1388 946 1450 καὶ
961 1388 1060 1452 αίδύς.

263 1488 314 1551 οῦκ
330 1487 406 1554 ἀίεις
421 1488 440 1552 ά
455 1488 488 1551 τέ
503 1494 582 1569 φησι
597 1491 652 1553 θεδ
666 1489 852 1555 λευκόλενος
864 1489 955 1575 Ἥρῃ,
1158 1518 1205 1566 130

261 1589 280 1667 ἢ
297 1590 332 1670 δή
349 1597 401 1656 νῦν
415 1594 476 1672 πδρ
491 1591 588 1669 Ζηνὸς
604 1590 772 1671 Ὀλυμπίου
788 1591 989 1670 εἰλήλουθας

263 1692 281 1770 ή
298 1691 413 1757 ἐθέλεις
428 1691 517 1759 αῦτδς
530 1696 586 1771 μὲν
602 1691 781 1771 ἀναπλήσας
798 1696 873 1756 κακδ
889 1697 991 1756 πολλδ

262 1794 310 1876 ἂψ
325 1797 392 1874 ’ίμεν
406 1795 607 1874 Οὔλυμπόνδε
621 1793 669 1857 καὶ
684 1794 849 1876 ἀχνύμενός
864 1820 920 1875 περ
937 1794 1061 1881 ἀνάγκη,

263 1897 354 1977 αὐτὰρ
369 1903 432 1964 τοῖς
447 1899 574 1962 ἀλλοισι
589 1898 681 1961 κακδν
694 1896 772 1979 μέγα
787 1901 865 1960 πᾶσι
880 1903 1048 1978 φυτεῦσαις

263 2000 367 2062 αὐτίκα
382 1999 440 2082 γάρ
454 2006 558 2080 Τρῶας
572 2002 628 2078 μὲν
643 2000 828 2082 ὑπερθύμους
843 2001 892 2063 καὶ
908 1998 1051 2084 Ἀχαιοὺς
1161 2030 1208 2079 135

262 2104 377 2182 λείψει,
394 2105 410 2165 ό
425 2101 451 2166 δ’
466 2102 560 2182 ἡμέας
575 2104 636 2167 είσι
652 2103 841 2182 κυδοιμήσων
855 2106 886 2169 ές
898 2102 1069 2182 Ὀλυμπον,

262 2206 376 2287 μάρψει
393 2204 418 2269 δ’
434 2206 531 2286 ἑξείης
547 2208 580 2272 ός
595 2205 621 2268 τ’
637 2209 732 2273 αίτιος
748 2209 781 2273 ὅς
795 2233 828 2271 τε
844 2208 892 2270 καὶ
908 2207 982 2270 οὐκί.

262 2411 317 2488 ἤδη
333 2409 390 2492 γάρ
405 2435 450 2476 τις
464 2417 517 2474 τοῦ
535 2437 571 2494 γε
586 2412 660 2492 βίην
676 2413 724 2475 καὶ
739 2417 844 2494 χεῖρας
862 2411 993 2489 ἀμείνων

262 2511 281 2591 ἢ
297 2513 417 2595 πέφατ’,
434 2513 452 2592 ἢ
469 2515 517 2578 καὶ
535 2515 640 2578 ἔπειτα
653 2513 835 2595 πεφήσεται·
859 2514 1009 2596 ἀργαλέον
1024 2516 1058 2578 δὲ
1161 2543 1209 2592 140

263 2616 383 2679 πάντων
399 2618 563 2698 ἀνθρώπων
576 2620 685 2700 ῥῦσθαι
700 2616 809 2700 γενεήν
824 2643 858 2681 τε
872 2618 961 2680 τόκον
976 2615 1039 2682 τε.”

300 2719 363 2785 Ὣς
379 2719 496 2783 εἰποῦσ’
512 2723 616 2801 ἵδρυσε
631 2721 727 2806 θρόνῳ
745 2720 790 2786 ένι
806 2724 914 2800 θοῦρον
926 2721 1034 2802 Ἀρηα.

259 2823 340 2904 Ἥρη
357 2821 383 2886 δ’
399 2822 585 2886 Ἀπόλλωνα
601 2823 773 2887 καλέσσατο
790 2823 925 2902 δόρατος
941 2826 1025 2890 ἐκτὸς

260 2924 337 3005 Ἶρίν
352 2927 387 3001 θ’,
407 2926 427 3003 ή
444 2951 478 2989 τε
493 2930 592 2990 θεοῖσι
608 2925 795 3008 μετάγγελος
810 2925 998 3002 ἀθανάτοισι,

264 3030 314 3090 καί
330 3036 428 3109 σφεας
444 3027 605 3110 φωνήσασ’
621 3030 695 3092 ἐπεα
710 3029 874 3108 πτερόεντα
890 3029 1055 3110 προσηύδα·
1164 3055 1208 3107 ¹45

264 3140 284 3166 “
294 3130 369 3196 Ζεὺς
385 3132 455 3212 σφὼ
475 3134 518 3197 είς
529 3130 614 3211 Ἴδην
629 3129 726 3194 κέλετ’
743 3130 870 3210 ἐλθέμεν
889 3134 953 3195 ὅττι
971 3130 1110 3216 τάχιστα·

264 3235 356 3315 αὐτὰρ
372 3234 448 3313 ἐπήν
464 3234 580 3314 ἔλθητε,
598 3235 674 3298 Διός
688 3233 713 3295 τ’
731 3235 774 3299 είς
790 3231 857 3298 ἀπα
871 3237 987 3312 ἴδησθε,

263 3338 361 3416 ἔρδειν
376 3338 439 3400 ὅττι
456 3363 488 3400 κε
504 3342 601 3402 κεῖνος
616 3336 762 3422 ἐποτρύνῃ
781 3337 830 3400 καὶ
846 3335 977 3422 ἀνύγῃ.”

305 3437 348 3502 Ἠ
362 3441 417 3519 μὲν
433 3438 476 3519 ἀρ’
494 3439 534 3505 δς
549 3441 676 3502 εἰποῦσα
693 3437 786 3502 πάλιν
802 3439 847 3502 κίε
863 3439 970 3502 πότνια
982 3437 1074 3520 Ἥρη,

265 3543 346 3618 ἕζετο
362 3541 386 3604 δ’
404 3543 461 3607 είνὶ
477 3542 583 3624 θρόνῳ·
607 3541 648 3604 τιδ
664 3540 689 3604 δ’
707 3539 829 3619 ἀίξαντε
844 3539 1004 3619 πετέσθην.
1162 3569 1211 3620 ¹50

262 3645 344 3722 Ἴδην
359 3643 383 3708 δ’
400 3645 504 3707 ίκανον
519 3644 719 3718 πολυπίδακα,
735 3641 848 3724 μητέρα
863 3648 970 3724 θηρῶν,
