2874 4234
271 308 348 384 ἰιι
576 331 605 396 7.
633 320 870 380 ολςνναιιν
900 320 940 379 ιι.

320 490 383 558 Ὣς
398 490 487 572 φάτο,
503 488 675 554 Ποντόνοος
692 488 725 551 δὲ
739 490 911 569 μελίφρονα
925 488 1007 552 οἶνον
1022 489 1133 570 έκίρνα,

283 597 423 673 νώμησεν
441 591 466 657 δ’
482 592 538 675 ἄρα
553 595 650 656 πᾶσιν
664 589 868 672 ἐπαρξάμενος
884 591 1058 657 δεπάεσσιν.

284 699 376 779 αιἰτάρ
391 698 457 762 έπεὶ
474 693 606 760 σπεῖσάν
621 691 647 756 τ’
666 695 751 760 ἔπιόν
767 694 795 757 θ’
809 695 885 759 ὅσον
899 694 991 774 ήθελε
1007 698 1109 775 θυμός,

284 807 383 865 τοῖσιν
398 800 423 863 δ’
439 799 597 863 ’Λλκίνοος
613 796 785 880 ἀγορήσατο
802 802 850 862 καὶ
865 798 1012 878 μετέειπε·
1188 815 1233 878 ¹85

328 910 344 938 “
354 901 496 980 Κέκλυτε,
513 899 656 980 Φαιήκων
670 899 814 982 ἡγήτορες
831 901 885 980 ἠδὲ
897 901 1051 981 μέδοντες,

285 1007 354 1089 ὄφρ’
371 1009 444 1071 εἴπω
459 1004 549 1085 τάμε
566 1003 657 1084 θυμὸς
672 1003 718 1069 ε’νὶ
736 1001 885 1080 στήθεσσι
902 1006 1026 1071 κελεύει.

285 1115 338 1176 νῦν
352 1114 407 1189 μὲν
425 1108 600 1189 δαισάμενοι
618 1108 786 1171 κατακείετε
802 1107 893 1172 οἴκαδ’
912 1110 1017 1176 ἰόντες·

285 1215 382 1295 ήῶθεν
398 1216 430 1278 δὲ
444 1212 586 1295 γέροντας
601 1207 651 1274 ἐπὶ
667 1207 798 1276 πλέονας
814 1211 998 1280 καλέσαντες

285 1317 385 1396 ξεῖνον
400 1317 443 1380 ἑνὶ
459 1312 600 1398 μεγάροις
616 1311 811 1391 ξεινίσσομεν
826 1312 879 1391 ἠδὲ
896 1318 1013 1379 θεοῖσιν
1186 1344 1236 1398 190

285 1418 412 1502 ῥέξομεν
429 1421 494 1500 ἶερδ
511 1415 597 1492 καλά,
614 1416 718 1479 ἔπειτα
733 1417 766 1478 δὲ
781 1414 830 1480 καὶ
846 1415 914 1492 περὶ
930 1421 1049 1499 πομπῆς

285 1522 461 1604 μνησόμεθ’,
477 1523 516 1586 ὥς
531 1520 562 1602 χ’
579 1522 595 1582 ὁ
611 1518 708 1597 ξεῖνος
725 1519 832 1583 ἄνευθε
847 1521 942 1586 πόνου
958 1523 1007 1587 καὶ
1022 1523 1107 1600 ἀνίης

287 1628 391 1712 πομπῇ
407 1625 459 1706 ὑφ’
474 1624 601 1709 ἡμετέρῃ
614 1620 652 1700 ἣν
668 1623 791 1703 πατρίδα
808 1627 898 1706 γαῖαν
913 1625 1012 1704 ίκηται

285 1732 399 1812 χαίρων
417 1728 622 1810 καρπαλίμως,
639 1728 666 1790 εἰ
682 1723 731 1790 καὶ
745 1725 829 1805 μάλα
845 1729 972 1804 τηλόθεν
988 1730 1063 1808 έστί,

286 1834 362 1913 μηδέ
377 1859 406 1895 τι
420 1830 578 1913 μεσσηγύς
593 1855 629 1911 γε
645 1835 739 1893 κακδν
755 1831 803 1894 καὶ
819 1833 903 1908 πῆμα
918 1830 1036 1916 πάθῃσι
1191 1859 1237 1912 195

287 1937 357 2018 πρίν
371 1961 406 2019 γε
422 1941 474 2000 τδν
489 1934 525 2014 ἦς
541 1934 628 2016 γαίης
644 1932 835 2014 ἐπιβήμεναι·
859 1934 931 1998 ένθα
949 1935 974 1998 δ’
990 1936 1095 2000 ἔπειτα

288 2041 426 2104 πείσεται
445 2038 530 2102 όσσα
546 2040 574 2101 οἱ
591 2037 664 2101 αῖσα
680 2041 754 2100 κατὰ
769 2037 894 2104 Κλῶθές
910 2063 943 2102 τε
957 2044 1079 2120 βαρεῖαι

287 2142 450 2227 γεινομένῳ
467 2140 599 2221 νήσαντο
613 2141 698 2226 λίνιρ,
714 2142 764 2206 ότε
779 2167 830 2221 μιν
845 2142 912 2205 τέκε
926 2141 1032 2225 μήτηρ.

288 2245 363 2310 εἶδέ
379 2271 424 2313 τις
441 2246 596 2310 ἀθανάτων
612 2271 647 2327 γε
664 2245 725 2308 κατ’
741 2245 865 2324 οὐρανοῦ
881 2244 1067 2324 εἰλήλουθεν,

288 2350 368 2413 ἄλλο
384 2350 463 2429 τιδὴ
480 2348 541 2412 τόδ’
557 2349 662 2412 ἔπειτα
678 2350 741 2412 θεοὶ
757 2349 1047 2431 περιμηχανόωνται.
1193 2379 1241 2415 τοο

288 2451 346 2518 αἰεὶ
361 2453 419 2535 γὰρ
434 2458 468 2516 τδ
484 2450 579 2533 πάρος
593 2478 629 2534 γε
646 2449 709 2516 θεοὶ
725 2452 884 2533 φαίνονται
900 2455 1036 2536 ἐναργεῖς

287 2558 368 2638 ἡμῖν,
386 2557 444 2621 εὖτ’
459 2556 589 2638 ἔρδωμεν
605 2554 785 2638 ἀγακλειτὰς
801 2557 983 2637 ἑκατόμβας,

290 2662 445 2726 δαίνυνταί
458 2686 490 2724 τε
506 2659 576 2742 παρ’
592 2660 666 2740 ἀμμι
683 2658 844 2741 καθήμενοι
859 2660 932 2726 ἔνθα
948 2688 1005 2744 περ
1021 2662 1115 2744 ἡμεῖς.

290 2768 316 2829 εἰ
332 2765 357 2830 δ’
373 2765 431 2843 ἄρα
445 2790 490 2829 τις
507 2761 554 2826 καὶ
570 2768 679 2843 μοῦνος
697 2765 749 2826 ἰὼν
765 2762 938 2844 ξύμβληται
955 2767 1067 2844 ὁδίτης,

291 2869 369 2932 οὔτι
385 2868 654 2949 κατακρύπτουσιν,
670 2868 740 2931 έπεί
753 2875 866 2949 σφισιν
882 2869 1008 2950 ἐγγύθεν
1024 2867 1117 2947 εἰμέν,
1192 2896 1241 2945 το5

291 2973 331 3037 ὥς
347 2997 403 3052 περ
420 2971 583 3036 Κύκλωπές
598 2995 630 3034 τε
647 2967 695 3034 καὶ
711 2970 799 3054 άγρια
816 2975 900 3052 φῦλα
915 2969 1096 3053 Γιγάντων.”

333 3079 396 3138 Τὸν
411 3074 436 3137 δ’
453 3073 696 3153 ἀπαμειβόμενος
711 3074 853 3156 προσέφη
870 3073 1034 3154 πολύμητις
1050 3073 1227 3141 Ὀδυσσεύς·

292 3182 310 3211 “
320 3177 464 3255 Ἀλκίνο’,
481 3177 561 3240 ἀλλο
578 3179 607 3240 τί
622 3202 669 3241 τοι
683 3177 799 3258 μελέτω
815 3179 936 3258 φρεσίν·
960 3178 1065 3259 οὐγὰρ
1081 3178 1139 3261 έγό
1156 3205 1192 3262 γε

292 3279 488 3344 ἀθανάτοισιν
504 3281 597 3359 έοικα,
613 3280 660 3346 τοὶ
675 3279 800 3361 οὐρανὸν
816 3280 902 3362 εόρδν
918 3281 1053 3362 έχουσιν,

294 3384 326 3448 οὗ
342 3381 433 3462 δέμας
449 3382 516 3447 οὐδὲ
531 3383 621 3465 φυήν,
637 3386 718 3446 ἀλλὰ
737 3385 874 3462 θνητοῖσι
890 3387 1058 3464 βροτοῖσιν·
1192 3412 1243 3448 210

294 3487 342 3551 οὕς
357 3511 440 3551 τινας
454 3487 538 3567 ὑμεῖς
553 3491 620 3550 ίστε
634 3483 756 3564 μάλιστ’
772 3487 916 3570 ὀχέοντας
932 3485 1016 3562 ὀϊζὺν

295 3589 470 3669 ἀνθρώπων,
488 3591 586 3656 τοῖσίν
602 3613 652 3652 κεν
667 3589 700 3652 ἐν
716 3589 845 3672 ἄλγεσιν
860 3590 1041 3669 ἰσωσαίμην.

294 3691 342 3757 καὶ
358 3692 384 3755 δ’
400 3692 446 3756 ἔτι
461 3717 512 3757 κεν
528 3689 576 3754 καὶ
591 3692 706 3756 πλείον’
722 3695 780 3775 ἐγὼ
801 3692 876 3757 κακὰ
889 3696 1093 3776 μυθησαίμην,
