2728 4230
261 392 319 458 152
577 374 607 439 8.
630 379 801 440 ιΛιΑΔος
823 380 863 440 ο.

256 547 366 629 νεβρδν
381 543 480 630 ἔχοντ’
495 545 651 630 ὀνύχεσσι,
666 545 753 613 τέκος
767 546 897 628 ἐλάφοιο
912 547 1044 630 ταχείης·Ι

256 654 316 730 πδρ
331 653 363 714 δὲ
380 649 453 716 Διὸς
467 651 561 732 βωμῷ
581 649 759 730 περικαλλέϊ
774 651 919 730 κάββαλε
933 651 1054 732 νεβρόν,

256 754 327 818 ἔνθα
342 755 521 838 πανομφαίῳ
538 753 611 832 Ζηνὶ
624 751 768 836 ῥέζεσκον
783 751 913 837 Ἀχαιοί.
1151 780 1199 829 250

256 859 285 920 οἱ
300 856 326 920 δ’
342 857 380 922 ὡς
395 857 447 921 οὖν
467 854 575 920 εἴδονθ’
591 857 609 919 ό
625 853 650 918 τ’
666 853 712 938 ἄρ’
728 858 762 919 ἐκ
778 856 853 922 Διδς
867 855 981 934 ἤλυθεν
995 858 1084 938 όρνις,

254 964 374 1038 μᾶλλον
390 961 439 1023 ἐπὶ
453 959 595 1039 Τρόεσσι
611 959 709 1040 θόρον,
725 957 879 1040 μνήσαντο
895 962 928 1023 δέ
943 957 1069 1042 χάρμης.

294 1062 379 1126 Ἔνθ’
395 1063 429 1125 ού
443 1088 489 1130 τις
503 1063 646 1144 πρότερος
661 1067 799 1139 Δαναῶν,
815 1068 940 1127 πολλῶν
955 1088 1011 1144 περ
1027 1062 1145 1139 ἐόντων,

255 1165 360 1245 εὔξατο
373 1165 519 1230 Τυδεΐδαο
533 1164 628 1248 πάρος
643 1163 758 1248 σχέμεν
772 1163 866 1231 ὠκέας
881 1167 991 1230 ἵππους

254 1269 369 1350 τάφρου
383 1267 411 1331 τ’
426 1268 572 1348 ἐξελάσαι
589 1269 638 1333 καὶ
654 1269 826 1349 ἐναντίβιον
840 1266 1046 1350 μαχέσασθαι,
1150 1294 1197 1342 ²5⁵

254 1374 336 1436 άλλδ
350 1373 430 1436 πολὺ
444 1378 560 1454 πρῶτος
573 1373 686 1453 Τρόων
701 1373 772 1436 έλεν
786 1372 880 1453 άνδρο
895 1369 1051 1452 κορυστήν,

253 1477 461 1557 Φραδμονίδην
476 1474 633 1558 Ἀγέλαον·
657 1478 673 1539 ό
688 1477 743 1556 μέυ
758 1474 866 1557 φύγαδ’
882 1475 1009 1555 ἔτραπεν
1024 1476 1142 1539 ἵππους·

252 1581 293 1662 τῷ
309 1581 341 1642 δέ
359 1577 615 1661 μεταστρεφθέντι
628 1577 805 1664 μεταφρένῳ
821 1581 854 1642 ἐν
869 1579 940 1659 δόρυ
955 1576 1051 1656 πῆξεν

253 1682 340 1762 ὤμων
354 1683 517 1763 μεσσηγύς,
534 1683 583 1746 διδ
598 1683 630 1746 δέ
647 1680 819 1762 στήθεσφιν
834 1681 977 1746 ἔλασσεν·

252 1783 338 1864 ἤριπε
355 1782 380 1849 δ’
397 1782 432 1863 ἐξ
445 1783 551 1867 ὀχέων,
567 1783 708 1865 ἀράβησε
722 1786 755 1848 δέ
771 1785 867 1868 τεύχε’
884 1781 931 1849 ἐπ’
947 1784 1035 1868 αύτῷ.
1148 1795 1196 1844 260

294 1888 356 1951 Τδν
372 1888 404 1950 δέ
418 1886 481 1967 μετ’
498 1885 657 1969 Ἀτρεΐδαι,
675 1885 872 1969 Ἀγαμέμνων
888 1888 937 1950 καὶ
953 1885 1120 1961 Μενέλαος,

252 1995 332 2055 τοῖσι
347 1987 373 2054 δ’
389 1988 435 2053 ἐπ’
452 1991 579 2056 Αἴαντες
594 1994 695 2071 θοῦριν
711 1988 874 2069 ἐπιειμένοι
888 1988 995 2068 α’λκήν,

252 2100 332 2158 τοῖσι
347 2092 373 2158 δ’
389 2091 437 2157 ἐπ’
453 2092 618 2174 Ἰδομενεὺς
634 2095 682 2157 καὶ
697 2093 800 2158 ὀπάων
815 2092 987 2174 Ἰδομενῆος

252 2197 415 2278 Μηριόνης,
431 2195 599 2263 ἀτάλαντος
615 2194 763 2282 Ἐνυαλίῳ
778 2198 987 2282 ἀνδρειφόντῃ,

251 2304 332 2362 τοῖσι
347 2297 373 2363 δ’
386 2296 433 2362 ἐπ’
450 2299 635 2379 Εὐρύπυλος,
651 2300 819 2378 Εὐαίμονος
835 2299 949 2382 ὀγλαδς
962 2299 1035 2366 υἱός·
1147 2314 1196 2378 2⁶³

250 2405 380 2481 Τεῦκρος
395 2398 421 2465 δ’
437 2404 554 2467 εἴνατος
568 2401 653 2481 ἦλθε,
673 2402 841 2466 παλίντονα
855 2400 930 2480 τόξα
945 2402 1093 2474 τιταίνων,

252 2507 308 2581 στῆ
324 2502 351 2568 δ’
365 2499 414 2586 ἄρ’
428 2502 478 2568 ὑπ’
493 2507 623 2571 Αἴαντος
639 2503 727 2569 σάκεϊ
740 2504 986 2584 Τελαμωνιάδαο.

252 2605 315 2671 ἔνθ’
330 2610 405 2673 Αἴας
420 2609 475 2687 μέν
489 2605 674 2689 ὑπεξέφερεν
690 2606 791 2674 σάκος·
815 2607 907 2688 αύτδρ
922 2609 940 2670 ό
954 2605 984 2691 γ’
998 2608 1077 2690 ἥρως

252 2708 415 2789 παπτήνας,
428 2711 494 2775 ἐπεὶ
510 2709 548 2792 άρ
562 2708 619 2774 τιν’
635 2710 795 2776 ὀϊστεύσας
810 2711 843 2773 ἐν
858 2711 954 2796 ὁμίλῳ

251 2811 413 2892 βεβλήκοι,
430 2811 516 2893 όμέν
532 2813 599 2876 αὖθι
615 2813 719 2877 πεσδν
733 2812 793 2877 άπδ
808 2813 902 2894 θυμδν
917 2816 1055 2887 όλεσκεν,
1125 2881 1126 2884 ,
1147 2839 1197 2891 τρο

252 2917 344 2998 αὐτὰρ
359 2918 375 2980 ὁ
391 2916 473 2982 αὖτις
488 2917 542 2980 ίδν
557 2915 627 2982 πάϊς
642 2916 682 2982 ὣς
695 2915 753 2980 θτδ
767 2916 881 2999 μητέρα
895 2917 1005 2982 δύσκεν

252 3021 294 3084 είς
310 3016 425 3082 Αἴανθ’·
449 3020 465 3081 ό
480 3018 514 3083 δέ
531 3044 583 3098 μιν
598 3017 686 3082 σάκεί·
701 3019 871 3100 κρύπτασκε
887 3023 1013 3106 φαεινῷ.

292 3120 388 3184 Ἔνθα
402 3121 469 3185 τίνα
484 3127 602 3203 πρῶτον
615 3122 728 3202 Τρόων
743 3122 796 3187 έλε
809 3128 941 3205 Τεῦκρος
956 3124 1098 3205 ἀμύμων,·

253 3222 439 3307 Ὀρσίλοχον
452 3224 509 3305 μέυ
523 3230 624 3305 πρῶτα
640 3225 689 3288 καὶ
701 3222 851 3305 Ὄρμενον
864 3224 910 3305 ἠδ’
927 3224 1121 3307 Ὀφελέστην

252 3327 387 3409 Δαίτορά
401 3354 434 3393 τε
449 3329 583 3409 Χρομίον
598 3351 631 3392 τε
646 3329 695 3392 καὶ
710 3329 848 3394 ὀντίθεον
861 3333 1058 3412 Λυκοφόντην
1146 3356 1194 3408 ²75

253 3431 301 3494 καὶ
317 3433 561 3511 Πολυαιμονίδην
576 3429 751 3511 Ἀμοπάονα
766 3434 815 3497 καὶ
831 3431 1044 3497 Μελάνιππον.

254 3530 384 3624 [πάντας
399 3535 622 3616 ἐπασσυτέρους
637 3534 756 3601 πέλασε
770 3537 859 3619 χθονὶ
877 3531 1128 3623 πουλυβοτείρῃ]

253 3637 305 3700 τδν
320 3637 353 3701 δέ
368 3638 439 3702 ίδδν
452 3635 587 3720 γήθησεν
603 3636 681 3717 άναξ
693 3640 808 3720 ὀνδρῶν
824 3637 1030 3721 Ἀγαμέμνων,

253 3739 341 3820 τόξου
356 3741 415 3804 άπο
431 3747 574 3823 κρατεροῦ
587 3741 699 3822 Τράων
714 3741 860 3807 ὀλέκοντα
874 3739 1045 3824 φάλαγγας·
