2848 4296
511 355 560 403 21.
584 340 755 400 ΙΛΙΑΔΟΣ
778 339 817 403 Φ.
1075 353 1140 424 433

190 512 285 574 δείδια
299 512 357 592 γὰρ
371 509 412 589 μὴ
430 509 518 575 οὑλος
535 510 609 591 ἀνὴρ
625 513 656 576 ές
671 514 771 590 τεῖχος
787 502 927 586 άληται.”

227 610 290 678 Ὣς
306 611 405 693 ἔφαθ’,
423 616 451 676 οἱ
469 612 495 677 δ’
513 611 626 678 άνεσάν
642 637 675 676 τε
690 612 788 677 πύλας
803 612 853 676 καὶ
868 611 997 675 ἀπῶσαν
1012 611 1117 692 ὀχῆας·

191 718 222 779 αἱ
237 717 270 778 δὲ
285 720 486 780 πετασθεῖσαι
505 713 612 793 τεῦξαν
627 715 715 796 φάος·
739 715 831 795 αὐτὰρ
850 711 1014 780 Ἀπόλλων

191 820 291 884 ἀντίος
306 818 436 899 ἐξέθορε,
452 819 564 899 Τράων
579 821 629 884 ίνα
642 819 751 901 λοιγὸν
765 817 905 882 ἀλάλκοι.

191 925 220 986 οἱ
235 922 260 986 δ’
277 922 341 988 ἰθὺς
356 925 465 996 πόλιος
480 924 530 985 καὶ
546 924 664 1005 τείχεος
678 924 821 1004 ὑψηλοῖο,
1095 947 1144 994 540

191 1027 266 1112 δίψῃ
284 1024 457 1108 καρχαλέοι,
478 1025 663 1105 κεκονιμένοι
680 1027 712 1088 ἔκ
728 1026 845 1090 πεδίοιο

191 1134 313 1209 φεῦγον·
338 1131 354 1192 ὁ
370 1133 403 1193 δὲ
420 1133 576 1209 σφεδανὸν
591 1126 681 1210 ἔφεπ’
697 1129 794 1211 ἔγχεϊ,
809 1129 913 1192 λύσσα
929 1126 963 1195 δέ
978 1130 1007 1192 αἱ
1025 1132 1079 1206 κῆρ

191 1233 256 1296 αίέν
271 1233 324 1314 ἔχε
339 1230 474 1315 κρατερή,
493 1230 632 1312 μενέαινε
648 1233 680 1296 δὲ
699 1237 786 1299 κῦδος
801 1231 937 1314 ἀρέσθαι.

230 1333 328 1398 Ἔνθα
346 1362 397 1400 κεν
412 1337 569 1418 ὑψίπυλον
582 1336 696 1415 Τροίην
710 1335 784 1398 ἕλον
798 1337 861 1402 υἷες
877 1331 1020 1417 Ἀχαιῶν,

193 1439 220 1501 εί
234 1439 273 1518 μῆ
290 1437 453 1505 Ἀπόλλων
470 1443 587 1518 Φοῖβος
604 1435 755 1520 Ἀγήνορα
769 1443 835 1503 δῖον
852 1439 952 1514 ἀνῆκε,
1028 1493 1030 1502 ,
1096 1463 1145 1512 545

193 1538 268 1621 φῶτ’
284 1539 463 1622 Ἀντήνορος
479 1545 545 1606 υἱδν
559 1539 695 1620 ἀμύμονά
710 1565 743 1605 τε
758 1541 901 1624 κρατερόν
916 1566 959 1604 τε.

192 1643 226 1705 έν
239 1641 295 1722 μέν
311 1646 339 1706 οί
356 1646 461 1731 κραδίῃ
477 1645 590 1726 θάρσος
605 1644 697 1725 βάλε,
713 1648 773 1726 πάρ
789 1643 823 1708 δέ
837 1647 867 1708 οί
882 1644 971 1712 αιἰτδς

193 1744 274 1825 ἔστη,
292 1747 372 1813 ὅπως
389 1746 530 1812 θανάτοιο
545 1748 672 1828 βαρείας
688 1750 778 1829 κῆρας
792 1745 934 1823 ἀλάλκοι,

192 1851 280 1935 φηγῷ
297 1849 479 1928 κεκλιμένος·
504 1850 673 1915 κεκάλυπτο
689 1848 714 1913 δ’
730 1849 775 1931 ἀρ’
792 1848 857 1930 ἠέρι
873 1853 985 1936 πολλῆ.

192 1952 284 2034 αὐτὰρ
301 1954 318 2016 ό
333 1953 360 2036 γ’
378 1955 417 2019 ῶς
433 1954 561 2034 ἐνόησεν
575 1953 731 2037 Ἀχιλλῆα
746 1953 959 2035 πτολίπορθον,

194 2056 276 2135 ἔστη,
293 2060 396 2121 πολλὰ
414 2057 447 2121 δέ
466 2060 494 2122 οἱ
510 2060 614 2139 κραδίη
634 2059 768 2140 πόρφυρε
783 2055 913 2137 μένοντι·

192 2159 327 2242 ὀχθήσας
343 2161 368 2224 δ’
385 2161 442 2243 άρα
458 2161 525 2225 εἶπε
543 2160 616 2242 πρὸς
631 2160 666 2226 ὃν
683 2159 877 2243 μεγαλήτορα
891 2162 994 2240 θυμόν·

194 2264 244 2326 *ίῶ
259 2290 310 2343 μοι
327 2265 413 2345 έγύν·
437 2267 463 2328 εί
478 2263 535 2346 μέν
550 2291 601 2330 κεν
612 2264 671 2328 ὑπὸ
690 2269 831 2347 κρατεροῦ
845 2261 992 2346 Ἀχιλῆος

193 2367 305 2450 φεύγω,
322 2369 357 2454 τῇ
374 2393 430 2449 περ
446 2372 475 2432 οἱ
491 2369 583 2432 άλλοι
599 2369 774 2448 ἀτυζόμενοι
790 2366 976 2444 κλονέονται,
1000 2387 1003 2392 ·

193 2469 311 2552 αἱρήσει
326 2497 364 2550 με
380 2473 429 2536 καὶ
445 2473 494 2548 ὥς,
511 2471 560 2536 καὶ
575 2472 723 2538 ἀνάλκιδα
738 2469 958 2554 δειροτομήσει.

194 2576 220 2636 εί
235 2573 260 2637 δ’
276 2573 314 2637 ἂν
328 2576 387 2656 ἐγὼ
403 2575 524 2642 τούτους
537 2579 595 2656 μὲν
610 2574 852 2640 ὑποκλονέεσθαι
867 2575 960 2638 ἐάσω·

193 2676 330 2764 Πηλειδῃ
347 2676 481 2761 Ἀχιλῆι,
497 2681 591 2746 ποσὶν
606 2678 632 2743 δ’
648 2679 708 2742 ἀπὸ
723 2680 770 2743 τεί
768 2705 840 2764 χεος
855 2678 937 2763 ἄλλῃ

193 2781 296 2863 φεύγω
316 2781 390 2860 πρὸς
405 2784 510 2847 πεδίον
527 2781 648 2861 Ἰλήϊον,
666 2783 733 2908 ὄφρ’
750 2781 815 2846 ἀνί
802 2784 914 2861 ἵκωμαι·

190 2882 272 2961 Ἴδης
286 2909 319 2948 τε
335 2883 461 2963 κνημοὺς
477 2884 552 2949 κατά
566 2911 599 2949 τε
612 2885 749 2968 ῥωπήια
745 2885 812 2950 δύω

193 2986 334 3069 εσπέριος
349 2985 375 3051 δ’
393 2986 463 3052 ἀν’
446 3013 551 3052 επειπα
561 2988 771 3068 λοεσσάμενος
786 2991 932 3067 ποταμοῖο

195 3092 264 3172 ίδρῶ
281 3091 472 3173 ἀποψυχθεὶς
487 3092 575 3172 προτὶ
588 3089 685 3156 Ἴλιον
700 3091 937 3169 ἀπονεοίμην-

194 3197 277 3258 ἀλλά
291 3195 339 3274 τίη
354 3220 406 3272 μοι
421 3200 514 3258 ταῦτα
530 3194 623 3274 φίλος
638 3193 794 3273 διελέξατο
810 3194 922 3270 θυμός;

192 3297 234 3377 μή
247 3298 277 3378 μ’
294 3299 512 3378 ἀπαειρόμενον
526 3299 634 3362 πόλιος
649 3299 786 3362 πεδίονδε
801 3294 897 3381 νοήσῃ

194 3401 245 3464 καί
260 3427 298 3480 με
312 3399 454 3481 μεταΐξας
468 3399 576 3487 μάρψῃ
591 3399 739 3483 ταχέεσσι
755 3401 911 3463 πόδεσσιν.

194 3503 290 3567 οὐκέτ’
311 3503 403 3568 ἔπειτ’
422 3503 656 3568 ἔσται-θάνατον
672 3504 724 3566 καὶ·
740 3505 830 3580 κῆρας
846 3498 964 3578 ἀλύξαι·

192 3609 264 3685 λίην
278 3610 336 3690 γὰρ
352 3606 491 3687 κρατερὸς
507 3607 575 3687 περὶ
590 3604 711 3670 πάντων
730 3600 795 3668 ἔστ’
811 3604 984 3685 ἀνθρώπων.

194 3712 221 3773 εί
236 3709 269 3774 δέ
285 3710 319 3773 κέ
334 3712 363 3772 οἱ
386 3708 571 3792 προπάροιθε
585 3708 696 3774 πόλεος
710 3707 903 3772 κατεναντίον
922 3708 1011 3772 ἔλθω·
