2834 4234
515 375 564 423 ιι.
587 362 822 422 ΟΔΎΣΣΕΙΑΣ
854 362 897 420 Μ.
1099 375 1160 440 703

215 528 283 595 οίιδέ
298 528 344 597 τίς
359 528 421 592 ἐστ’
438 529 528 609 ἀλκή·
553 531 678 611 φυγέειν
695 528 854 611 κάρτιστον
865 528 915 592 ἀπ’
933 531 1030 609 αιἰτῆς.
1115 556 1162 591 120

215 629 253 711 ἢν
267 636 324 715 γὰρ
340 634 513 721 δηθύνῃσθα
530 636 751 716 κορυσσόμενος
764 635 846 714 παρὰ
861 631 965 718 πέτρῃ,

215 738 302 800 δείδω
317 735 358 816 μή
375 737 405 800 α’
422 737 538 816 ἐξαῦτις
556 741 761 820 ἐφορμηθεῖσα
778 738 881 822 κίχῃσι

217 841 370 926 τόσσῃσιν
386 844 551 929 κεφαλῇσι,
567 843 677 908 τόσους
692 840 718 906 δ’
735 843 767 905 ἐκ
784 847 888 923 φῶτας
903 840 1018 919 ἕληται.

218 945 300 1008 ἀλλά
315 945 398 1026 μάλα
412 952 555 1028 σφοδρῶς
570 946 673 1021 ἐλάαν,
690 949 842 1025 βωστρεῖν
857 947 889 1008 δέ
906 943 1058 1025 Κράταιϊν,
1091 961 1118 982 V

216 1048 328 1130 μητέρα
342 1053 395 1128 τῆς
412 1051 559 1128 Σκύλλης,
574 1049 594 1128 ἤ
608 1076 660 1130 μιν
674 1047 742 1113 τέκε
757 1049 840 1126 πῆμα
855 1053 1024 1129 βροτοῖσιν·
1117 1075 1162 1124 1²5

216 1152 237 1230 ἥ
250 1178 303 1231 μιν
319 1152 411 1218 ἔπειτ’
428 1154 599 1217 ἀποπαύσει
615 1155 645 1219 ἐς
659 1154 786 1233 ὕστερον
802 1154 975 1234 ὁρμηθῆναι.

262 1258 430 1337 Θρινακίην
445 1255 471 1320 δ’
488 1259 519 1322 ἐς
536 1260 629 1335 νῆσον
645 1255 779 1337 ἀφίξεαι·
803 1256 874 1320 ἔνθα
890 1258 923 1320 δέ
937 1257 1053 1320 πολλαὶ

217 1359 361 1439 βόσκοντ’
378 1360 518 1424 Ἠελίοιο
532 1361 607 1441 βόες
623 1357 672 1424 καὶ
687 1361 757 1441 ἴφια
771 1363 863 1439 μῆλα,

157 1519 160 1527 τ
218 1464 294 1526 ἑπτὰ
308 1470 394 1544 βοῶν
411 1463 527 1545 ἀγέλαι,
543 1464 621 1527 τόσα
636 1463 663 1528 δ”
679 1466 751 1528 οἰῶν
768 1465 850 1528 πιόεα
866 1464 954 1542 καλοί,

220 1566 402 1646 πεντήκοντα
418 1567 444 1631 δ’
460 1568 581 1632 ἕκαστα·
607 1568 695 1650 γόνος
712 1567 737 1633 δ’
753 1569 786 1632 οὗ
801 1569 936 1651 γίγνεται
952 1568 1059 1644 αὐτῶν,

221 1671 378 1737 οὐδέποτε
394 1673 584 1753 φθινύθουσι.
630 1675 696 1737 θεαὶ
711 1671 736 1737 δ’
753 1671 944 1752 ἐπιποιμένες
962 1673 1030 1749 εἰσί,

221 1774 333 1855 νύμφαι
346 1776 540 1856 ἐϋπλόκαμοι,
553 1777 716 1842 Φαέθουσά
731 1804 764 1840 τε
779 1779 935 1857 Λαμπετίη
952 1802 993 1854 τε,

220 1880 256 1947 δς
272 1879 357 1943 τέκεν
371 1878 488 1964 Ἠελίῳ
503 1878 657 1961 Ὑπερίονι
673 1885 723 1943 δῖα
738 1879 864 1960 Νέαιρα,

220 1983 274 2048 τὰς
287 1986 344 2060 μὲν
360 1983 417 2063 ἀρα
433 1983 574 2063 θρέψασα
589 1982 718 2046 τεκοῦσά
733 2009 766 2048 τε
781 1984 889 2048 πότνια
904 1980 1000 2063 μήτηρ

221 2087 389 2166 Θρινακίην
405 2087 436 2151 ἐς
451 2090 546 2165 νῆσον
561 2081 697 2168 ἀπφκισε
713 2086 819 2161 τηλόθι
834 2085 941 2160 ναίειν,

219 2192 303 2268 μῆλα
320 2189 552 2270 φυλασσέμεναι
568 2188 701 2269 πατράϊα
717 2189 766 2251 καὶ
781 2187 883 2253 ἕλικας
898 2193 984 2267 βοῦς.

221 2297 274 2360 τάς
290 2296 316 2358 εῖ
331 2294 387 2374 μέν
403 2294 566 2360 κ’ἀσινέας
581 2293 652 2378 ἐάας
668 2296 779 2358 νόστου
794 2318 828 2357 τε
842 2293 958 2372 μέδηοι,

222 2397 241 2477 ἦ
256 2396 281 2462 τ’
296 2397 334 2462 δυ
350 2396 391 2461 ἐτ’
409 2400 451 2465 είς
467 2398 586 2477 Ἰθάκην
602 2396 678 2462 κακά
692 2423 749 2479 περ
764 2397 938 2480 πάσχοντες
952 2400 1095 2461 ἵκοισθε·-

224 2484 250 2565 ἑῖ
266 2503 299 2567 δέ
313 2527 348 2567 κε
363 2503 476 2580 σίνηαι,
494 2502 560 2566 τότε
575 2527 621 2565 τοι
637 2500 808 2582 τεκμαίρομ’
825 2503 954 2583 ὄλεθρον

223 2604 272 2684 νηί
286 2631 320 2670 τε
336 2607 385 2671 καὶ
402 2605 526 2686 ἑτάροις·
549 2604 636 2670 αὐτὸς
651 2603 677 2668 δ’
694 2609 722 2668 εἴ
739 2605 795 2686 πέρ
812 2631 863 2669 κεν
878 2604 1000 2692 ἀλύξῃς,

222 2710 283 2791 ὀψὲ
298 2717 395 2777 κακῶς
412 2715 497 2786 νεῖαι,
513 2709 627 2775 ὀλέσας
642 2709 701 2773 ἀπο
716 2709 830 2776 πάντας
847 2706 1009 2790 ἑταίρους.”

259 2812 323 2880 Ὣς
342 2812 438 2896 ἔφατ’,
454 2815 557 2879 αὐτίκα
573 2815 605 2877 δὲ
619 2814 825 2896 χρυσόθρονος
843 2811 955 2892 ἤλυθεν
969 2810 1059 2878 Ἠώς.

222 2917 241 2995 ἡ
257 2920 313 2998 μὲν
329 2915 422 2982 ἔπειτ’
440 2917 498 2982 ἀνά
515 2921 610 2996 νῆσον
625 2916 773 3000 ἀπέστιχε
789 2922 838 2981 δῖα
853 2915 959 2981 θεάων·

223 3022 315 3102 αὐτὰρ
331 3023 408 3104 ἐγὼν
424 3021 473 3086 ἐπὶ
489 3023 545 3097 νῆα
561 3022 632 3084 κιδν
647 3021 778 3102 ὤτρυνον
795 3022 927 3102 ἑταίρους

223 3125 326 3192 αὐτούς
341 3123 366 3187 τ’
381 3127 543 3206 ἀμβαίνειν
559 3124 616 3191 ἀνά
631 3151 663 3189 τε
679 3123 850 3204 πρυμνήσια
865 3129 968 3189 λῦσαι.

224 3232 253 3292 οἱ
269 3228 294 3294 δ’
309 3228 377 3310 αἶψ’
395 3231 555 3308 εἴσβαινον
571 3231 620 3296 καὶ
637 3231 687 3293 ἐπὶ
704 3225 806 3306 κληῗσι
823 3229 952 3306 καθῖζον.
1047 3237 1049 3244 ’

226 3329 309 3420 [ἑξῆς
326 3332 351 3397 δ’
368 3334 502 3414 ἑζόμενοι
522 3333 633 3413 πολιὴν
649 3315 709 3396 ἀλα
725 3333 836 3397 τύπτον
851 3325 1007 3418 ἐρετμοῖς]

223 3436 295 3518 ἡμῖν
309 3436 334 3500 δ’
352 3436 389 3499 αὖ
399 3441 570 3502 κατόπισθε
585 3443 651 3503 νεὸς
667 3431 889 3520 κυανοπρηίροιο

223 3543 345 3621 ἴκμενον
360 3540 448 3622 οὖρον
463 3543 502 3604 ἵει
521 3541 716 3619 πλησίστιον,
736 3539 850 3604 ἐσθλὸν
866 3543 993 3619 ἑταῖρον,

226 3645 317 3726 Κίρκη
333 3645 532 3724 ἐϋπλόκαμος,
548 3645 631 3724 δεινὴ
647 3648 716 3710 θεὸς
731 3642 894 3723 αὐδήεσσα.

225 3747 330 3813 αὐτίκα
345 3747 370 3812 δ’
387 3750 470 3812 ὅπλα
487 3749 599 3814 ἐκαστα
614 3746 821 3828 πονησάμενοι
837 3747 913 3814 κατὰ
929 3749 986 3826 νῆα
