2874 4234
560 347 590 406 4.
614 331 850 392 ΟΔΎΣΣΕΙΑΣ
874 335 911 392 Δ.
1130 344 1193 416 575

245 505 341 580 δῶρον
354 497 381 564 δ’
396 501 461 564 ὅττι
476 501 509 568 κέ
523 527 575 581 μοι
590 502 682 579 δοίης,
698 499 852 582 κειμήλιον
868 501 957 565 έστω·
1142 517 1193 568 600

245 605 354 670 ίππους
370 603 395 668 δ’
410 607 455 672 είς
469 602 587 684 Ἰθάκην
602 606 654 669 οὐκ
666 602 784 684 όξομαι,
802 606 884 668 θλλδι
899 607 951 669 σοὶ
963 606 1042 691 αύτῷ

245 708 352 771 ἐνθάδε
366 710 468 792 λείψω
480 709 616 791 άγαλμα·
647 710 685 772 σὺ
700 713 758 792 γὰρ
773 711 887 774 πεδίοιο
903 709 1048 777 ἀνάσσεις

246 811 354 892 εύρέος,
371 811 394 898 ᾧ
411 814 454 877 ένι
470 815 526 892 μὲν
540 811 638 878 λωτδς
652 812 757 891 πολύς,
774 814 807 876 έν
822 813 855 876 δὲ
871 813 1010 895 κύπειρον

245 917 333 996 πυροί
348 941 380 980 τε
397 917 471 993 ζειαί
485 942 517 980 τε
534 914 570 980 ἰδ’
589 917 732 998 εὐρυφυὲς
748 920 796 996 κρῖ
808 916 927 980 λευκόν.

244 1019 277 1081 ἓν
294 1016 318 1083 δ’
332 1017 434 1107 Ἰθάκῃ
449 1018 509 1083 οὔτ’
523 1019 560 1102 ἂρ
576 1021 680 1101 δρόμοι
696 1018 795 1099 εύρέες
811 1019 879 1083 οὔτε
894 1044 922 1082 τι
937 1020 1058 1097 λειμόν·
1141 1034 1191 1098 605

244 1124 412 1204 αἰγίβοτος,
428 1124 609 1202 καὶμᾶλλον
624 1121 772 1205 ἐπήρατος
788 1123 981 1203 ἱπποβότοιο.

244 1225 278 1289 ού
292 1225 349 1308 γάρ
364 1252 409 1292 τις
425 1226 526 1305 νήσων
542 1226 711 1305 ἱππήλατος
727 1225 787 1291 οὐδ’
802 1227 956 1307 εὐλείμων,

242 1331 276 1393 αἵ
290 1328 317 1394 θ’
332 1332 384 1394 δλὶ
400 1331 563 1394 κεκλίαται·
592 1327 693 1409 Ἰθάκη
710 1331 743 1394 δέ
757 1355 790 1394 τε
806 1331 855 1398 καὶ
872 1332 940 1412 περὶ
955 1333 1103 1398 πασέων.”

279 1432 343 1501 Ὣς
359 1433 448 1515 φάτο,
462 1435 606 1513 μείδησεν
621 1437 654 1498 δὲ
669 1434 750 1515 βοήν
766 1435 877 1517 ἀγαθὸς
895 1435 1061 1512 Μενέλαος,

241 1538 324 1620 χειρί
337 1535 371 1601 τέ
383 1563 436 1618 μιν
451 1536 607 1618 κατέρεξεν
622 1537 693 1604 έπος
707 1536 733 1600 τ’
748 1536 835 1619 ἔφατ’
852 1537 884 1602 έκ
899 1536 925 1603 τ’
942 1539 1095 1621 ὀνόμαζεν·
1141 1554 1190 1603 όιο

286 1646 303 1675 “
313 1642 446 1722 Αίματός
463 1643 505 1709 είς
518 1643 656 1723 ἀγαθοῖο,
673 1642 768 1723 φίλον
783 1641 878 1721 τέκος,
892 1640 935 1707 οἷ’
952 1643 1114 1725 άγορεύεις·

241 1748 347 1827 τοιγὰρ
363 1747 421 1828 έγά
432 1771 479 1809 τοι
494 1751 586 1809 ταῦτα
601 1743 792 1826 μεταστήσω·
823 1747 947 1826 δύναμαι
959 1746 1028 1829 γάρ.

240 1848 344 1929 δόρων
360 1846 393 1925 δ’,
408 1847 480 1911 ὅσσ’
496 1849 528 1914 έν
544 1843 604 1934 έμῷ
620 1849 690 1932 οἴκῳ
707 1847 848 1929 κειμήλια
864 1853 956 1913 κεῖται

241 1952 330 2015 δύσω
346 1950 362 2014 δ
379 1952 547 2017 κάλλιστον
564 1948 611 2015 καὶ
626 1951 823 2031 τιμηέστατόν
838 1953 914 2015 ἐστι.

241 2055 330 2119 δύσω
347 2081 392 2119 ποι
409 2057 538 2138 κρητῆρα
551 2055 740 2136 τετυγμένον·
767 2055 908 2137 ἀργύρεος
923 2058 956 2119 δὲ
1139 2071 1187 2132 615

241 2159 324 2222 ἔστιν
338 2159 426 2235 άπας,
441 2159 545 2244 χρυσῷ
560 2155 586 2221 δ’
601 2155 650 2221 έπὶ
665 2159 772 2241 χείλεα
789 2157 972 2238 κεκράανται·

241 2262 330 2344 ἔργον
345 2263 369 2326 δ’
384 2261 580 2344 Ἡφαίστοιο·
612 2264 705 2343 πόρεν
720 2262 754 2326 δέ
769 2265 784 2324 έ
800 2263 945 2340 Φαίδιμος
960 2261 1048 2342 ήρως,

242 2366 385 2431 Σιδονίων
399 2365 558 2446 βασιλεύς,
575 2362 620 2428 ὅθ’
636 2368 683 2430 έδς
699 2365 790 2442 δόμος
804 2364 1008 2446 ἀμφεκάλυψε

240 2470 324 2534 κεῖσέ
337 2496 375 2552 με
389 2470 590 2551 νοστήσαντα·
620 2469 683 2534 τείν
697 2466 723 2533 δ’
741 2470 836 2534 έθέλω
852 2467 911 2533 πόδ’
927 2467 1093 2534 θπόσσαι.”

275 2572 338 2641 Ὧς
347 2577 383 2638 ὀἱ
397 2578 453 2655 μὲν
467 2579 589 2638 τοιαῦτα
603 2580 677 2655 πρὸς
692 2571 846 2652 άλλήλους
862 2575 1014 2657 ἀγόρευον,
1138 2587 1188 2638 διο

240 2680 414 2758 δαιτυμόνες
429 2677 454 2743 δ’
470 2680 501 2745 ές
516 2676 625 2760 δώματ’
640 2681 713 2744 ίσαν
728 2680 810 2744 θείου
824 2681 987 2760 βασιλῆος.

172 2783 175 2788 ’
239 2784 269 2845 οἱ
284 2780 308 2846 δ’
323 2782 398 2866 ήγον
411 2787 468 2861 μὲν
481 2785 571 2863 μῆλα,
586 2782 681 2866 φέρον
696 2780 722 2847 δ’
737 2781 862 2864 εύήνορα
878 2784 969 2847 οἶνον·

238 2891 326 2950 σῖταν
341 2887 375 2952 δέ
388 2885 444 2968 σφ’
458 2885 569 2970 άλοχοι
586 2888 835 2966 καλλικρήδεμνοι
851 2888 996 2965 ἔπεμπον.

240 2991 279 3056 δς
294 2991 322 3053 οί
337 2993 392 3070 μὲν
407 2992 476 3071 περὶ
492 2996 611 3054 δεῖπνον
628 2987 672 3052 ένὶ
686 2987 847 3071 μεγάροισι
862 2992 998 3064 πένοντο,

237 3096 407 3174 μνηστῆρες
421 3095 453 3155 δὲ
469 3093 612 3174 πάροιθεν
626 3090 797 3172 Ὀδυσσῆος
811 3093 954 3176 μεγάροιο
1136 3109 1184 3171 625

238 3198 388 3260 δίσκοισιν
403 3195 548 3278 τέρποντο
565 3193 612 3258 καὶ
629 3196 806 3284 αἰγανέῃσιν
823 3199 925 3274 ἱέντες,

237 3299 271 3362 ἐν
286 3301 379 3384 τυκτῷ
399 3299 524 3384 δαπέδῳ,
541 3301 588 3363 δθι
603 3325 659 3382 περ
677 3300 783 3381 πάρος,
798 3303 887 3384 ύβριν
903 3302 1035 3384 ἔχοντες.

236 3401 389 3469 Ἀντίνοος
404 3407 436 3468 δέ
452 3407 585 3483 καθῆστο
602 3405 651 3468 καὶ
668 3404 846 3489 Εύρύμαχος
861 3405 1006 3485 θεοειδής,

237 3508 326 3589 ἀρχοὶ
341 3506 528 3589 μνηστήρων,
543 3509 632 3593 ἀρετῇ
649 3507 675 3572 δ’
693 3509 769 3572 έσαν
784 3508 866 3593 ἔξοχ’
882 3509 1009 3590 ἄριστοι.

236 3615 298 3677 τοῖς
315 3609 341 3674 δ’
359 3611 423 3678 νὶδς
438 3613 578 3693 Φρονίοιο
597 3609 729 3692 Νοήμων
745 3612 870 3695 ἐγγύθεν
885 3614 983 3678 έλθδιν
1133 3628 1185 3693 630

235 3713 393 3780 Ἀντίνοον
405 3714 547 3792 μύθοισιν
562 3716 752 3796 ἀνειρόμενος
768 3715 957 3796 προσέειπεν·
1130 3727 1132 3732 ’
