2792 4232
479 375 525 444 15.
551 367 721 428 ΙΛΙΑΔΟΣ
743 368 784 430 Os
1035 391 1096 453 299

156 531 328 614 τάρβησαν,
343 536 436 597 πᾶσιν
452 537 486 599 δέ
502 536 594 616 παραὶ
609 536 683 599 ποσὶ
699 534 836 599 κάππεσε
853 535 952 617 θυμός.
1051 549 1098 600 τθο

199 641 291 700 Τοῖσι
306 637 332 700 δ’
349 635 439 700 ἔπειτ’
457 639 583 719 ἀγόρευε
598 639 690 713 Θόας,
706 637 921 720 Ἀνδραίμονος
935 639 1010 712 υἱός,

159 741 303 803 Αἰτωλῶν
318 736 367 821 ὄχ’
381 738 512 820 ἀριστος,
530 739 729 819 ἐπιστάμενος
746 743 801 821 μὲν
816 740 927 819 άκοντι,

158 842 270 908 ἐσθλὸς
285 840 311 907 δ’
327 844 360 906 ἐν
375 845 491 930 σταδίῃ·
515 845 608 931 ἀγορῇ
624 843 658 908 δέ
672 848 687 908 ἑ
701 850 808 926 παῦροι
822 843 957 928 Ἀχαιῶν

159 946 255 1022 νίκων,
274 946 389 1009 ὁππότε
404 952 504 1027 κοῦροι
520 948 676 1029 ἐρίσσειαν
690 949 758 1030 περὶ
770 947 880 1027 μόθων·

159 1048 177 1108 ό
191 1055 268 1128 σφιν
283 1046 454 1128 ἐϋφρονέων
469 1047 641 1130 ἀγορήσατο
657 1051 706 1113 καὶ
720 1049 885 1130 μετέειπεν·
1052 1064 1099 1125 285

161 1149 212 1213 “θι
227 1151 330 1226 πόποι,
347 1149 366 1229 ή
379 1150 457 1234 μέγα
472 1156 570 1231 θαῦμα
584 1151 645 1216 τόδ’
661 1154 869 1235 ὀφθαλμοῖσιν
885 1155 1005 1233 ὁρῶμαι,

166 1255 229 1316 οἷον
242 1253 279 1332 δή
296 1251 358 1316 αὖτ’
375 1251 491 1330 ἐξαῦτις
506 1252 617 1334 ἀνέστη
634 1260 725 1337 κῆρας
740 1257 852 1338 ἀλύξας

161 1355 287 1437 Ἕκτωρ·
311 1355 330 1435 ή
346 1355 401 1434 θήν
414 1381 467 1435 μιν
480 1356 564 1436 μάλα
579 1359 688 1424 ἔλπετο
705 1361 796 1442 θυμὸς
811 1363 940 1430 ἑκάστου

159 1463 266 1546 χερσὶν
283 1461 333 1526 ὑπ’
350 1465 477 1528 Αἴαντος
493 1461 611 1528 θανέειν
625 1463 870 1544 Τελαμωνιάδαο.

161 1567 241 1628 ἀλλά
256 1591 301 1631 τις
318 1566 387 1628 αδτε
403 1570 479 1629 θεῶν
495 1565 639 1647 ἐρρύσατο
655 1567 703 1629 καὶ
719 1565 856 1629 ἐσάωσεν
1052 1593 1100 1643 ²90

157 1665 285 1748 Ἕκτορ’,
303 1667 320 1730 δ
335 1668 371 1747 δή
387 1674 511 1732 πολλῶν
528 1673 656 1731 Δαναῶν
670 1668 729 1732 ύπδ
743 1666 862 1751 γούνατ’
879 1669 996 1741 ἔλυσεν,

161 1770 199 1836 ῶς
214 1771 264 1834 καὶ
279 1777 332 1834 νῦν
347 1772 496 1834 ἔσσεσθαι
512 1769 622 1850 ὀίομαι·
647 1771 681 1834 οὗ
695 1773 753 1853 γδρ
769 1771 840 1852 ἀτερ
854 1797 890 1852 γε

161 1874 256 1953 Ζηνὸς
272 1875 448 1956 ἐριγδούπου
462 1875 574 1955 πρόμος
590 1876 710 1936 ἵσταται
725 1877 782 1938 ῶδε
796 1880 949 1953 μενοινῶν.

160 1975 230 2040 ἀλλ’
246 1974 340 2058 ἄγεθ’,
357 1977 396 2042 ῶς
410 1976 448 2040 ἂν
464 1978 542 2058 ἐγὼν
558 1979 641 2048 είπω,
658 1976 831 2054 πειθόμεθα
845 1975 963 2041 πάντες.

160 2080 277 2159 πληθὺν
292 2082 347 2161 μὲν
362 2082 431 2144 ποτὶ
447 2084 519 2159 νῆας
535 2078 688 2158 ἀνώξομεν
703 2077 895 2143 ἀπονέεσθαι·
1053 2107 1100 2158 ²9⁵

161 2183 244 2248 αὐτοὶ
259 2181 295 2258 δ’,
312 2185 404 2246 όσσοι
419 2183 537 2264 ἀριστοι
554 2184 598 2246 ἐνὶ
614 2183 732 2265 στρατῷ
749 2178 887 2264 εθχόμεθ’
902 2180 990 2253 εἶναι,

162 2284 301 2366 στήομεν,
322 2287 351 2349 εί
368 2311 418 2349 κεν
433 2293 551 2367 πρῶτον
567 2285 709 2367 ἐρύξομεν
723 2282 927 2362 ἀντιάσαντες,

161 2389 274 2471 δούρατ’
292 2389 505 2471 ἀνασχόμενοι·
527 2387 620 2453 τόνδ’
637 2391 690 2452 οίω
706 2389 754 2450 καὶ
768 2393 911 2466 μεμαῶτα

162 2494 241 2577 θυμῷ
258 2493 415 2556 δείσεσθαι
432 2498 561 2555 Δαναῶν
577 2497 736 2556 καταδῦναι
752 2489 891 2569 όμιλον.”

197 2594 259 2660 Ὠς
275 2595 374 2675 ἔφαθ’,
394 2598 423 2658 οἱ
438 2595 462 2660 δ’
480 2595 537 2675 άρα
551 2601 604 2658 τοῦ
617 2593 701 2675 μάλα
715 2597 771 2674 μέν
786 2594 878 2658 κλύον
893 2594 937 2673 ἠδ’
951 2595 1100 2657 ἐπύθοντο·

163 2700 190 2761 οἱ
204 2700 258 2778 μέν
273 2698 321 2778 ἄρ’
339 2697 412 2778 ἀμφ’
429 2700 545 2761 Αἴαντα
560 2697 608 2760 καὶ
625 2696 779 2775 Ἰδομενῆα
793 2697 914 2774 άνακτα,
1054 2723 1098 2770 301

161 2805 290 2882 Τεῦκρον
306 2802 464 2881 Μηριόνην
479 2825 512 2864 τε
528 2799 636 2882 Μέγην
650 2798 686 2873 τ’,
703 2800 872 2864 ἀτάλαντον
882 2798 981 2881 Ἀρηῖ,

163 2907 288 2984 ὑσμίνην
302 2903 436 2985 ἤρτυνον,
453 2905 597 2985 ἀριστῆας
614 2903 806 2976 καλέσαντες,

159 3005 278 3088 Ἕκτορι
291 3008 340 3070 καὶ
354 3007 514 3086 Τρώεσσιν
529 3007 675 3071 ἐναντίον·
698 3008 789 3089 αὐτὰρ
805 3008 926 3072 ὀπίσσω

163 3108 180 3186 ἡ
196 3109 309 3188 πληθὺς
325 3110 375 3173 ἐπὶ
391 3113 464 3187 νῆας
479 3107 613 3192 Ἀχαιῶν
629 3109 803 3174 ἀπονέοντο.
1054 3137 1102 3185 305

204 3216 302 3295 Τρῶες
318 3215 350 3275 δὲ
363 3212 539 3293 προύτυψαν
555 3211 692 3284 ἀολλέες,
709 3211 785 3295 ήρχε
799 3211 823 3275 δ’
841 3211 887 3294 ἀρ’
899 3211 1016 3291 Ἕκτωρ

162 3319 257 3396 μακρὰ
270 3314 377 3396 βιβάς·
404 3316 538 3397 πρόσθεν
553 3317 587 3379 δὲ
602 3313 644 3379 κί’
661 3315 749 3380 αιἰτοΰ
765 3319 882 3394 Φοῖβος
896 3313 1059 3378 Ἀπόλλων

164 3417 276 3498 εἱμένος
292 3419 396 3497 ὤμοιιν
412 3416 553 3500 νεφέλην,
570 3419 624 3501 ἔχε
639 3418 664 3482 δ’
681 3419 782 3500 αἰγίδα
798 3422 906 3499 θοῦριν,

164 3522 260 3601 δεινήν
275 3520 482 3602 ἀμφιδάσειαν
498 3521 665 3604 ἀριπρεπέ’,
681 3519 719 3599 ἣν
734 3521 791 3601 ἀρα
807 3520 938 3603 χαλκεὺς

161 3622 335 3705 Ἥφαιστος
350 3625 403 3688 Διὶ
418 3629 494 3688 δῶκε
510 3622 677 3706 φορήμεναι
694 3627 724 3689 ἐς
739 3623 842 3703 φόβον
857 3623 980 3702 ἀνδρῶν·
1054 3645 1103 3696 3¹0

165 3727 216 3806 τήν
230 3729 280 3811 ἀρ’
294 3731 311 3791 ό
326 3729 354 3810 γ’
372 3731 405 3793 ἐν
419 3729 577 3811 χείρεσσιν
593 3728 672 3808 ἔχων
686 3725 822 3808 ἡγήσατο
836 3731 930 3788 λαῶν.

589 3840 646 3906 L5
