2758 4228
255 367 318 443 872
551 377 601 426 ιν.
625 357 858 422 omnm
887 362 927 422 X.

257 541 278 571 “
287 534 452 617 γουνοῦμαί
466 532 505 609 σ’,
520 531 660 596 Ὀδυσεΰ·
684 532 723 594 σὺ
738 531 772 598 δέ
788 529 819 610 μ’
836 533 917 594 αἴδεο
934 530 985 593 καί
996 527 1027 609 μ’
1043 527 1180 607 ἐλέησον·

257 637 335 723 αὐτῷ
350 663 397 701 τοι
412 633 572 718 μετόπισθ’
586 636 662 718 θχος
678 637 815 713 ἔσσεται,
832 636 861 700 εἴ
875 659 925 698 κεν
940 635 1042 697 ἆοιδδν
1152 657 1202 708 345

257 742 385 826 πέφνῃς,
400 742 433 807 ὅς
448 765 481 804 τε
496 745 594 804 θεοῖσι
610 741 658 803 καὶ
675 740 880 819 ἀνθρώποισιν
894 737 993 802 ἆείδω.

257 846 466 911 αὐτοδίδακτος
482 844 508 908 δ’
524 845 592 923 εἴμί,
605 848 672 909 θεδς
687 843 721 908 δέ
734 867 786 923 μοι
802 847 836 907 ἐν
851 842 962 924 φρεσὶν
978 844 1065 919 οἴμας

259 950 402 1014 παντοίας
418 947 577 1029 ἐνέφυσεν·
599 948 683 1012 ἔοικα
701 949 734 1011 δέ
750 971 797 1010 τοι
811 946 988 1028 παραείδειν

261 1055 300 1119 ὥς
316 1079 350 1117 τε
369 1055 438 1137 θεῷ·
461 1052 502 1136 τῷ
517 1048 559 1131 μή
573 1077 611 1129 με
625 1052 745 1114 λιλαίεο
760 1052 980 1131 δειροτομῆσαι.

261 1159 309 1221 καί
325 1183 376 1220 κεν
390 1156 570 1237 Τηλέμαχος
588 1155 659 1219 τάδε
672 1154 700 1236 γ’
717 1154 805 1229 εἴποι,
822 1153 876 1218 σδς
891 1155 983 1233 φίλος
998 1152 1072 1230 υἱός,
1155 1176 1206 1226 350

261 1263 300 1328 ὡς
316 1262 375 1344 ἐγὼ
392 1259 426 1322 οὔ
442 1283 470 1321 τι
487 1260 563 1323 έκδν
578 1261 609 1324 ἐς
624 1257 681 1322 σδν
696 1257 788 1336 δόμον
802 1255 871 1320 οὐδὲ
884 1256 1017 1338 χατίζων

260 1365 423 1444 πωλεύμην
437 1364 626 1443 μνηστῆρσιν
641 1362 818 1440 ἀεισόμενος
831 1359 908 1439 μετὰ
923 1363 1033 1435 δαῖτας,

261 1468 344 1532 δλλὰ
358 1465 437 1530 πολὺ
452 1465 581 1531 πλέονες
597 1466 645 1527 καὶ
661 1465 836 1546 κρείσσονες
851 1463 926 1545 ήγον
941 1459 1084 1549 ἀνθγκη.”
1190 1483 1193 1538 f

298 1571 362 1636 Ὣς
377 1567 467 1650 φάτο,
482 1572 535 1631 τοῦ
551 1567 576 1632 δ’
590 1565 695 1645 ήκουσ’
711 1568 775 1648 ἱερὴ
789 1566 819 1631 ἴς
834 1564 1041 1648 Τηλεμάχοιο,

262 1675 341 1756 αἶψα
356 1672 382 1736 δ’
397 1672 448 1736 έδν
462 1669 576 1751 πατέρα
590 1670 805 1750 προσεφώνεεν
820 1669 909 1751 ἐγγὺς
924 1669 1019 1733 ἐόντα·
1159 1694 1208 1746 ,355

263 1783 283 1813 “
292 1782 382 1860 ἴσχεο
396 1774 471 1855 μηδέ
486 1799 515 1838 τι
530 1779 635 1838 τοῦτον
651 1775 786 1837 ἀναίτιον
801 1772 890 1836 οὔταε
903 1774 1020 1857 χαλκῷ·

264 1883 313 1945 καὶ
332 1880 440 1961 κήρυκα
457 1877 597 1942 Μέδοντα
613 1877 783 1957 σαοῖσομεν,
799 1878 833 1942 ὅς
850 1875 883 1940 τέ
897 1901 954 1955 μευ
969 1879 1028 1941 αίεὶ

264 1987 335 2069 οἴκῳ
351 1985 384 2048 έν
399 1982 532 2066 ἡμετέρῳ
549 1982 710 2061 κηδέσκετο
725 1982 831 2047 παιδδς
846 1983 957 2059 έόντος,

265 2091 292 2153 εί
307 2089 342 2166 δὴ
357 2085 398 2167 μή
413 2112 465 2167 μιν
482 2086 596 2166 έπεφνε
611 2086 766 2152 Φιλοίτιος
780 2084 816 2163 ἠὲ
831 2087 982 2165 συβώτης,

265 2193 300 2271 ἠὲ
316 2188 367 2256 σοδ
382 2192 591 2270 ἀντεβόλησεν
606 2190 767 2273 ὀρινομένῳ
784 2193 859 2254 κατὰ
877 2186 989 2269 δῶμα.”
1013 2211 1017 2219 “
1159 2200 1210 2264 360

300 2295 363 2362 Ὣς
379 2294 468 2375 φάτο,
484 2298 536 2356 τοῦ
552 2293 577 2355 δ’
594 2291 706 2372 ήκουσε
722 2293 833 2356 Μέδων
848 2291 1021 2373 πεπνυμένα
1037 2293 1130 2358 εἶδός·

266 2399 406 2477 πεπτηὼς
420 2397 478 2480 γὰρ
494 2397 589 2460 ἔκειτο
605 2397 664 2461 ὑπὸ
680 2398 795 2476 θρόνον,
810 2395 888 2479 ἀμφὶ
903 2398 936 2460 δὲ
952 2395 1044 2477 δέρμα

267 2504 341 2566 έστο
356 2506 430 2577 βοδς
446 2500 617 2582 νεόδαρτον,
633 2501 775 2565 ἀλύσκων
791 2503 867 2581 κῆρα
880 2500 1038 2581 μέλαιναν.

266 2606 347 2688 αἶψα
361 2602 386 2666 δ’
401 2603 459 2668 ὑπὸ
475 2603 580 2683 θρόνου
595 2601 682 2685 ὦρτο,
697 2608 772 2682 βοὸς
788 2604 812 2668 δ’
830 2603 956 2668 ἀπέδυνε
972 2605 1089 2684 βοείην,

272 2707 453 2788 Τηλέμαχον
468 2703 494 2769 δ’
508 2705 553 2787 ἄρ’
570 2706 676 2771 ἔπειτα
691 2705 859 2788 προσαΐξας
873 2707 955 2788 λάβε
970 2707 1095 2789 γούνων,
1162 2720 1211 2784 3⁶⁵

268 2814 319 2874 καί
332 2835 383 2889 μιν
398 2814 583 2890 λισσόμενος
600 2809 675 2874 ἔπεα
689 2811 851 2890 πτερόεντα
866 2811 1031 2893 προσηύδα·

266 2913 320 2976 “3)
336 2911 415 2996 φίλ’,
431 2914 490 2995 ἐγὼ
505 2917 560 2994 μὲν
575 2911 619 2978 ὅδ’
634 2916 704 2995 εἰμί,
721 2914 760 2977 σὺ
774 2913 799 2978 δ’
814 2917 914 2998 ἴσχεο·
938 2917 1005 2980 εἰπὲ
1020 2917 1052 2979 δὲ
1066 2913 1155 2995 πατρῖ

271 3016 311 3097 μή
328 3042 366 3097 με
381 3015 583 3099 περισθενέων
598 3016 763 3096 δηλήσεται
780 3017 845 3097 ὀξέϊ
859 3021 975 3105 χαλκῷ,

269 3123 385 3200 ἀνδρῶν
399 3119 577 3204 μνηστήρων
593 3120 809 3203 κεχολωμένος,
825 3125 857 3186 οἴ
870 3124 901 3187 οἱ
916 3123 1030 3203 ἔκειρον

270 3222 393 3302 κτήματ’
408 3222 452 3289 ἐνὶ
466 3225 595 3309 μεγόριρ,
611 3230 648 3290 σὲ
664 3227 697 3289 δὲ
713 3225 813 3304 νήπιοι
829 3227 914 3291 οὐδὲν
930 3225 1040 3292 έτιον.”
1165 3251 1215 3303 370

312 3326 375 3393 Τὸν
389 3328 416 3392 δ’
431 3329 627 3411 ἐπιμειδήσας
642 3331 783 3412 προσέφη
799 3332 964 3412 πολύμητις
978 3331 1155 3398 Ὀδυσσεύς·

270 3440 288 3468 “
300 3431 415 3514 θάρσει,
430 3431 495 3498 ἐπεὶ
511 3432 546 3514 δή
563 3434 593 3497 σ’
609 3435 695 3501 οδτος
711 3435 837 3514 ἐρύσατο
854 3433 902 3500 καὶ
917 3435 1066 3514 ἐσάωσεν,

272 3539 352 3617 ὄφρα
365 3537 445 3621 γνῷς
462 3537 536 3602 κατὰ
551 3539 655 3618 θυμόν,
669 3540 743 3621 ἆτδρ
759 3542 891 3624 εἴπῃσθα
907 3540 952 3603 καὶ
969 3540 1066 3626 ἄλλῳ,

273 3642 313 3707 ὣς
329 3642 502 3723 κακοεργίης
517 3643 672 3726 εὐεργεσίη
688 3642 754 3725 μέγ’
770 3644 905 3722 ἀμείνων.

273 3743 343 3809 θλλ’
357 3744 531 3824 ἐξελθόντες
546 3745 685 3828 μεγάρων
699 3747 803 3824 ἕζεσθε
819 3745 925 3828 θύραζε
1169 3772 1218 3826 375
