2738 4226
245 294 304 340 ιιι
569 295 617 343 ιι.
642 282 812 341 ΙΛΙΑΔΟΣ
835 282 871 339 λ.

241 449 352 528 Τρώων
369 449 554 539 ἱπποδάμων·
577 450 627 512 ότέ
642 451 675 514 δὲ
690 447 884 531 τρωπάσκετο
901 449 1034 533 φεύγειν.

243 549 355 618 πάντας
371 553 403 614 δὲ
418 548 562 634 προέεργε
577 554 649 618 θοὰς
664 553 715 617 ἐπὶ
731 557 803 631 νῆας
819 552 942 626 ὁδεύειν,

243 653 330 720 αὐτὸς
345 656 378 718 δὲ
392 655 504 736 Τρώων
519 655 568 719 καὶ
581 653 717 739 Ἀχαιῶν
732 660 803 722 θῦνε
817 654 935 738 μεσηγὺ
1136 678 1188 730 570

244 756 412 837 ἱστάμενος·
432 757 469 822 τὰ
484 759 518 822 δὲ
532 763 622 840 δοῦρα
638 758 808 840 θρασειάων
825 759 885 824 ἆπδ
898 764 1009 843 χειρῶν

243 862 325 924 ἄλλα
337 864 393 942 μὲν
408 864 441 926 ἓν
457 859 544 925 σάκεϊ
557 860 680 948 μεγάλῳ
696 861 793 944 πάγεν
808 864 919 944 ὄρμενα
932 863 1068 943 πρόσσω,

243 965 345 1030 πολλὰ
360 968 392 1030 δὲ
408 966 457 1029 καὶ
471 966 623 1048 μεσσηγύ,
638 963 733 1048 πάρος
748 966 827 1048 χρόα
842 965 951 1032 λευκὸν
966 967 1114 1045 ἐπαυρεῖν,

244 1070 276 1133 ἓν
290 1070 361 1156 γαίῃ
376 1072 510 1142 ἵσταντο,
525 1070 708 1149 λιλαιόμενα
721 1070 813 1152 χροὸς
829 1069 912 1136 ἆσαι.

285 1172 347 1237 Τὸν
362 1170 388 1237 δ’
404 1172 443 1238 ὣς
458 1171 510 1236 οὐν
526 1171 627 1251 ἔνόησ’
644 1171 812 1253 Εὐαίμονος
828 1171 943 1254 ἀγλαὸς
958 1169 1021 1237 υίὸς
1139 1195 1188 1244 575

245 1276 417 1356 Εὐρύπυλος
432 1279 586 1339 πυκινοῖσι
601 1275 784 1354 βιαζόμενον
798 1273 961 1354 βελέεσσι,

245 1380 299 1454 στῆ
313 1379 352 1461 ῥα
366 1375 435 1459 παρ’
450 1375 541 1440 αὐτὸν
557 1376 618 1456 ίών,
634 1379 684 1442 καὶ
700 1378 841 1442 ἀκόντισε
857 1379 939 1458 δουρὶ
954 1377 1078 1462 φαεινῷ,

245 1483 293 1545 καὶ
307 1479 388 1560 βάλε
404 1479 580 1559 Φαυσιάδην
598 1476 777 1554 Ἀπισάονα,
794 1478 923 1560 ποιμένα
936 1485 1029 1552 λαῶν,

244 1584 322 1666 ἧπαρ
338 1583 395 1647 ὑπὸ
411 1582 577 1665 πραπίδων,
594 1584 677 1664 εἶθαρ
693 1580 719 1648 δ’
733 1583 792 1648 ὐπδ
806 1582 924 1666 γούνατ’
941 1583 1060 1648 ἔλυσεν·
1098 1612 1100 1618 ·

247 1687 418 1769 Εὐρύπυλος
434 1684 461 1751 δ’
478 1686 625 1767 ἐπόρουσε
641 1686 691 1750 καὶ
707 1689 809 1752 αἴνυτο
824 1685 921 1770 τεύχε’
938 1682 989 1750 ἀπ’
1005 1687 1100 1768 ὤμων.
1141 1700 1191 1763 580

244 1791 295 1854 τὸν
311 1789 336 1855 δ’
353 1790 391 1856 ὡς
407 1789 459 1854 οὐν
475 1789 602 1867 ἐνόησεν
616 1787 817 1871 Ἀλέξανδρος
832 1789 966 1868 θεοειδὴς

244 1894 339 1980 τεύχε’
356 1891 558 1973 ἀπαινύμενον
571 1891 766 1971 Ἀπισάονος,
782 1894 888 1958 αὐτίκα
902 1893 992 1973 τόξον
1069 1953 1071 1956 .

244 1996 340 2062 ἕλκετ’
357 1996 402 2062 ἐπ’
421 1996 594 2082 Εὐρυπύλῳ,
610 1998 661 2061 καί
674 2022 726 2077 μιν
741 1996 824 2077 βάλε
838 1998 933 2080 μηρὸν
951 1997 1044 2084 dim&

244 2098 352 2180 δεξιόν·
376 2098 511 2178 ἐκλάσθη
527 2101 560 2165 δὲ
576 2097 675 2178 δόναξ,
691 2099 821 2182 ἐβάρυνε
836 2099 869 2165 δὲ
882 2102 988 2182 μηρόν.

244 2205 291 2284 ἀφ
306 2201 330 2266 δ’
349 2201 460 2283 ἑτάρων
476 2204 518 2269 εἰς
533 2203 620 2268 ἔθνος
635 2201 760 2286 ἐχάζετο
776 2199 838 2283 κῆρ’
854 2204 1009 2280 ἀλεείνων,
1141 2217 1191 2280 585

246 2305 336 2384 ἤϋσεν
351 2306 384 2368 δὲ
399 2304 577 2386 διαπρύσιον
592 2308 744 2369 Δαναοῖσι
759 2305 909 2388 γεγωνώς·

245 2406 297 2471 “όι
314 2410 410 2489 φίλαι,
428 2404 573 2488 Ἀργείων
587 2405 733 2489 ἡγήτορες
747 2407 800 2486 ἠδὲ
814 2405 964 2488 μέδοντες,

246 2507 329 2588 στῆτ’
345 2506 556 2592 ἐλελιχθέντες
571 2510 620 2571 καὶ
637 2508 762 2588 ἀμύνετε
778 2511 884 2588 νηλεὲς
900 2508 977 2589 ἦμαρ

246 2611 359 2685 Αἴανθ’,
376 2611 408 2678 δς
422 2609 573 2692 βελέεσσι
587 2609 736 2690 βιάζεται·
761 2611 829 2676 οὐδέ
846 2611 862 2676 ἕ
877 2619 955 2692 φημι

246 2712 388 2795 φεύξεσθ’
404 2716 437 2777 ἐκ
453 2712 599 2792 πολέμοιο
615 2713 775 2797 δυσηχέος,
791 2716 873 2778 ἀλλά
887 2711 960 2795 μάλ’
976 2714 1069 2792 ἄντην
1143 2740 1192 2788 590

245 2815 365 2880 ἵστασθ’
383 2814 458 2896 ἀμφ’
474 2819 589 2882 Αίαντα
602 2816 707 2900 μέγαν,
723 2817 920 2895 Τελαμώνιον
935 2813 1030 2880 υίόν.”

282 2919 344 2986 Ὣς
360 2917 446 3001 ἔφατ’
462 2920 637 3002 Εὐρύπυλος
651 2921 854 3002 βεβλημένος·
879 2923 908 2986 οὐ
924 2922 956 2984 δὲ
972 2917 1039 2999 παρ’
1056 2917 1147 2983 αὐτὸν

245 3024 371 3101 πλησίοι
387 3024 531 3102 ἔστησαν,
549 3020 633 3088 σάκε’
649 3024 758 3103 ὤμοισι
775 3026 940 3099 κλίναντες,

245 3124 361 3207 δούρατ’
378 3128 592 3209 ἀνασχόμενοι·
616 3133 676 3193 τῶν
691 3127 716 3190 δ’
734 3128 834 3192 ἀντίος
849 3126 960 3205 ἤλυθεν
975 3127 1059 3191 Αἴας.

246 3233 303 3308 στῆ
318 3231 351 3292 δὲ
365 3230 612 3311 μεταστρεφθείς,
629 3230 695 3295 ἐπεὶ
711 3232 793 3296 ἵκετο
808 3231 894 3294 ἔθνος
909 3227 1044 3309 ἑταίρων.
1141 3253 1192 3304 595

282 3330 345 3398 Ὣς
360 3334 389 3396 οἱ
403 3333 459 3412 μὲν
472 3332 623 3414 μάρναντο
638 3331 729 3412 δέμας
744 3332 836 3414 πυρδς
851 3329 1034 3410 αἰθομένοιο·

245 3435 388 3518 Νέστορα
403 3441 428 3499 δ’
446 3440 478 3500 ἐκ
494 3435 641 3515 πολέμοιο
657 3435 752 3519 φέρον
767 3432 901 3513 Νηλήϊαι
916 3435 1005 3498 ἵπποι

248 3543 379 3621 ἱδρῶσαι,
397 3539 471 3622 ἦγον
485 3542 518 3604 δὲ
534 3539 694 3624 Μαχάονα,
711 3537 839 3620 ποιμένα
851 3542 945 3602 λαῶν.

246 3643 298 3707 τὸν
313 3644 345 3707 δὲ
361 3645 432 3708 ῑδδν
447 3645 556 3722 ἐνόησε
571 3643 719 3726 ποδάρκης
738 3647 799 3710 δῖος
816 3639 987 3726 Ἀχιλλεύς·
