2760 4232
252 329 316 411 97⁶
581 331 585 340 ’
653 329 799 392 υμνοι.

251 501 333 582 ἥβην
349 502 483 579 αῖτῆσαι,
497 497 589 578 ξῦσαί
602 496 627 562 τ’
641 500 702 563 ἀπὸ
719 503 814 582 γῆρας
830 498 939 562 ὀλοιόν.

251 604 304 668 τὸν
319 604 344 667 δ’
359 603 378 682 ῆ
394 628 441 666 τοι
455 603 509 683 ῆος
524 605 580 681 μὲν
595 603 667 686 ἔχεν
682 600 870 682 πολυήρατος
884 601 957 679 ἥβη,
1151 627 1181 660 22
1186 625 1202 674 5

250 705 323 769 Ἠοῖ
336 707 517 788 τερπόμενος
532 707 728 790 χρυσοθρόνῳ
743 704 893 791 ἠριγενείῃ

252 815 316 874 ναῖε
330 808 400 890 παρ’
415 810 576 874 Ὠκεανοῖο
590 811 663 895 ῥοῆς
679 809 729 872 ἔπὶ
745 810 868 889 πείρασι
883 808 981 888 γαίης·

251 912 344 993 αὐτὰρ
360 914 425 978 ἐπεὶ
442 920 556 994 πρῶται
572 909 678 977 πολιαὶ
694 910 856 995 κατέχυντο
872 912 984 992 ἔθειραι

252 1019 345 1093 καλῆς
362 1020 394 1081 ἔκ
412 1021 547 1098 κεφαλῆς
563 1014 720 1099 εὐηγενέος
735 1039 769 1078 τε
782 1015 910 1097 γενείου,

251 1126 304 1184 τοιῖ
318 1117 344 1184 δ’
362 1119 381 1200 ῆ
396 1146 442 1184 τοι
459 1121 541 1197 εὐνῆς
560 1124 617 1201 μὲν
632 1121 777 1203 ἀπείχετο
795 1118 903 1183 πότνια
916 1116 1008 1192 Ἠώς,
1149 1143 1202 1194 ²30

252 1224 341 1289 αὐτὸν
357 1222 382 1288 δ’
398 1221 461 1288 οὐτ’
477 1224 640 1288 ἀτίταλλεν
656 1224 700 1287 ἔνὶ
715 1221 895 1305 μεγάροισιν
909 1222 1034 1305 ἔχουσα,

253 1329 328 1413 σίτῳ
344 1326 369 1391 τ’
386 1327 540 1413 ἀμβροσίῃ
557 1353 590 1391 τε
606 1324 655 1390 καί
671 1329 778 1406 είματα
794 1327 872 1389 καλά
887 1330 1020 1393 διδοῦσα.

252 1430 322 1495 ἀλλ’
337 1433 388 1496 ὅτε
403 1432 439 1511 δῆ
455 1430 581 1510 πάμπαν
597 1431 743 1513 στυγερὸν
759 1430 834 1494 κατὰ
849 1433 943 1511 γῆρας
959 1433 1089 1513 ἔπειγεν,

253 1533 322 1597 οὐδέ
336 1558 365 1595 τι
382 1538 502 1612 κινῆσαι
517 1532 635 1610 μελέων
650 1531 748 1598 δύνατ’
765 1530 825 1595 οὐδ’
841 1533 984 1613 ἀναεῖραι,

251 1637 305 1714 ἥδε
320 1634 354 1699 δέ
369 1638 398 1698 οἱ
418 1636 493 1699 κατὰ
509 1637 602 1716 θυμὸν
617 1635 724 1717 ἀρίστη
740 1635 864 1716 φαίνετο
878 1635 988 1714 βουλή·
1149 1663 1198 1712 ²35

253 1741 285 1802 ἔν
301 1738 426 1823 θαλάμῳ
443 1737 596 1818 κατέθηκε,
614 1739 704 1820 θύρας
718 1736 745 1802 δ’
762 1737 890 1816 ἐπέθηκε
904 1740 1040 1819 φαεινάς.

253 1849 305 1905 τοῦ
321 1840 346 1907 δ’
361 1842 380 1922 ἦ
396 1868 443 1906 τοι
458 1843 545 1924 φωνῆ
560 1846 608 1927 ῥεῖ
622 1843 765 1920 άσπετος,
781 1842 850 1906 οὐδέ
864 1867 893 1905 τι
910 1847 991 1908 κῖκυς

253 1945 327 2022 ἔσθ’,
344 1949 391 2024 οἵη
407 1946 502 2028 πάρος
517 1947 609 2012 ἔσκεν
624 1944 668 2010 ἔνί
683 1951 867 2029 γναμπτοῖσι
882 1944 1040 2025 μέλεσσιν.

253 2050 304 2113 οὐκ
320 2048 359 2114 ἀν
373 2051 432 2133 ἔγά
448 2075 484 2132 γε
499 2052 538 2113 σέ
553 2055 636 2114 τοῖον
651 2052 683 2113 ἔν
702 2049 899 2114 ἀθανάτοισιν
916 2051 1042 2131 ἑλοίμην

253 2152 403 2216 ἀθάνατόν
418 2151 443 2214 τ’
460 2153 537 2218 εἶναι
553 2155 602 2217 καὶ
619 2153 705 2231 ζάειν
719 2152 817 2231 ἤματα
833 2153 940 2219 πάντα.
1151 2180 1201 2230 ²4⁰

253 2253 323 2318 ἀλλ’
339 2258 365 2320 εί
380 2257 435 2334 μὲν
451 2262 584 2322 τοιοῦτος
601 2258 658 2320 ἐὼν
674 2257 754 2323 εἶδός
769 2281 802 2319 τε
817 2256 907 2337 δέμας
922 2282 955 2322 τε

254 2359 349 2436 ζώοις,
363 2357 507 2440 ἡμέτερός
522 2385 556 2422 τε
570 2359 663 2426 πόσις
679 2358 860 2439 κεκλημένος
876 2359 946 2439 είης,

254 2463 306 2525 οὐκ
323 2460 361 2525 ἀν
376 2461 480 2528 ἔπειτά
494 2461 524 2544 μ’
541 2461 615 2544 άχος
629 2466 755 2529 πυκινὰς
770 2462 880 2544 φρένας
898 2464 1134 2544 ἀμφικαλύπτοι.

254 2569 307 2629 νῦν
323 2563 356 2629 δέ
372 2591 407 2628 σε
423 2567 479 2642 μέν
495 2565 574 2649 τάχα
589 2569 683 2648 γῆρας
699 2566 814 2644 ὁμοίιον
829 2567 1040 2650 ἀμφικαλύψει

254 2667 384 2748 νηλειές,
399 2670 435 2731 τά
449 2665 475 2731 τ’
490 2669 592 2733 ἔπειτα
607 2671 786 2750 παρίσταται
803 2670 1015 2751 ἀνθρώποισιν,
1153 2698 1200 2748 ²4⁵

254 2772 420 2853 οὐλόμενον
436 2775 613 2855 καματηρόν,
630 2774 647 2835 ὅ
663 2798 696 2837 τε
712 2773 874 2856 στυγέουσι
889 2776 954 2838 θεοί
968 2798 1033 2857 περ.

253 2873 345 2956 αὐτὰρ
361 2877 427 2956 ε’μοὶ
442 2874 508 2959 μέγ’
524 2878 639 2942 ὄνειδος
654 2878 688 2940 ἔν
703 2877 880 2941 ἀθανάτοισι
896 2883 1013 2942 θεοῖσιν

254 2980 380 3044 ἔσσεται
395 2979 493 3060 ἤματα
507 2978 605 3045 πάντα
620 2983 779 3062 διαμπερὲς
794 2982 894 3044 εἵνεκα
910 2987 985 3059 σεῖο,

255 3083 283 3145 οῖ
299 3081 370 3162 πρὶν
385 3083 472 3163 ἔμαύς
488 3081 594 3163 ὀάρους
611 3085 660 3148 καὶ
675 3082 792 3162 μήτιας,
808 3087 856 3150 αῖς
873 3111 944 3149 ποτε
959 3085 1072 3151 πάντας

255 3185 421 3251 ἀθανάτους
438 3184 582 3265 συνέμιξα
598 3189 802 3273 καταθνητῇσι
816 3187 945 3270 γυναιξί,
1155 3217 1202 3267 ²50

255 3287 435 3368 τάρβεσκον·
460 3285 573 3355 πάντας
589 3293 646 3372 γὰρ
662 3289 734 3368 ἔμάν
749 3289 903 3370 δάμνασκε
920 3295 1023 3373 νόημα.

254 3396 308 3455 νῦν
323 3393 357 3454 δὲ
373 3389 409 3468 δῆ
425 3391 522 3456 οὐκέτι
537 3418 587 3472 μοι
604 3393 701 3470 στόμα
715 3396 854 3476 χείσεται
869 3395 1046 3476 ἐξονομῆναι

253 3500 341 3558 τοῦτο
358 3493 422 3574 μετ’
438 3494 642 3574 ἀθανάτοισιν,
658 3499 726 3561 ἔπεὶ
740 3497 824 3577 μάλα
839 3506 958 3565 πολλὸν
974 3498 1100 3580 ἀάσθην,

289 3656 336 3706 ττ5
356 3640 408 3692 είυς
428 3641 502 3694 codd.
586 3659 631 3709 ²⁵²
659 3646 840 3710 στοναχῆσεται
860 3649 950 3708 οοάά.;
976 3649 1072 3699 emend.
1093 3649 1202 3704 Ματιίας

255 3719 386 3781 τλῆσεται,
397 3719 526 3782 άχῆσεται,
538 3720 638 3782 λήξεται
649 3722 682 3773 al.
