2874 4234
293 341 357 418 644
602 359 631 425 9.
654 344 890 407 οαςνναιιν
914 347 938 409 1.

293 513 328 591 δὴ
344 511 405 575 τότ’
421 512 499 590 ἑγδν
514 511 635 594 ἑτάρους
650 513 766 596 προίειν
782 517 946 580 πεύθεσθαι
963 516 1061 582 ίόντας

293 618 324 681 οἵ
340 642 419 683 τινες
434 616 535 698 ἀνέρες
550 618 610 683 εἶεν
626 620 675 682 ἐπὶ
691 620 780 701 χθονὶ
791 623 878 682 σῖτον
894 619 1022 695 ἔδοντες,

293 721 381 801 ἄνδρε
397 721 455 784 δύω
471 721 581 802 κρίνας,
597 723 734 802 τρίτατον
751 721 854 805 κήρυχ’
870 721 919 803 ἀμ’
935 720 1085 786 ὀπάσσας.
1207 745 1239 794 90

293 826 323 887 οί
338 823 364 887 δ’
379 824 447 905 αἶψ’
463 825 615 907 οἰχόμενοι
629 825 717 906 μίγεν
732 823 860 906 ἀνδράσι
875 823 1120 905 Λωτοφάγοισιν·

292 928 351 992 οὐδ’
367 929 424 1009 ἀρα
438 927 620 1011 Λωτοφάγοι
635 927 758 1006 μήδονθ’
773 927 924 1009 ἑτάροισιν
940 929 1066 1008 ὄλεθρον

292 1030 453 1113 ἡμετέροις,
470 1033 551 1096 ἀλλά
566 1041 626 1112 σφι
641 1032 737 1096 δόσαν
750 1037 860 1095 λωτοῖο
875 1031 1044 1095 πάσασθαι.

292 1141 351 1199 τῶν
366 1136 392 1199 δ’
408 1137 441 1202 ὄς
456 1162 501 1201 τις
515 1140 624 1198 λωτοῖο
639 1134 734 1218 φάγοι
749 1134 893 1216 μελιηδέα
910 1136 1034 1215 καρπόν,

293 1239 386 1304 οὐκέτ’
402 1241 585 1321 ἀπαγγεῖλαι
601 1239 694 1303 πάλιν
711 1237 821 1318 ἤθελεν
836 1240 903 1303 οὐδὲ
918 1237 1049 1316 νέεσθαι,
1206 1263 1238 1314 95

293 1344 364 1406 ἀλλ’
380 1344 468 1407 αὐτοῦ
483 1344 633 1422 βούλοντο
649 1343 714 1423 μετ’
729 1341 855 1424 ἀνδράσι
875 1341 1089 1423 Λωτοφάγοισι
1141 1426 1143 1430 ι

292 1447 392 1511 λωτὸν
406 1449 597 1528 ἐρεπτόμενοι
612 1446 740 1526 μενέμεν
755 1448 865 1511 νόστου
880 1472 913 1510 τε
929 1446 1088 1511 λαθέσθαι.
1139 1465 1145 1474 ·

292 1550 361 1616 τοὺς
374 1553 429 1629 μὲν
445 1552 522 1632 ε’γὼν
537 1549 587 1614 ἐπὶ
603 1553 675 1628 νῆας
691 1551 766 1632 ἄγου
782 1551 941 1616 κλαίοντας
957 1548 1080 1636 ἀνάγκη,

293 1653 381 1730 νηυσὶ
396 1653 421 1717 δ’
436 1651 481 1716 ένὶ
496 1651 690 1740 γλαφυρῇσιν
705 1654 764 1718 ὑπὸ
782 1653 853 1736 ζυγὰ
870 1656 949 1731 δῆσα
965 1653 1106 1734 ἐρύσσας.

293 1758 383 1838 αύτάρ
399 1755 467 1823 τοὺς
482 1757 596 1822 ἄλλους
612 1757 742 1837 κελόμην
757 1757 873 1839 ἐρίηρας
889 1758 1022 1838 ἑταίρους
1189 1781 1239 1818 ιοο

293 1862 517 1944 σπερχομένους
535 1868 614 1941 νηῶν
629 1861 824 1942 ἐπιβαινέμεν
840 1860 980 1938 ὠκειάων,

292 1964 332 2043 μή
351 1967 414 2031 πός
429 1990 473 2032 τις
488 1971 598 2029 λωτοῖο
614 1966 722 2048 φογιδν
738 1967 860 2031 νόστοιο
874 1965 1013 2045 λάθηται.

293 2071 321 2132 οἱ
337 2070 363 2133 δ’
379 2069 446 2151 αἶψ’
463 2070 619 2143 εἴσβαινον
636 2072 685 2133 καὶ
701 2072 751 2134 ἐπὶ
767 2064 870 2149 κληῗσι
886 2071 1015 2148 καθῖζον,

295 2171 362 2252 ἑξῆς
378 2174 404 2237 δ’
421 2174 555 2253 ἑζόμενοι
571 2174 683 2254 πολιὴν
700 2173 761 2237 άλα
777 2174 886 2238 τύπτον
901 2176 1044 2254 ἐρετμοῖς.

334 2277 444 2342 Ἔνθεν
458 2280 491 2341 δὲ
506 2276 637 2358 προτέρω
653 2277 786 2357 πλέομεν
801 2275 986 2359 ἀκαχήμενοι
1001 2276 1078 2356 ἦτορ.
1192 2302 1239 2353 105

295 2381 468 2444 Κυκλώπων
483 2381 509 2444 δ’
524 2382 555 2446 ές
569 2387 658 2462 γαῖαν
673 2381 871 2462 ὑπερφιάλων
887 2380 1065 2459 ἀθεμίστων,

295 2484 415 2564 ἱκόμεθ’,
431 2487 462 2548 οἵ
473 2486 512 2566 ῥα
528 2488 625 2547 θεοῖσι
641 2486 819 2550 πεποιθότες
834 2482 1032 2548 ἀθανάτοισιν

294 2587 360 2652 οὔτε
375 2587 556 2668 φυτεύουσιν
570 2589 679 2671 χερσίν
694 2588 789 2664 φυτὸν
804 2586 863 2651 οὔτ’
879 2588 1018 2667 ἀρόωσιν,

293 2690 375 2754 ἀλλὰ
390 2689 427 2753 τά
441 2691 469 2774 γ’
485 2691 625 2771 ἄσπαρτα
641 2689 689 2754 καὶ
704 2692 840 2772 ἀνήροτα,
848 2689 946 2756 πάντα
960 2691 1098 2770 φύονται,

292 2795 379 2876 πυροὶ
396 2796 444 2857 καὶ
461 2792 557 2874 κριθαὶ
572 2793 617 2872 ἠδ’
632 2794 773 2874 ἄμπελοι,
790 2797 823 2859 αί
838 2821 872 2858 τε
887 2795 1034 2876 φέρουσιν
1191 2821 1239 2858 110

294 2898 376 2962 οἶνον
392 2897 606 2979 ἐριστάφυλον,
623 2899 672 2961 καί
687 2909 763 2980 σφιν
783 2899 858 2966 Διὸς
873 2900 989 2979 ὄμβρος
1004 2897 1094 2976 ἀέξει.

293 3007 392 3066 τοῖσιν
406 3001 432 3065 δ’
448 3001 508 3064 οὔτ’
524 2999 628 3083 ἀγοραὶ
642 3003 835 3083 βουληφόροι
850 3002 917 3066 οὕτε
934 3001 1081 3082 θέμιστες,

295 3105 364 3169 ἀλλ’
379 3107 410 3169 οί
423 3105 451 3188 γ’
466 3107 597 3186 ὑψηλῶν
612 3103 706 3184 ἀρέων
721 3106 838 3170 ναίουσι
854 3105 967 3184 κάρηνα

294 3209 327 3271 έν
344 3209 458 3273 σπέσσι
475 3212 668 3290 γλαφυροῖσι,
685 3208 853 3288 θεμιστεύει
869 3213 902 3273 δὲ
918 3209 1045 3276 ἕκαστος

293 3317 408 3376 παίδων
422 3312 467 3391 ἠδ’
484 3313 614 3395 ἀλόχων,
631 3311 692 3375 οὐδ’
708 3309 854 3391 ἀλλήλων
866 3312 1021 3394 ἀλέγουσι.
1193 3341 1240 3393 ¹¹5

338 3419 443 3494 Νῆσος
460 3416 563 3480 ἔπειτα
578 3413 690 3498 λάχεια
706 3417 799 3496 παρὲκ
814 3415 937 3495 λιμένος
952 3415 1132 3483 τετάνυσται

294 3521 382 3603 γαίης
400 3521 571 3584 Κυκλώπων
587 3518 654 3584 οὔτε
671 3518 783 3603 σχεδὸν
798 3519 859 3582 οὔτ’
875 3521 1037 3598 ἀποτηλοῦ,

294 3621 430 3702 ὑλήεσσ’·
461 3625 492 3687 έν
508 3624 532 3685 δ’
548 3624 632 3706 αἶγες
647 3623 817 3704 ἀπειρέσιαι
832 3621 982 3705 γεγάασιν

295 3728 405 3808 ἄγριαι·
437 3726 470 3789 ού
484 3727 539 3804 μὲν
554 3729 612 3809 γὰρ
629 3726 721 3793 πάτος
737 3727 902 3808 ἀνθρώπων
918 3729 1067 3809 ἀπερύκει,
