2792 4232
558 868 563 882 '
595 897 811 970 ικικλον
844 899 890 977 ο.

648 1122 820 1136 ”—

512 1274 681 1372 Πολίωξις
698 1272 789 1373 παρὰ
806 1281 871 1346 τῶν
889 1279 971 1348 νεῶν.

315 1450 414 1530 Αίιτδρ
430 1450 496 1514 ἐπεὶ
512 1448 560 1514 διά
574 1476 609 1514 τε
624 1451 780 1514 σκόλοπας
795 1450 843 1512 καὶ
859 1448 975 1530 τάφρον
991 1451 1110 1529 ἔβησαν

271 1553 444 1634 φεύγοντες,
460 1555 621 1617 πολλοὶδέ
637 1551 729 1630 δάμεν
745 1558 874 1614 Δαναῶν
887 1552 945 1615 ὑπὸ
959 1554 1076 1636 χερσίν,

271 1657 300 1718 οί
315 1656 369 1733 μὲν
385 1655 420 1733 δὴ
437 1681 497 1736 παρ
496 1656 687 1739 ’όχεσφιν’
674 1655 833 1736 ερητόοντο
848 1653 997 1732 μένοντες,

271 1759 415 1840 χλωροὶ
400 1783 471 1822 υπαι
462 1760 534 1822 δεί
534 1785 593 1831 ους,
611 1756 869 1839 πεφοβημένοι·”
853 1781 958 1839 εγρετο
973 1759 1005 1822 δὲ
1021 1757 1095 1822 Ζεὺς

267 1859 376 1938 ’Μίδης
363 1886 396 1924 εν
411 1864 560 1946 κορυφῇσι
577 1885 657 1941 παρα
641 1859 877 1942 χρυσοθρόνου
888 1857 993 1940 Ηρης,
1199 1889 1212 1938 ς

271 1961 402 2040 στῆδ”’
386 1989 422 2044 αρ
422 1962 581 2042 ’ἆναίξας,
597 1965 690 2028 ίδεδέ
705 1967 810 2042 Τρῶας
826 1961 874 2024 καὶ
891 1958 1040 2044 Ἀχαιους,

269 2091 336 2130 τους
350 2068 405 2144 μὲν
421 2066 619 2147 ὀρινομένους,
635 2066 704 2131 τοὺς
719 2067 752 2128 δέ
769 2063 947 2128 κλονέοντας
966 2066 1094 2132 ὄπισθεν

270 2170 431 2249 Ἀργείους,
447 2171 522 2247 μετδι
539 2168 571 2232 δέ
587 2176 645 2249 σφι
661 2165 861 2231 Ποσειδάωνα
876 2167 996 2230 ἄνακτα·

265 2269 396 2351 Ἕκτορα
411 2271 435 2335 δ’
455 2275 488 2335 ἐν
503 2273 595 2356 πεδίῳ
610 2274 656 2336 ίδε
672 2279 817 2349 κείμενον,
835 2271 912 2351 ἀμφὶ
927 2271 951 2332 δ’
969 2273 1080 2350 ἑταῖροι

268 2375 345 2452 ἦσθ’,
366 2377 381 2437 ὁ
411 2371 437 2437 δ’
453 2373 590 2458 ἀργαλέῳ
607 2373 686 2457 ἔχετ’
702 2373 832 2451 ἄσθματι
849 2376 902 2454 κῆρ
919 2373 1103 2449 ἀπινύσσων,
1178 2399 1211 2440 10

269 2475 329 2554 αἷμ’
348 2475 452 2554 ἐμέων,
468 2476 534 2539 ἐπεὶ
553 2475 587 2538 οὔ
601 2502 652 2556 μιν
668 2477 875 2556 ἀφαυρότατος
890 2475 964 2554 βάλ’
981 2473 1122 2558 Ἀχαιῶν.

268 2579 319 2642 τὸν
335 2582 367 2642 δὲ
383 2581 454 2643 ἰδὼν
469 2577 579 2658 ἐλέησε
595 2579 691 2660 πατὴρ
708 2581 821 2660 ἀνδρῶν
836 2604 869 2643 τε
885 2583 961 2643 θεῶν
976 2604 1016 2655 τε,

269 2783 317 2862 “ἥ
331 2783 414 2861 μάλα
429 2785 465 2863 δη
482 2784 670 2868 κακότεχνος,
688 2783 831 2867 ἀμήχανε,
849 2783 904 2851 σδς
919 2785 1017 2858 δόλος,
1030 2783 1121 2868 Ἥρη,

264 2885 396 2969 Ἕκτορα
410 2892 475 2951 δῖον
491 2888 604 2951 ἔπαυσε
618 2887 725 2970 μάχης,
743 2888 884 2967 ἐφόβησε
899 2891 932 2953 δέ
946 2889 1047 2955 λαοός.
1179 2915 1209 2965 ¹⁵

269 2991 302 3054 οὐ
317 2993 377 3069 μὰν
393 2990 446 3053 οἶδ’
465 2993 491 3054 εί
507 2991 576 3055 αὖτε
593 2992 793 3071 κακορραφίης
809 2991 966 3072 ἀλεγεινῆς

268 3095 368 3175 πρώτη
385 3093 528 3174 ἐπαόρηαι
545 3094 595 3156 καί
610 3120 647 3157 σε
663 3095 817 3180 πληγῇσιν
833 3094 963 3173 ίμόσσω.
990 3121 992 3128 ’

268 3197 288 3276 ἦ
303 3200 336 3261 οὐ
352 3196 447 3282 μέμνῃ
463 3198 513 3260 ὅτε
527 3193 554 3258 τ’
569 3195 682 3278 ἐκρέμω
696 3197 822 3278 ὑψόθεν,
840 3200 872 3262 ἐκ
888 3200 920 3261 δὲ
939 3202 1057 3263 ποδοῖιν

269 3301 398 3381 ἄκμονας
416 3301 473 3379 ἦκα
488 3299 556 3374 δόω,
573 3299 640 3378 περὶ
657 3299 746 3382 χερσὶ
761 3301 794 3363 δέ
809 3299 921 3379 δεσμὸν
935 3303 1007 3378 ίηλα

268 3403 399 3485 χρόσεον
414 3403 559 3484 ἄρρηκτον
568 3428 579 3477 ,·
602 3401 640 3464 σὺ
655 3401 683 3466 δ’
699 3404 732 3466 ἐν
747 3402 842 3481 αἰθέρι
858 3403 905 3466 καί
922 3401 1088 3488 νεφέλῃσιν
1179 3431 1211 3468 20

269 3502 390 3586 ἐκρέμω·
414 3506 565 3585 ἠλάστεον
580 3510 613 3571 δὲ
626 3509 688 3571 θεοὶ
704 3505 778 3570 κατὰ
792 3504 905 3586 μακρὸν
917 3504 1086 3584 Ὄλυμπον,

268 3613 360 3672 λῦσαι
376 3607 403 3671 δ’
420 3609 471 3672 οὐκ
488 3610 627 3673 ἐδύναντο
643 3608 844 3693 παρασταδόν·
869 3606 903 3671 δν
918 3609 950 3672 δὲ
964 3608 1103 3688 λάβοιμι,

270 3711 434 3775 όίπτασκον
448 3712 581 3794 τεταγὼν
597 3711 656 3776 ἆπδ
670 3716 779 3790 βηλοῦ,
797 3709 864 3791 ὄφρ’
881 3709 919 3774 δν
933 3713 1032 3792 ίκηται
