2834 4234
278 369 341 450 708
565 385 614 431 ιτ.
638 370 874 431 ΟΔΎΣΣΕΙΑΣ
906 370 949 429 Μ.

276 537 407 617 κάμνεις·
438 537 510 620 ήρά
524 564 559 602 νυ
574 540 628 602 σοι’
640 565 676 622 γε
692 537 816 620 σιδήρεα
831 536 930 602 πάντα
944 538 1090 614 τέτυκται,
1180 549 1228 597 280

276 643 309 708 ός
323 640 356 724 ῥ’
371 642 493 724 ἑτάρους
509 642 629 727 καμάτῳ
646 644 793 722 ἁδηκότας
807 642 860 721 ἠδέ
877 642 925 704 καὶ
940 642 1023 725 ὕπνῳ

274 745 326 808 οὐκ
341 745 412 829 ἐάης
428 747 518 827 γαίης
534 745 725 826 ἐπιβήμεναι,
742 746 816 810 ἐνθα
832 771 883 810 κεν
898 744 969 808 οὕτε

275 847 358 934 νήσῳ
376 853 409 914 ἐν
424 850 575 937 ἀμφιρύτῃ
591 849 685 931 λαρὸν
700 849 895 929 τετυκοίμεθα
911 849 1033 930 δόρπον,

237 995 241 1009 2
275 951 345 1015 ἀλλ’
361 954 455 1020 αὕτως
471 952 522 1018 διὰ
537 954 630 1017 νύκτα
645 954 718 1032 θοὴν
735 952 909 1031 ἀλάλησθαι
925 951 1054 1033 ἄνωγας,

275 1054 370 1133 νήσου
383 1051 668 1147 ἀποπλαήχθέντας,
685 1059 718 1121 ἐν
733 1056 879 1136 ἠεροειδέι·
895 1057 1004 1139 πόντῳ.
1181 1067 1228 1129 ²85

195 1234 198 1246 ¹
275 1161 307 1223 ἐκ
324 1167 437 1224 νυκτῶν
454 1159 478 1224 δ’
493 1158 598 1240 άνεμοι
614 1162 756 1242 χαλεποί,
773 1158 929 1239 δηλήματα
944 1161 1033 1236 νηῶν,

274 1263 437 1346 γίγνονται·
467 1265 509 1349 τῇ
528 1264 578 1328 κέν
593 1289 639 1329 τις
653 1262 824 1344 ὑπεκφύγοι
840 1261 931 1326 αίπῦν
946 1263 1084 1341 ὄλεθρον,

273 1364 312 1442 ἥν
328 1391 391 1431 πως
407 1365 550 1445 ἐξαπίνης
567 1367 633 1454 έλθῃ
658 1365 780 1442 ἀνέμοιο
797 1367 922 1441 θύελλα,

274 1465 293 1546 ἢ
309 1466 444 1548 Νότουῆ
462 1471 614 1551 Ζεφύροιο
631 1470 766 1546 δυσαέος,
782 1471 814 1534 οἵ
828 1495 860 1534 τε
875 1468 1010 1547 μάλιστα

277 1576 333 1651 νῆα
348 1573 546 1653 διαρραίουσι,
564 1577 641 1638 θεῶν
657 1575 759 1651 ἀέκητι
774 1572 920 1638 ἀνάκτων.
1178 1597 1228 1650 ²9⁰

276 1673 346 1739 ἀλλ’
361 1675 380 1754 ἦ
398 1700 444 1739 τοι
461 1682 513 1741 νῶν
527 1679 583 1757 μὲν
598 1678 771 1755 πειθώμεθα
788 1677 870 1740 νυκτὶ
885 1676 1014 1760 μελαίνῃ

276 1782 387 1859 δόρπον
405 1777 431 1843 θ’
447 1782 661 1861 ὁπλισόμεσθα
678 1781 733 1866 θοῇ
749 1783 830 1861 παρὰ
845 1779 895 1858 νηὶ
909 1779 1059 1859 μένοντες·

276 1882 372 1961 ἠῶθεν
388 1881 413 1946 δ’
429 1883 598 1962 ἀναβάντες
613 1883 761 1963 ἐνήσομεν
775 1882 854 1965 εὕρέϊ
870 1877 998 1965 πόντῳ.”

313 1985 376 2051 Ὣς
393 1985 480 2067 ἔφατ’
494 1988 681 2071 Εὐρύλοχος,
699 1989 748 2052 ἐπὶ
764 1985 789 2052 δ’
804 1986 894 2072 ᾔνεον
910 1986 1001 2050 άλλοι
1020 1989 1140 2066 ἑταῖροι.

276 2087 324 2153 καὶ
339 2091 408 2155 τότε
424 2091 459 2169 δὴ
475 2092 647 2174 γίγνωσκον
663 2090 680 2154 δ
696 2092 732 2171 δὴ
749 2090 824 2155 κακά
840 2088 950 2170 μήδετο
966 2089 1089 2168 δαίμων,
1178 2115 1226 2166 295

277 2195 328 2258 καί
339 2220 391 2274 μιν
406 2194 553 2275 φωνήσας
569 2196 644 2262 ἔπεα
658 2195 822 2274 πτερόεντα
837 2194 1023 2276 προσηύδων·

320 2304 338 2332 “
351 2297 510 2381 Εὐρύλοχ’,
526 2297 545 2377 ἦ
560 2298 643 2377 μάλα
660 2297 697 2376 δή
710 2323 749 2377 με
763 2297 886 2376 βιάζετε
900 2302 1012 2377 μοῦνον
1028 2297 1124 2360 ἐόντα·

276 2401 345 2464 ἀλλ’
364 2402 419 2483 ἄγε
434 2401 469 2478 δή
486 2428 537 2481 μοι
552 2402 662 2469 πάντες
678 2403 832 2480 ὀμόσσατε
848 2407 990 2481 καρτερδν
1008 2401 1105 2480 ὅρκον,

278 2505 307 2569 εί
321 2503 354 2568 κέ
369 2505 424 2569 τιν’
442 2504 476 2584 ήέ
490 2510 577 2586 βοῶν
593 2507 707 2587 ἀγέλην
722 2504 741 2584 ἢ
756 2511 821 2570 πῶῦ
835 2504 902 2587 μέγ’
918 2507 991 2570 οἰῶν

278 2609 417 2689 εὕρωμεν,
436 2608 478 2688 μή
493 2610 551 2672 πού
566 2635 610 2676 τις
628 2611 833 2696 ἀτασθαλίῃσι
852 2608 979 2695 κακῇσιν
1176 2635 1227 2684 300

241 2755 242 2759 ,
282 2709 298 2790 ἢ
314 2719 392 2792 βοῶν
407 2712 443 2791 ἠέ
458 2737 486 2775 τι
501 2715 599 2793 μῆλον
614 2713 778 2800 ἀποκτάνῃ·
809 2712 892 2778 ἀλλὰ
908 2713 1012 2791 ἕκηλοι

277 2817 395 2880 ἐσθίετε
410 2817 545 2897 βρώμην,
562 2818 617 2896 τήν
632 2818 764 2896 ἀθανάτη
781 2818 856 2898 πόρε
872 2815 996 2897 Κίρκη.”

282 2948 284 2954 ’
313 2918 377 2986 Ὣς
392 2919 523 3001 ἐφάμην,
539 2923 568 2983 οἱ
587 2921 612 2985 δ’
628 2919 721 2986 αὐτίκ’
736 2921 898 3000 ἀπώμνυον
915 2921 954 2986 ὣς
969 2918 1117 2984 ἐκέλευον.

278 3024 370 3104 αὕτδρ
386 3025 455 3088 ἐπεί
466 3023 493 3106 ῥ’
509 3024 626 3104 ὄμοσάν
642 3049 673 3090 τε
689 3023 875 3103 τελεύτησάν
889 3050 922 3089 τε
938 3029 990 3087 τὸν
1006 3023 1105 3103 ὅρκον,

278 3124 434 3205 στήσαμεν
449 3127 483 3191 ἐν
498 3128 598 3206 λιμένι
614 3130 761 3212 γλαφυρῷ
779 3127 901 3210 εὐεργέα
917 3129 973 3204 νῆα
1177 3153 1227 3204 305

277 3226 347 3313 ἄγχ’
361 3231 467 3295 ὕδατος
483 3236 651 3312 γλυκεροῖο,
669 3233 718 3294 καὶ
733 3229 929 3311 ἐξαπέβησαν
945 3233 1055 3308 ἑταῖροι

278 3335 359 3413 νηός,
377 3333 480 3397 ἔπειτα
496 3337 528 3398 δέ
544 3337 656 3416 δόρπον
671 3336 875 3411 ἐπισταμένως
890 3333 1056 3397 τετύκοντο.

277 3437 370 3518 αὕτδρ
387 3438 452 3501 ἐπεὶ
468 3438 576 3506 πόσιος
593 3438 641 3500 καὶ
657 3436 777 3514 ἐδητύος
794 3436 830 3515 ἐξ
844 3439 911 3519 ἔρον
926 3437 1003 3515 ἕντο,

277 3539 462 3620 μνησάμενοι
479 3543 514 3620 δὴ
530 3542 633 3604 ἔπειτα
649 3539 758 3617 φίλους
774 3540 895 3604 ἔκλαιον
910 3541 1055 3622 ἑταίρους,

278 3644 329 3711 οὕς
345 3645 441 3726 ἔφαγε
457 3644 579 3717 Σκύλλη
594 3645 753 3723 γλαφυρῆς
769 3645 801 3708 ἐκ
818 3643 887 3720 νηὸς
903 3646 1028 3709 έλοῶσα·
1177 3671 1227 3720 310

278 3750 474 3814 κλαιόντεσσι
489 3747 521 3808 δὲ
536 3749 635 3809 τοῖσιν
650 3745 783 3826 ἐπήλυθε
799 3746 926 3825 νήδυμος
941 3750 1042 3815 ὕπνος.
