2728 4230
271 307 329 370 168
601 323 631 388 9.
654 309 824 370 ιΛιΑυον
848 309 872 372 1.

266 476 385 558 ῥηϊδίως
399 479 538 541 πεπιθεῖν
551 475 687 558 μεγάλας
702 473 815 558 φρένας
830 475 984 539 Αἰακίδαο.

267 580 466 660 Μυρμιδόνων
480 577 506 642 δ’
522 579 573 642 ἐπί
587 604 620 643 τε
636 580 757 644 κλισίας
772 579 822 642 καὶ
837 582 909 658 νῆας
925 577 1058 656 ἱκέσθην,
1163 591 1210 654 185

266 681 318 744 τὸν
333 681 358 744 δ’
375 682 460 763 εὐρον
476 680 572 763 φρένα
587 684 769 763 τερπόμενον
784 682 931 763 φόρμιγγι
946 679 1057 766 λιγείῃ,

267 784 343 869 καλῇ
359 783 510 870 δαιδαλέῃ,
528 785 578 849 ἐπὶ
594 785 618 849 δ’
636 785 779 867 ἀργύρεον
796 783 884 865 ζυγὸν
899 783 961 862 ἦεν,

266 887 321 965 τὴν
335 885 414 967 ἄρετ’
433 884 469 965 ἐξ
481 886 595 968 ἐνάρων
609 887 701 950 πόλιν
714 886 882 952 Ἠετίωνος
895 885 1041 951 ὀλέσσας·

266 992 301 1073 τῇ
318 991 335 1052 ό
349 1016 386 1072 γε
400 989 493 1068 θυμὸν
508 989 640 1071 ἔτερπεν,
657 991 738 1054 άειδε
753 990 778 1053 δ’
795 991 852 1070 ἀρα
868 987 943 1052 κλέα
958 990 1083 1071 ἀνδρῶν.

267 1092 444 1174 Πάτροκλος
459 1091 493 1156 δέ
508 1095 538 1156 οἱ
554 1093 616 1158 οῖος
632 1093 766 1158 ἐναντίος
781 1091 858 1170 ἧστο
877 1094 987 1178 σιωπῇ,
1162 1115 1212 1169 190

266 1197 408 1278 δέγμενος
423 1194 577 1273 Αίακίδῇν,
593 1195 686 1258 ὁπότε
698 1192 821 1272 λήξειεν
837 1194 954 1258 ἀείδων.

267 1300 307 1362 τὼ
323 1301 356 1362 δέ
370 1296 470 1378 βάτην
484 1297 628 1380 προτέρω,
642 1297 747 1379 ἡγεῖτο
762 1298 795 1360 δέ
811 1302 875 1365 δῖος
891 1293 1065 1371 Ὀδυσσεύς,

267 1404 343 1464 στὰν
357 1403 390 1465 δέ
406 1402 513 1482 πρόσθ’
529 1402 641 1464 αὐτοῖο·
664 1401 770 1482 ταφὼν
784 1397 811 1464 δ’
827 1401 992 1482 ἀνόρουσεν
1006 1397 1170 1482 Ἀχιλλεὺς

268 1504 339 1590 αὐτῇ
356 1503 414 1567 σὺν
428 1505 583 1588 φόρμιγγι,
599 1503 699 1568 λιπέυν
714 1504 781 1570 ἕδος
797 1503 869 1568 ἔνθα
884 1500 1029 1567 θάασσεν.

268 1609 306 1672 ὣς
321 1605 345 1670 δ’
363 1607 457 1673 αὐτως
472 1607 657 1689 Πάτροκλος,
673 1609 741 1672 ιἐπεὶ
756 1609 802 1672 ίδε
817 1613 929 1690 φῶτας,
947 1603 1069 1685 ἀνέστη.
1165 1631 1211 1682 195

267 1711 306 1771 τὼ
323 1711 372 1774 καῖ
387 1711 576 1791 δεικνύμενος
589 1710 731 1793 προσέφη
748 1711 842 1777 πόδας
858 1711 933 1777 ὦκύς
951 1707 1124 1794 Ἀχιλλεύς·

267 1818 284 1844 “
292 1814 442 1894 χαίρετον·
465 1813 484 1892 ἦ
500 1815 588 1894 φίλοι
603 1814 708 1894 ἀνδρες
724 1812 869 1878 ἱκάνετον·
893 1813 912 1892 ἦ
927 1838 956 1878 τι
970 1813 1054 1894 μάλα
1071 1810 1160 1894 χρεό,

267 1918 298 1978 οἵ
309 1941 362 1996 μοι
377 1915 547 2001 σκυζομένῳ
563 1943 619 1998 περ
636 1914 769 2001 Ἀχαιῶν
783 1917 930 1998 φίλτατοί
943 1912 1063 1982 ἐστον.”

303 2017 366 2084 Ὣς
381 2019 439 2100 άρα
454 2017 600 2100 φωνήσας
615 2018 748 2100 προτέρω
764 2020 820 2101 άγε
834 2023 898 2084 δῖος
912 2017 1082 2101 Ἀχιλλεύς,

267 2124 350 2186 εἶσεν
366 2125 391 2185 δ’
408 2124 441 2184 ἐν
456 2126 615 2202 κλισμοῖσι
629 2121 745 2200 τάπησί
759 2147 793 2186 τε
807 2119 1035 2204 πορφυρέοισιν.
1162 2145 1212 2183 τοο

267 2225 346 2305 αῖφα
361 2227 394 2288 δέ
410 2222 591 2305 Πάτροκλον
605 2224 820 2306 προσεφώνεεν
835 2223 924 2306 έγγύς
939 2224 1037 2288 ἐόντα·

255 2339 286 2416 ‚⁴⁴
296 2328 417 2407 μείζονα
432 2327 468 2405 δὴ
485 2327 620 2406 κρητῆρα,
637 2328 801 2392 Μενοιτίου
814 2327 871 2402 υἱέ,
888 2327 1024 2404 καθίστα,

268 2430 429 2510 ζωρότερον
444 2428 477 2491 δέ
492 2425 600 2508 κέραιε,
615 2426 707 2494 δέπας
722 2432 748 2492 δ’
765 2429 886 2493 ἔντυνον
901 2427 1028 2512 ἑκάστῳ·

267 2535 296 2594 οί
310 2531 368 2614 γὰρ
383 2531 526 2612 φίλτατοι
542 2530 646 2611 ἄνδρες
661 2533 721 2615 ἐμῷ
736 2531 847 2595 ὑπέασι
861 2528 1034 2616 μελάθρῳ.”

303 2633 367 2700 Ὣς
382 2631 472 2714 φάτο,
488 2632 666 2713 Πάτροκλος
680 2636 713 2696 δὲ
729 2634 810 2718 φίλῳ
827 2635 997 2699 ἐπεπείθεθ’
1014 2634 1129 2719 ἑταίρῳ.
1163 2663 1211 2713 ²0⁵

268 2738 359 2818 αὐτὰρ
375 2737 392 2800 ό
405 2762 442 2819 γε
458 2740 557 2818 κρεῖον
570 2733 649 2818 μέγα
664 2736 826 2819 κάββαλεν
841 2739 874 2802 ἐν
890 2735 981 2818 πυράς
996 2737 1082 2822 αὐγῇ,

268 2844 301 2904 ἐν
316 2837 343 2904 δ’
359 2840 416 2921 ἀρα
433 2845 526 2904 νῶτον
542 2836 623 2919 ἔθηκ’
639 2840 702 2907 όίος
717 2842 766 2905 καὶ
781 2841 886 2906 πίονος
901 2841 995 2922 αίγός,

268 2946 301 3007 ἐν
316 2945 349 3007 δέ
364 2942 436 3008 συὸς
451 2942 573 3006 σιάλοιο
587 2940 677 3025 ῥάχιν
692 2947 854 3007 τεθαλυῖαν
868 2943 995 3030 ἀλοιφῇ.

268 3049 308 3133 τῷ
325 3049 350 3111 δ’
366 3046 438 3129 ἔχεν
453 3044 639 3124 Αὐτομέδων,
655 3044 765 3124 τάμνεν
780 3046 806 3109 δ’
822 3046 880 3127 άρα
896 3051 959 3112 δῖος
973 3047 1150 3129 Ἀχιλλεύς.

269 3152 318 3214 καὶ
334 3152 371 3213 τὰ
385 3150 440 3229 μέν
456 3149 488 3213 εὐ
501 3149 651 3229 μίστυλλε
666 3149 715 3212 καὶ
731 3148 807 3229 ἀμφ’
823 3149 987 3228 ὀβελοῖσιν
1002 3149 1112 3229 έπειρε,
1167 3178 1213 3215 ιιο

269 3258 326 3334 πῦρ
342 3255 375 3317 δὲ
390 3252 591 3330 Μενοιτιάδης
606 3255 690 3316 δαῖεν
703 3248 790 3331 μέγα,
807 3251 927 3318 ἰσόθεος
941 3253 1017 3333 φάς.

271 3355 362 3434 αὐτὰρ
377 3356 444 3419 ἐπεὶ
460 3357 534 3418 κατά
552 3359 609 3435 πῦρ
625 3353 696 3432 ἐκάη
716 3354 765 3417 καὶ
780 3352 866 3435 φλὸξ
879 3352 1040 3434 ἐμαράνθη,

270 3457 433 3534 ἀνθρακιὴν
448 3456 596 3536 στορέσας
610 3455 740 3536 ὀβελοὺς
755 3457 905 3538 ἐφύπερθε
920 3456 1062 3534 τάνυσσε,

272 3557 374 3621 πάσσε
389 3554 415 3619 δ’
431 3557 505 3622 άλὸς
519 3558 614 3621 θείοιο
630 3560 816 3640 κρατευτάων
830 3561 979 3642 ἐπαείρας.

272 3658 363 3741 αὐτὰρ
379 3660 447 3722 ἐπεί
457 3655 489 3740 ῥ’
505 3658 627 3738 ὤπτησε
643 3664 692 3725 καὶ
708 3665 752 3726 είν
768 3664 902 3730 ἐλεοῖσιν
917 3664 1013 3747 ἔχευε,
1165 3687 1213 3738 ²¹⁵
