2908 4232
566 336 616 397 24.
641 321 810 382 ικικΔοΣ
834 323 874 381 α.
1129 323 1191 408 4⁸7

247 492 323 571 μηδέ
338 493 369 556 τί
382 495 411 556 οἱ
427 489 555 557 θάνατος
569 489 687 571 μελέτω
700 492 792 572 φρεσὶ
805 488 882 572 μηδέ
897 485 1063 571 τιτάρβός·

248 601 332 661 τοῖον
345 593 403 678 γάρ
419 597 447 658 οἱ
463 601 584 674 πομπδν
599 592 779 674 ὀπάσσομεν
795 591 1024 675 Ἀργειφόντην,

250 697 282 763 δς
301 697 367 774 άξει
386 697 439 775 ἧός
457 723 508 762 κεν
523 698 607 780 ἄγων
623 694 747 781 Ἀχιλῆϊ
761 695 917 783 πελάσσῃ.

250 801 341 882 αὐτὰρ
358 801 434 881 ἐπῆν
450 799 602 887 ἀγάγῃσιν
617 800 679 864 έσω
695 801 820 881 κλισίην
835 799 989 883 Ἀχιλῆος,

250 901 311 967 οὔτ’
328 904 416 971 αὐτὸς
432 903 545 971 κτενέει
562 905 624 970 ἀπό
637 902 662 968 τ’
678 904 794 970 ἀλλους
809 903 923 971 πάντας
938 903 1045 986 έρύξει·

251 1007 317 1072 οὔτε
333 1006 390 1090 γάρ
406 1009 468 1071 ἔστ’
486 1008 591 1090 ἄφρων
607 1004 669 1072 οὔτ’
685 1007 820 1094 ἀσκοπος
836 1005 899 1070 οὔτ’
914 1007 1079 1089 ἀλιτήμων,

252 1112 332 1175 ἀλλὰ
347 1109 418 1192 μόλ’
435 1110 579 1178 ἐνδυκέως
596 1111 699 1176 ἱκέτεω
715 1108 917 1191 πεφιδήσεται
933 1109 1069 1193 ἀνδρός.”

288 1213 351 1281 Ὠς
367 1214 463 1295 ἔφατ’,
480 1213 557 1294 ὦρτο
573 1213 607 1279 δὲ
617 1213 694 1296 Ἰρις
709 1214 863 1280 ἀελλόπος
878 1213 1080 1297 ἀγγελέουσα.

251 1317 316 1398 ἷξεν
330 1317 355 1382 δ’
372 1320 403 1384 ές
419 1315 578 1398 Πριάμοιο,
598 1317 683 1400 κίχεν
699 1317 724 1380 δ’
742 1315 854 1396 ἐνοπήν
869 1343 902 1381 τε
917 1319 991 1401 γόον
1005 1343 1047 1382 τε.

252 1427 356 1487 παῖδες
366 1423 423 1501 μὲν
438 1418 542 1502 πατέρ’
558 1421 637 1502 ἀμφὶ
653 1418 817 1499 καθήμενοι
832 1422 955 1486 ἔνδοθεν
970 1422 1062 1499 αύλῆς

252 1523 396 1607 δάκρυσιν
411 1522 506 1603 εἵματ’
524 1524 646 1605 ἔφυρον,
664 1526 681 1587 ὁ
697 1520 725 1588 δ’
741 1525 774 1589 έν
787 1523 935 1604 μέσσοισι
949 1529 1070 1606 γεραιὸς

253 1631 379 1694 ἐντυπὰς
396 1630 428 1692 έν
442 1628 556 1713 χλαίνῃ
573 1626 803 1708 κεκαλυμμένος·
827 1628 906 1709 ἀμφὶ
922 1631 954 1692 δὲ
967 1629 1069 1707 πολλὴ

254 1733 363 1814 κόπρος
378 1732 431 1811 έην
448 1732 567 1818 κεφαλῇ
583 1756 616 1795 τε
631 1732 681 1795 καὶ
697 1730 801 1813 αιἰχένι
816 1735 880 1794 τοῖο
896 1729 1047 1813 γέροντος,

253 1834 307 1914 τήν
321 1837 359 1918 ῥα
375 1836 587 1914 κυλινδόμενος
603 1833 798 1913 καταμήσατο
813 1834 921 1916 χερσὶν
939 1835 1019 1920 ἑῇσι.

253 1937 412 2021 θυγατέρες
427 1937 451 2000 δ’
468 1939 526 2001 άυά
541 1934 652 2016 δώματ’
668 1938 711 2000 ἰδὲ
727 1937 791 2002 νυοὶ
807 1935 963 2018 ὠδύροντο,

252 2049 312 2107 τῶν
326 2043 565 2122 μιμνησκόμεναι
580 2039 608 2104 αδ
624 2041 660 2121 δὴ
677 2040 786 2107 πολέες
797 2065 831 2105 τε
845 2041 895 2104 καὶ
911 2040 1018 2104 ἐσθλοὶ

252 2143 359 2230 χερσὶν
373 2143 422 2210 ὑπ’
439 2144 588 2228 Ἀργείων
603 2144 692 2209 κέατο
706 2147 811 2227 φυχάς
829 2142 1002 2210 ὀλέσαντες.

254 2253 310 2328 στῆ
326 2252 359 2314 δὲ
375 2252 455 2331 παρὰ
470 2248 610 2331 Πρίαμον
626 2247 700 2315 Διὸς
715 2247 856 2331 ἄγγελος,
872 2247 925 2326 ἠδὲ
940 2248 1097 2329 προσηύδα

253 2354 360 2418 τυτθὸν
375 2352 579 2437 φθεγξαμένη·
601 2359 656 2419 τὸν
671 2353 705 2416 δὲ
719 2345 827 2433 τρόμος
843 2351 961 2431 ἔλλαβε
976 2357 1055 2435 γυῖα·

255 2463 273 2491 “
283 2455 397 2536 θάρσει,
413 2458 583 2536 Δαρδανίδη
601 2455 728 2536 Πρίαμε,
744 2456 845 2537 φρεσί,
862 2451 938 2535 μηδέ
953 2478 981 2517 τι
997 2453 1113 2535 τάρβει·

255 2558 289 2621 ού
302 2560 358 2637 μὲν
372 2555 430 2642 γάρ
445 2583 492 2622 τοι
508 2559 567 2641 ἐγὼ
584 2565 675 2622 κακὸν
690 2557 845 2638 ὀσσομένη
862 2557 922 2622 τόδ’
942 2557 1041 2632 ἱκάνω,

254 2661 324 2724 ἀλλ’
341 2663 440 2744 ἀγαθὰ
456 2661 637 2744 φρονέουσα·
663 2662 738 2728 Διὸς
753 2661 787 2725 δέ
801 2653 849 2727 τοι
864 2661 996 2744 ἀγγελός
1011 2664 1080 2739 εἰμι,

254 2766 288 2831 ὅς
304 2791 358 2829 σευ
373 2765 499 2830 ἄνευθεν
513 2766 571 2832 έδν
585 2765 663 2848 μέγα
679 2763 799 2844 κήδεται
814 2764 861 2844 ἠδ’
879 2764 1018 2844 ἐλεαίρει.

253 2869 411 2932 λύσασθαί
424 2864 455 2930 σ’
470 2863 632 2936 έκέλευσεν
647 2864 816 2949 Ὀλύμπιος
827 2867 960 2950 Ἕκτορα
976 2873 1051 2945 δῖον,
1154 2889 1200 2944 175

254 2977 333 3054 δῶρα
348 2971 375 3036 δ’
392 2971 537 3055 ἈχιλλτῖιΙ
552 2971 692 3054 φερέμεν,
710 2971 746 3034 τά
763 2999 796 3036 κε
811 2972 905 3050 θυμὸν
920 2970 996 3057 ίήνῃ,
1038 2963 1041 2970 ’

255 3075 328 3148 οἶον,
343 3073 420 3154 μηδέ
434 3100 479 3141 τις
495 3075 592 3142 ἀλλος
607 3073 668 3154 ἀμα
681 3076 795 3157 Τριύων
809 3078 862 3139 ἴτω
879 3072 962 3156 ἀνήρ.

254 3176 348 3260 κῆρύξ
360 3181 405 3245 τίς
420 3204 468 3246 τοι
483 3178 587 3243 έποιτο
602 3180 781 3262 γεραίτερος,
798 3179 831 3244 ός
847 3177 872 3242 κ’
890 3178 985 3242 ἰθύνοι

252 3265 414 3363 ἡμιόνου(
411 3284 460 3347 καὶ
475 3281 593 3362 ἀμαξαν
608 3281 761 3366 έύτροχον,
778 3283 831 3361 ἠδὲ
846 3279 895 3345 καὶ
910 3281 992 3347 αύτις

254 3386 359 3469 νεκρδν
377 3388 446 3470 άγοι
462 3388 549 3469 προτὶ
568 3385 652 3465 άστυ,
668 3387 721 3451 τὸν
736 3387 840 3450 ἔκτανε
849 3389 919 3476 δῖος
933 3383 1106 3468 Ἀχιλλεύς.
1155 3399 1201 3448 180

252 3493 328 3571 μηδέ
343 3492 374 3555 τί
388 3516 435 3555 τοι
450 3489 579 3558 θάνατος
593 3488 711 3569 μελέτω
726 3482 819 3571 φρεσὶ
836 3486 913 3568 μηδέ
927 3512 956 3550 τι
971 3486 1094 3570 τάρβος·

253 3601 335 3662 τοῖος
349 3595 407 3678 γάρ
423 3587 604 3674 τοιπομπός
619 3589 667 3673 ἀμ’
685 3592 794 3674 ἕψεται
810 3591 1039 3674 Ἀργειφόντης,

253 3699 288 3764 ὅς
305 3699 333 3762 σ’
351 3697 416 3778 ἀξει
436 3699 489 3778 ἧός
513 3722 565 3761 κεν
580 3698 662 3780 ἀγων
676 3695 802 3780 ἈχιλῆιΙ
817 3691 970 3782 πελάσσῃ.
