2760 4232
267 345 348 394 ιοαα
560 327 718 388 ΕΠΙΚΟΣ
739 326 911 387 ΚΎΚΛΟΣ.

152 575 154 586 ¹
266 504 314 564 καὶ
330 500 461 564 Λεοντέα
477 496 525 561 καὶ
542 499 737 575 Πολυποίτην
752 496 826 581 πεζῇ
840 495 1036 575 πορευθέντες
1057 496 1099 559 εἰς
1115 497 1211 556 Κολο-

266 611 353 685 φῶνα
363 603 524 683 Τειρεσίαν
539 603 665 666 ἐνταῦθα
679 599 902 676 τελευτήσαντα
915 597 1072 663 θάπτουσι.
1104 605 1165 662 τῶν
1180 599 1212 660 δὲ

265 707 332 788 περὶ
355 713 406 771 τὸν
421 705 632 789 Ἀγαμέμνονα
654 705 872 768 ἀποπλεόντων
891 701 1061 785 Ἀχιλλέως
1085 704 1212 765 εἴδωλον

266 813 412 892 ἐπιφανὲν
424 814 562 890 πειρᾶται
578 793 755 872 διακωλύειν
766 805 916 889 προλέγον
930 809 967 870 τά
983 808 1211 887 συμβησόμενα.

267 913 321 979 εἶθ’
346 916 362 977 ὃ
384 911 452 994 περὶ
475 916 529 978 τὰς
549 913 725 993 Καφηρίδας
740 909 849 992 πέτρας
869 915 1010 991 δηλοῦται
1033 911 1147 994 χειμὼν
1163 910 1212 974 καί

265 1017 283 1096 ἡ
302 1021 429 1082 Αἴαντος
445 1019 546 1097 φθορὰ
559 1022 612 1079 τοῦ
626 1021 749 1096 Λοκροῦ,
794 1017 1011 1095 Νεοπτόλεμος
1031 1017 1063 1079 δὲ
1084 1015 1213 1102 Θέτιδος

266 1121 450 1199 ὑποθεμένης
471 1121 544 1207 πεζῇ
567 1125 696 1184 ποιεῖται
719 1121 774 1199 τὴν
797 1121 930 1200 πορείαν·
976 1118 1024 1184 καὶ
1047 1117 1214 1200 παραγενό-

265 1250 355 1303 μενος
371 1227 413 1292 εἰς
435 1222 558 1307 Θράκην
574 1223 729 1289 Ὀδυσσέα
745 1223 969 1304 καταλαμβάνει
992 1226 1025 1290 ἐν
1047 1224 1083 1307 τῇ
1101 1227 1214 1314 Μαρω-

268 1329 341 1412 νείη,
369 1329 417 1391 καὶ
444 1329 478 1391 τὸ
503 1329 613 1394 λοιπὸν
636 1327 718 1392 ἀνύει
741 1333 793 1407 τῆς
818 1330 895 1405 ὁδοῦ,
921 1328 969 1391 καὶ
991 1325 1215 1406 τελευτήσαντα

267 1433 393 1494 Φοίνικα
406 1431 521 1494 θάπτεν
544 1431 631 1497 αὐτὸς
646 1434 679 1495 δὲ
692 1434 734 1498 είς
746 1430 933 1498 Μολοσσοὺς
946 1432 1130 1513 ἀφικόμενος
1142 1431 1214 1493 ἀνα-

266 1536 440 1616 γνωρίζεται
463 1540 571 1613 Πηλεῖ.
620 1535 724 1598 ἔπειτα
738 1533 961 1617 Ἀγαμέμνονος
982 1535 1041 1599 ὑπὸ
1065 1535 1215 1615 Αἰγίσθου

269 1640 317 1701 καὶ
334 1636 600 1724 Κλυταιμνήστρας
622 1638 828 1719 ἀναιρεθέντος
848 1639 897 1703 ὑπ’
912 1637 1060 1721 Ὀρέστου
1082 1633 1129 1700 καὶ
1151 1642 1215 1700 Πυ-

267 1741 361 1804 λάδου
376 1741 508 1822 τιμωρία,
525 1739 572 1805 καὶ
589 1739 749 1806 Μενελάου
765 1744 807 1808 εἰς
823 1743 877 1820 τὴν
892 1743 1004 1807 οἰκείαν
1021 1739 1195 1821 ἀνοκομιδή.

1099 1860 1179 1910 Procl.

355 2011 467 2074 Αὐτίκα
483 2010 508 2075 δ’
525 2013 640 2077 Αίσονα
656 2016 728 2090 θῆκε
745 2016 839 2095 φίλον
855 2015 943 2095 κάρον
957 2013 1108 2095 ἡβώοντα,

355 2118 447 2198 γῆρας
464 2113 633 2194 ἆποξύσασ’
651 2118 780 2204 είδυίῃσι
796 2119 992 2198 πραπίδεσσι,

357 2218 500 2300 φάρμακα
515 2217 608 2283 πόλλ’
624 2218 732 2302 ἕψουσ’
749 2219 793 2285 ἐνὶ
807 2224 978 2304 χρυσείοισι
993 2221 1134 2304 λέβησιν.

430 2340 534 2403 Argum.
547 2339 578 2388 ad
592 2339 650 2390 Eur.
664 2335 854 2414 Med„h(Scholl.
868 2341 919 2391 vol.
931 2343 964 2391 iv.
977 2358 1001 2405 p.
1017 2357 1028 2388 1
1041 2358 1077 2408 sq.
1090 2340 1180 2402 Dind.)

616 2597 869 2658 ΤΗΛΕΓΟΝΙΑ.

315 2754 402 2820 Μετὰ
423 2754 515 2820 ταῦτά
538 2760 622 2821 ἔστιν
639 2754 773 2838 Ὀμήρου
789 2755 963 2822 Ὀδύσσεια·
995 2758 1099 2822 ἔπειτα
1119 2762 1220 2837 Τηλε-

270 2861 374 2941 γονίας
395 2862 509 2941 βιβλία
532 2861 584 2924 δύο
608 2860 811 2942 Εὐγάμμωνος
837 2863 1013 2945 Κυρηναίου,
1040 2863 1219 2946 περιέχοντα

272 2963 351 3030 τάδε.
401 2967 429 3027 οἱ
450 2962 616 3046 μνήστορες
635 2967 692 3028 ὑπὸ
715 2972 774 3029 τῶν
800 2967 1013 3048 προσηκόντων
1043 2966 1218 3036 θάπτονται·

273 3070 320 3131 καὶ
343 3065 509 3133 Ὀδυσσεὺς
532 3069 625 3136 θύσας
648 3070 790 3150 Νύμφαις
814 3073 856 3136 είς
875 3068 970 3135 Ἠλιν
993 3071 1128 3136 ἀποπλεῖ
1152 3074 1218 3136 ἐπι-

272 3172 462 3252 σκεψόμενος
484 3169 521 3234 τά
540 3173 698 3252 βουκόλια,
716 3172 763 3237 καὶ
783 3172 929 3253 ξενίζεται
951 3173 1031 3255 παρὰ
1054 3173 1218 3259 Πολυξένῳ

272 3273 366 3354 δῶρόν
397 3299 429 3338 τε
458 3273 611 3355 λαμβάνει
644 3279 783 3358 κρατῆρα,
811 3273 858 3341 καὶ
891 3280 941 3342 ἐπὶ
967 3278 1061 3363 τούτῳ
1087 3277 1125 3342 τά
1150 3276 1218 3358 περὶ

196 3369 198 3373 ’
272 3379 452 3460 Τροφώνιον
463 3377 511 3444 καὶ
520 3377 693 3462 Ἀγαμήδην
710 3383 759 3446 καὶ
771 3380 897 3465 Αὐγέαν.
927 3384 1030 3447 ἔπειτα
1047 3385 1089 3449 εἰς
1100 3381 1220 3461 Ἰθάκην

274 3482 482 3550 καταπλεύσας
505 3483 558 3550 τὰς
580 3485 638 3548 ὑπὸ
654 3485 815 3566 Τειρεσίου
832 3487 977 3569 ῥηθείσας
998 3491 1083 3551 τελεῖ
1104 3488 1219 3552 θυσίας.

275 3584 323 3646 καὶ
348 3586 423 3663 μετὰ
446 3593 539 3650 ταῦτα
562 3591 604 3655 είς
632 3588 835 3671 Θεσπρωτοὺς
859 3592 1030 3672 ἀφικνεῖται
1056 3588 1104 3655 καί
1131 3595 1221 3672 γαμεῖ

276 3688 462 3764 Καλλιδίκην
476 3693 627 3764 βασιλίδα
642 3699 702 3758 τῶν
717 3697 920 3777 Θεσπρωτῶν.
967 3693 1070 3760 ἔπειτα
1089 3694 1221 3774 πόλεμος
