2728 4230
266 361 324 426 132
584 354 613 421 7.
638 345 808 406 ΙΛΙΑΔΟΣ
833 347 872 407 Η;
901 300 902 304 ¹

297 512 360 577 Ὧς
375 511 467 575 εἰπὼν
481 505 665 593 παρέπεισεν
680 515 843 593 ἀδελφειοῦ
858 505 970 593 φρένας
987 511 1065 593 ἥρως
1155 519 1203 574 ιὀο

262 618 368 695 αἴσιμα
383 615 546 696 παρειπών,
562 615 578 676 δ
593 612 620 678 δ’
635 616 781 679 ἐπείθετο·
803 619 856 677 τοῦ
869 615 925 693 μὲν
941 614 1046 679 ἔπειτα

261 717 424 798 γηθόσυνοι
439 715 618 799 θεράποντες
634 718 683 781 ἀπ’
700 718 788 796 ὤμων
801 717 898 800 τεύχε’
916 717 1031 780 ἕλοντο·

261 818 389 902 Νέστωρ
403 821 428 885 δ’
443 820 629 904 Ἀργείοισιν
644 821 787 884 ἀνίστατο
804 821 852 883 καὶ
865 818 1035 898 μετέειπεν·

263 922 314 987 “θι
330 925 434 1002 πόποι,
449 923 468 1004 ή
482 924 561 1008 μέγα
576 923 684 990 πένθος
699 921 841 1007 Ἀχαιίδα
854 928 945 1007 γαῖαν
962 923 1066 988 ἱκάνει.

262 1027 280 1107 ή
296 1053 328 1091 κε
343 1027 408 1110 μεγ’
426 1026 563 1108 οἰμώξειε
577 1026 673 1110 γέρων
690 1026 846 1107 ἱππηλάτα
863 1026 992 1106 Πηλεός,
1155 1052 1202 1100 125

262 1131 373 1197 ἐσθλὸς
391 1131 590 1211 Μυρμιδόνων
603 1132 799 1213 βουληφόρος
813 1129 858 1209 ἠδ’
875 1127 1032 1211 ἀγορητής,

261 1235 294 1299 ὅς
308 1231 382 1297 ποτέ
395 1230 426 1312 μ’
442 1234 592 1314 εἰρόμενος
602 1231 668 1317 μέγ’
690 1232 814 1316 ἐγήθεεν
830 1231 854 1318 ῷ
871 1233 915 1297 ἐνὶ
934 1235 1015 1316 οίκιρ,

261 1334 381 1400 πάντων
395 1336 542 1418 Ἀργείων
556 1335 648 1418 ἐρέων
661 1335 770 1421 γενεήν
785 1361 818 1400 τε
835 1336 923 1398 τόκον
938 1360 980 1399 τε.

262 1441 330 1505 τοὺς
344 1446 396 1504 νῦν
411 1443 438 1504 εί
452 1441 649 1508 πτώσσοντας
663 1441 714 1522 ὑφ’
727 1440 850 1522 Ἕκτορι
866 1439 981 1506 πάντας
998 1438 1132 1511 άκοόσαι,

262 1542 365 1606 πολλά
380 1570 431 1608 κεν
446 1543 623 1608 ἀθανάτοισι
638 1546 734 1626 φίλας
749 1546 806 1610 ἀνά
821 1549 926 1626 χεῖρας
944 1545 1050 1623 ἀείραι,
1157 1567 1203 1616 ¹30

263 1647 355 1726 θυμὸν
369 1647 428 1710 ἀπὸ
442 1647 559 1726 μελέων
574 1653 659 1713 δῦναι
675 1649 767 1728 δόμον
778 1647 883 1713 Ἀϊδος
899 1649 981 1712 είσω.
1145 1645 1147 1652 ’

263 1751 293 1815 αί
307 1751 373 1833 γάρ,
391 1755 449 1815 Ζεΰ
464 1777 496 1816 τε
510 1750 603 1834 πάτερ
620 1754 668 1816 καὶ
682 1752 827 1831 Ἀθηναίη
844 1752 892 1815 καὶ
901 1749 1067 1827 Ἀπολλον,

263 1852 361 1938 ἡβῷμ’
377 1854 416 1919 ὡς
431 1851 475 1916 ὅτ’
490 1854 536 1917 ἐπ’
553 1854 671 1940 ὠκυρόῳ
689 1855 855 1920 Κελάδοντι
869 1852 1005 1937 μάχοντο

263 1958 422 2038 ἀγρόμενοι
437 1941 549 2019 Πύλιοί
562 1981 596 2021 τε
611 1959 659 2022 καὶ
673 1957 817 2040 Ἀρκάδες
832 1957 1043 2040 ἐγχεσίμωροι,

262 2065 355 2126 Φειᾶς
370 2063 430 2142 πάρ
444 2062 611 2142 τείχεσσιν,
625 2059 781 2143 Ἰαρδάνου
797 2062 875 2142 ἀμφὶ
889 2059 1006 2142 ῥέεθρα.
1159 2064 1205 2132 ι’35

263 2167 343 2227 τοῖσι
358 2163 383 2226 δ’
397 2163 601 2244 Ἐρευθαλίων
616 2165 730 2244 πρόμος
745 2167 860 2240 ίστατο,
878 2163 998 2227 ίσόθεος
1014 2159 1088 2242 φώς,

262 2263 359 2349 τεύχε’
375 2265 455 2348 ἔχων
470 2267 597 2346 ὤμοισιν
611 2265 783 2346 Ἀρηϊθόοιο
799 2268 935 2338 ἀνακτος,

263 2366 327 2430 δίου
340 2361 510 2447 Ἀρηϊθόου,
526 2365 579 2430 τὸν
594 2365 756 2444 ἐπίκλησιν
771 2363 934 2446 κορυνήτην

262 2468 366 2550 ἀνδρες
382 2470 546 2548 κίκλησκον
562 2468 743 2545 καλλίζωνοί
757 2493 791 2532 τε
804 2473 952 2550 γυναῖκες,

263 2573 356 2637 οὕνεκ’
372 2572 417 2654 ἀρ’
434 2573 468 2636 οὐ
484 2569 601 2650 τόξοισι
614 2571 787 2655 μαχέσκετο
803 2573 888 2653 δουρί
902 2596 935 2636 τε
950 2571 1063 2655 μακρῷ,
1160 2595 1208 2643 140

263 2678 344 2741 ἀλλὰ
362 2676 496 2761 σιδηρείῃ
512 2674 620 2762 κορώνη
635 2673 786 2758 ῥήγνυσκε
801 2673 974 2758 φάλαγγας.

262 2783 315 2845 τὸν
328 2780 499 2861 Λυκόοργος
514 2777 628 2857 ἔπεφνε
643 2779 732 2863 δόλῳ,
748 2777 826 2841 οὔτι
842 2776 944 2860 κράτεί
957 2803 1004 2861 γε,

264 2884 419 2968 στεινωπῷ
435 2883 468 2945 ἐν
483 2881 553 2965 όδῷ,
569 2879 613 2943 ὅθ’
630 2880 676 2963 ἀρ’
693 2881 727 2945 οὐ
743 2881 849 2964 κορόνη
866 2884 895 2945 οί
911 2883 1038 2963 ὄλεθρον

263 2993 394 3072 χραῖσμε
409 2985 555 3064 σιδηρείη·
580 2983 650 3065 πρὶν
664 2986 722 3066 γὰρ
737 2986 909 3068 Λυκόοργος
923 2984 1062 3067 ὑποφθὰς

264 3091 346 3171 δουρὶ
360 3087 457 3170 μέσον
471 3089 649 3167 περόνησεν,
666 3087 683 3149 ό
698 3083 724 3151 δ’
739 3087 844 3155 θπτιος
859 3089 941 3153 οὔδει
955 3087 1087 3170 ἐρείσθη·
1162 3113 1207 3163 ¹4⁵

263 3193 372 3276 τεύχεα
387 3189 411 3255 δ’
428 3187 588 3270 ἐξενάριξε,
605 3187 643 3253 τά
657 3191 686 3253 οἱ
701 3191 776 3273 πόρε
790 3191 923 3275 χάλκεος
933 3191 1036 3272 Ἀρης.

266 3297 314 3360 καὶ
329 3299 366 3359 τά
380 3295 436 3374 μέν
451 3292 538 3359 αὐτὸς
554 3293 658 3358 ἔπειτα
674 3295 762 3376 φόρει
776 3295 852 3374 μετὰ
866 3301 969 3376 μῶλον
981 3293 1102 3375 Ἀρηος·

265 3398 357 3480 αὐτὰρ
372 3397 438 3462 ἐπεὶ
452 3397 623 3480 Λυκόοργος
639 3398 684 3460 ἐνὶ
698 3397 877 3481 μεγάροισιν
892 3395 995 3479 ἐγήρα,

265 3509 340 3567 δῶκε
356 3501 380 3566 δ’
395 3496 611 3583 Ἐρευθαλίωνι
627 3500 709 3586 φίλῳ
725 3500 886 3584 θεράποντι
900 3495 1040 3582 φορῆναι·

265 3611 317 3669 τοῦ
332 3606 350 3669 ὅ
364 3630 400 3687 γε
415 3601 512 3688 τεύχε’
528 3603 608 3686 ἔχων
623 3606 820 3686 προκαλίζετο
835 3598 949 3674 πάντας
964 3604 1123 3685 ἀρίστους,
1160 3629 1209 3680 150

266 3711 296 3772 οἱ
312 3710 345 3772 δέ
358 3703 431 3787 μάλ’
446 3705 589 3790 ἐτρόμεον
604 3707 653 3773 καὶ
667 3708 829 3784 ἐδείδισαν,
845 3705 913 3772 οθδέ
927 3730 972 3774 τις
987 3707 1070 3784 ἔτλη·
1132 3731 1136 3738 ’
