2848 4296
251 348 315 424 462
573 364 623 430 23.
647 350 817 409 ΙΛΙΑΔΟΣ
839 351 877 410 Ψ.

251 520 334 582 τοίου
348 520 406 602 γδρ
423 517 509 585 κλέος
525 518 639 583 ἐσθλὸν
655 519 819 584 ἀπύλεσαν
833 489 982 603 ἡνιόχοιο,
1154 532 1200 580 280

250 623 349 703 ἠπίου,
366 623 400 688 ὅς
415 629 518 704 σφωϊν
531 621 615 702 μάλα
629 622 779 691 πολλάκις
793 625 885 707 ἀγρὸν
900 624 1005 687 έλαιου

251 725 385 810 χαιτάων
400 725 551 808 κατέχευε,
566 725 702 792 λοέσσας
715 728 801 790 ύδατι
815 727 924 812 λευκῷ.

250 831 303 893 τδν
318 831 357 893 τιί
373 830 401 912 γ’
419 829 562 895 ἑσταότες
576 832 759 906 πενθείετον,
776 830 857 894 ούδεῖ
871 829 905 894 δέ
920 837 980 912 σφι

250 939 354 1016 χαῖται
369 931 553 1014 ἐρηρέδαται,
568 933 609 996 τῶ
625 932 650 999 δ’
667 933 798 998 ἕστατον
815 932 971 1017 ἀχνυμένω
985 935 1048 1015 κῆρ.

251 1038 343 1100 ἄλλοι
357 1039 391 1100 δέ
406 1035 577 1100 στέλλεσθε
593 1039 668 1099 κατὰ
683 1039 823 1118 στρατόν,
839 1039 873 1104 ός
886 1062 932 1103 τις
946 1036 1083 1119 Ἀχαιῶν
1151 1047 1197 1106 ²8⁵

251 1141 392 1205 ἵπποισίν
406 1165 440 1204 τε
454 1137 587 1204 πέποιθε
596 1138 645 1203 καὶ
659 1139 772 1221 άρμασι
788 1138 1013 1220 κολλητοῖσιν.”

287 1243 350 1310 Ὣς
366 1242 447 1325 φάτο
462 1241 625 1322 Πηλείδης,
640 1243 749 1327 ταχέες
763 1241 790 1308 δ’
807 1247 916 1323 ἱππῆες
931 1244 1069 1326 ἄγερθεν.

251 1346 329 1429 ὦρτο
343 1347 422 1411 πολὺ
437 1352 556 1427 πρῶτος
568 1348 625 1428 μὲν
640 1346 718 1426 ἄναξ
731 1349 847 1430 ἀνδρῶν
861 1347 1011 1429 Εὔμηλος,

250 1450 401 1530 Ἀδμήτου
415 1452 509 1533 φίλος
523 1453 604 1526 υἱός,
613 1450 645 1518 δς
661 1452 814 1538 ἱπποσύνῃ
827 1450 982 1515 ἐκέκαστο·

251 1557 291 1640 τῷ
307 1555 331 1619 δ’
348 1554 399 1620 ἐπὶ
412 1554 556 1634 Τυδείδης
571 1553 649 1636 ὦρτο
663 1555 805 1637 κρατερὸς
821 1553 984 1635 Διομήδης,
1149 1578 1199 1628 ²90

251 1661 361 1724 ἵππους
375 1662 409 1723 δὲ
422 1659 544 1739 Τρωοδς
558 1660 656 1741 ὕπαγε
672 1656 768 1742 ζυγόν,
785 1661 836 1726 ούς
851 1657 920 1722 ποτ’
935 1658 1054 1738 ἀπηύρα

253 1763 386 1839 Αίνείαν,
402 1763 477 1844 ἀτὰρ
493 1763 583 1826 αύτδν
598 1761 813 1842 ὑπεξεσάωσεν
826 1761 1000 1826 Ἀπόλλων.

251 1864 292 1946 τφ
308 1861 333 1925 δ’
349 1861 394 1944 ἀρ’
412 1861 458 1926 ἐπ’
475 1861 630 1944 Ἀτρείδης
646 1861 724 1945 ὦρτο
739 1861 847 1943 ξανθὸς
866 1860 1025 1928 Μενέλαος

252 1963 398 2048 διογενής,
411 1965 469 2029 ύπδ
484 1967 518 2030 δὲ
534 1965 622 2048 ζυγὸν
639 1964 754 2050 ἤγαγεν
769 1965 863 2031 ιἰκέας
878 1967 997 2042 ἵππους,

252 2071 349 2147 Αἵθηυ
363 2068 418 2148 τὴν
431 2067 683 2152 ἈγαμεμνονέηνΙ
692 2068 745 2134 τὸν
761 2069 812 2134 ἑόν
827 2093 859 2134 τε
875 2067 1045 2148 Πόδαργον·
1148 2089 1196 2141 ²9⁵

251 2171 306 2250 τὴν
322 2169 606 2254 Ἀγαμέμνονιδῶά
622 2170 824 2254 Ἀγχισιάδης
838 2169 1015 2254 Ἐχέπωλος

251 2272 327 2357 δῶρ’,
343 2278 394 2340 ἵνα
407 2273 448 2354 μή
463 2277 492 2339 οἵ
508 2274 603 2338 ἕποιθ’
618 2275 678 2339 ύπδ
689 2274 787 2340 Ἴλιον
801 2274 1000 2354 ἠνεμόεσσαν,

252 2377 321 2442 ἀλλ’
337 2377 428 2441 αὐτοῦ
442 2377 579 2460 τέρποιτο
593 2377 697 2456 μένων·
720 2376 799 2460 μέγα
812 2375 871 2459 γάρ
889 2378 918 2439 οἵ
934 2375 1026 2440 ἔδωκε

252 2480 326 2546 Ζεὺς
341 2480 463 2561 άφενος,
480 2486 563 2546 ναῖεν
578 2480 602 2544 δ’
620 2482 638 2543 ά
651 2478 679 2563 γ’
697 2482 730 2544 ἐν
745 2480 894 2564 εύρυχάρμ
910 2483 1047 2542 Σικυῶνι·

251 2584 306 2662 τὴν
321 2585 339 2646 ό
353 2583 380 2666 γ’
397 2583 456 2647 ύπδ
473 2583 563 2667 ζυγὸν
576 2583 640 2667 ἥγε,
654 2582 731 2667 μέγα
745 2584 857 2665 δρόμου
872 2584 1076 2665 ἰσχανόωσαν.
1145 2605 1196 2655 300

250 2686 428 2770 Ἀντίλοχος
443 2690 476 2752 δὲ
491 2684 631 2769 τέταρτος
646 2684 784 2769 έθτριχας
802 2685 951 2750 ὁπλίσαθ’
968 2688 1088 2755 ἵππους,

251 2790 405 2873 Νέστορος
419 2790 533 2874 ἀγλαδς
547 2791 611 2857 υἵδς
625 2791 805 2872 ὑπερθύμοιο
820 2789 956 2865 ἄνακτος,

251 2899 303 2957 τοῦ
318 2893 506 2975 Νηληϊάδαο·
529 2892 729 2976 Πυλοιγενέες
744 2892 778 2957 δέ
792 2895 823 2956 οἵ
838 2895 926 2958 ἵπποι

251 2998 403 3066 ὠκύποδες
418 2996 515 3079 φέρον
528 2996 617 3079 ἵρμα·
640 2997 738 3079 πατὴρ
752 2995 785 3060 δέ
799 3000 828 3060 οἵ
842 2997 917 3080 ἄγχι
931 2999 1088 3078 παραστάς

250 3099 363 3179 μυθεῖτ’
380 3104 423 3168 εἵς
439 3101 537 3184 ἀγαθά
553 3099 691 3182 φρονέων
705 3099 822 3166 νοέοντι
838 3101 888 3164 καὶ
903 3100 991 3184 αὐτῷ·
1146 3129 1194 3178 305

251 3211 267 3238 “
281 3203 445 3287 Ἀντίλοχ’,
462 3204 481 3284 ἦ
496 3229 543 3268 τοι
557 3201 614 3283 μέν
629 3229 666 3267 σε
682 3201 751 3268 νέαν
766 3229 823 3285 περ
839 3202 917 3270 ἐόντ’
933 3205 1088 3285 ἐφίλησαν

251 3307 326 3374 Ζεύς
340 3332 374 3372 τε
389 3306 569 3373 Ποσειδάων
583 3332 626 3382 τε,
642 3307 691 3371 καὶ
707 3307 876 3374 ἱπποσύνας
891 3305 1031 3386 ἐδίδαξαν

250 3412 403 3476 παντοίας·
422 3411 461 3496 τῷ
479 3411 529 3474 καί
543 3436 581 3474 σε
596 3409 776 3489 διδασκέμεν
790 3410 826 3474 ού
843 3436 872 3474 τι
886 3409 969 3489 μάλα
983 3413 1073 3493 χρεό·

251 3514 341 3577 οἶσθα
355 3512 413 3596 γάρ
430 3514 462 3578 εύ
476 3515 545 3597 περὶ
561 3513 681 3596 τέρμαθ’
698 3512 873 3594 ἑλισσέμεν·
897 3511 980 3576 ἀλλά
994 3539 1040 3577 τοι
1056 3516 1145 3580 ἵπποι

249 3618 412 3700 βάρδιστοι
427 3619 529 3682 θείειν·
552 3620 592 3703 οφ
608 3617 633 3681 τ’
647 3620 700 3683 οἵω
715 3615 808 3701 λοίγι’
824 3617 961 3682 έσεσθαι.
1147 3645 1198 3694 ³¹⁰

250 3717 348 3788 τῶνδ’
366 3722 455 3786 ἵπποι
469 3721 526 3800 μὲν
542 3722 631 3787 έασιν
646 3720 819 3804 ἀφάρτεροι,
836 3720 904 3786 οὐδὲ
917 3721 974 3801 μὲν
989 3719 1073 3784 αὐτοὶ
