2792 4232
485 385 533 443 14.
558 364 727 427 ΙΛΙΑΔΟΣ
751 367 789 428 Ξ.
1053 384 1114 448 279

175 535 322 620 κρηδέμνῳ
338 533 364 599 δ’
378 534 530 616 Ιἐφύπερθε
547 534 705 615 καλύψατο
721 539 769 597 δῖα
788 533 885 598 θεάιον

175 642 252 724 καλῷ
269 637 413 723 νηγατέῳ·
437 638 545 702 λευκὸν
559 638 585 701 δ’
601 637 637 717 ῆν
653 636 755 715 ἠέλιος
770 638 819 702 ὥς·
1066 646 1112 711 185

174 745 266 807 ποσσὶ
282 741 309 807 δ’
324 742 381 806 ὑπὸ
391 729 571 822 ’λιπαροῖσιν
586 739 716 819 ἐδήσατο
733 743 811 804 καλά
827 740 945 804 πέδιλα.

175 842 264 922 αάτάρ
280 843 346 908 ἐπεὶ
360 844 396 923 δὴ
412 842 510 908 πάντα
525 835 593 925 περὶ
608 842 679 926 χροῒ
694 841 805 923 θήκατο
822 844 944 922 κόσμον,

175 950 215 1024 βῆ
227 947 259 1030 ῥ’
276 949 343 1026 ἴμεν
358 947 391 1011 ἑκ
407 942 565 1024 θαλάμοιο,
583 942 795 1023 καλεσσαμένη
812 940 840 1007 δ’
855 942 1040 1023 Ἀφροδίτην·

176 1053 232 1112 τῶν
247 1049 352 1110 ἄλλων
367 1046 516 1112 ἀπάνευθε
530 1051 608 1110 θεῶν
622 1046 695 1126 πρὸς
712 1050 807 1124 μῦθον
824 1046 916 1109 έειπε·

177 1150 221 1229 “ῆ
234 1150 273 1233 ῥά
288 1152 323 1214 νύ
338 1153 392 1231 μοί
404 1177 433 1214 τι
448 1152 558 1226 πίθοιο,
575 1151 670 1230 φίλον
685 1148 779 1224 τέκος,
796 1150 860 1211 όττι
875 1174 926 1212 κεν
941 1151 1024 1223 εἴπω,
1066 1175 1112 1226 190

178 1252 208 1332 ῆέ
223 1280 274 1318 κεν
290 1254 444 1336 ἀρνήσαιο,
461 1252 668 1332 κοτεσσαμένη
683 1253 719 1314 τό
732 1277 769 1334 γε
784 1252 876 1335 θυμῷ,

176 1357 267 1421 οὕνεκ’
284 1358 343 1439 ἐγὼ
360 1361 518 1434 Δαναοῖσι,
534 1355 573 1418 σὺ
586 1358 620 1420 δὲ
633 1355 794 1435 Τρώεσσιν
809 1354 928 1436 ἀρήγεις
939 1352 975 1430 ,·”

215 1461 280 1539 Τήν
295 1459 321 1524 δ’
337 1457 472 1539 ἠμείβετ’
494 1460 599 1523 ἔπειτα
614 1459 689 1524 Διὸς
704 1457 835 1540 θυγάτηρ
848 1458 1025 1538 Ἀφροδίτη·

176 1563 292 1645 “Ἧρη,
309 1562 432 1643 πρέσβα
445 1560 509 1633 θεά,
528 1561 654 1643 θύγατερ
666 1559 813 1642 μεγάλοιο
830 1561 966 1640 Κρόνοιο,

176 1668 248 1730 αὔδα
265 1668 283 1731 ὅ
298 1692 328 1730 τι
342 1664 490 1746 φρονέεις·
513 1664 639 1728 τελέσαι
653 1664 686 1728 δέ
700 1689 738 1744 με
753 1662 844 1742 θυμὸς
859 1665 983 1746 άνωγεν,
1069 1689 1112 1740 ¹95

175 1773 201 1834 εί
216 1770 342 1849 δύναμαι
356 1767 481 1832 τελέσαι
495 1794 532 1850 γε
547 1768 596 1831 καὶ
612 1769 638 1832 εί
653 1766 870 1846 τετελεσμένον
885 1765 998 1832 ἐστίν.”

215 1873 280 1951 Τῆν
295 1873 328 1935 δὲ
343 1869 589 1951 δολοφρονέουσα
603 1871 759 1950 προσηύδα
773 1871 880 1934 πότνια
891 1870 983 1950 Ἥρη·

175 1984 193 2012 “
203 1975 254 2041 δδς
269 1980 321 2039 νῦν
335 1999 387 2051 μοι
402 1974 553 2053 φιλότητα
569 1973 617 2036 καὶ
633 1974 743 2052 ίμερον,
760 1971 782 2054 ᾧ
798 1997 831 2036 τε
846 1972 886 2035 σὺ
900 1972 1014 2037 πάντας

174 2079 269 2162 δαμνᾷ
286 2076 451 2141 ἀθανάτους
459 2077 518 2154 ήδὲ
533 2075 657 2154 θνητοὺς
673 2076 854 2155 ἀνθρώπους.

175 2183 235 2262 εἶμι
249 2181 307 2264 γὰρ
322 2179 459 2260 ὀψομένη
475 2180 675 2258 πολυφόρβου
690 2178 816 2257 πείρατα
832 2179 930 2260 γαίης,
1066 2204 1114 2239 200

174 2282 322 2348 Ὠκεανόν
338 2307 380 2354 τε,
395 2286 472 2346 θεῶν
488 2286 620 2363 γένεσιν,
638 2282 687 2344 καὶ
704 2281 817 2362 μητέρα
830 2280 943 2358 Τηθύν,

173 2376 204 2440 οί
214 2400 252 2454 με
268 2381 380 2459 σφοῖσι
397 2379 536 2458 δόμοισιν
550 2380 583 2445 έύ
599 2382 712 2463 τρέφον
727 2379 773 2462 ἠδ’
791 2384 964 2460 ἀτίταλλον,

174 2477 330 2559 δεξάμενοι
344 2478 450 2556 Ῥείας,
466 2481 517 2544 ὅτε
531 2504 565 2548 τε
581 2481 696 2562 Κρόνον
712 2481 841 2562 εὐρύοπα
858 2483 933 2548 Ζεὺς

173 2583 261 2662 γαίης
276 2580 362 2662 νέρθε
379 2586 502 2652 καθεῖσε
516 2584 565 2646 καὶ
583 2583 754 2666 ἀτρυγέτοιο
770 2585 939 2664 θαλάσσης·

172 2682 240 2749 τοὺς
256 2683 313 2762 εῒμ”
328 2683 475 2764 ὀψομένη,
493 2687 543 2750 καί
558 2684 611 2766 σφ’
628 2687 734 2768 ἄκριτα
749 2689 848 2751 νείκεα
861 2688 957 2751 λύσω·
1067 2717 1113 2766 205

171 2783 226 2864 ήδη
243 2789 301 2868 γδρ
317 2786 407 2868 δηρὸν
421 2789 533 2870 χρόνον
548 2787 694 2867 ἀλλήλων
710 2789 874 2873 ἀπέχονται

173 2886 258 2965 εὐνῆς
273 2889 323 2951 καὶ
339 2892 512 2968 φιλότητος,
529 2892 595 2957 ἐπεὶ
609 2893 704 2974 χόλος
721 2893 834 2970 ἔμπεσε
849 2895 940 2976 θυμῷ.

172 2991 199 3051 εί
214 2991 300 3054 κείνω
315 2991 344 3073 γ’
360 2991 488 3057 ε’πέεσσι
503 2999 765 3076 παραιπεπιθοῦσα
780 2997 874 3076 φίλον
888 2999 944 3078 κῆρ
984 3000 986 3004 ’

172 3093 215 3157 είς
229 3094 318 3172 εὐνῆν
334 3094 475 3177 ἀνέσαιμι
490 3099 641 3175 ὁμωθῆναι
655 3099 806 3178 φιλότητι,

172 3196 233 3258 αίεί
246 3195 280 3259 κέ
295 3204 354 3278 σφι
370 3199 446 3279 φίλη
463 3224 496 3262 τε
512 3200 560 3265 καὶ
575 3201 672 3280 αἰδοίη
689 3199 881 3279 καλεοίμην.”
1064 3231 1110 3268 210

214 3298 277 3377 Τῆν
292 3299 317 3362 δ’
335 3300 405 3368 αὖτε
421 3300 585 3381 προσέειπε
603 3303 805 3382 φιλομμειδὴς
819 3304 994 3386 Ἀφροδίτη·

172 3405 190 3432 “
202 3400 251 3463 οὐκ
268 3401 330 3464 ἔστ’
348 3403 414 3466 οὐδὲ
432 3404 510 3468 ἔοικε
526 3403 593 3470 τεὸν
609 3406 681 3471 ἔπος
696 3404 896 3487 ἀρνήσασθαι·

168 3504 267 3579 Ζηνὸς
281 3506 340 3587 γὰρ
355 3511 408 3569 τοῦ
424 3507 549 3588 ἀρίστου
565 3510 598 3572 ἐν
613 3508 790 3594 ἀγκοίνῃσιν
806 3509 928 3578 ίαύεις.”

203 3601 255 3682 Ἠ,
270 3609 318 3672 καὶ
334 3608 394 3672 ἀπὸ
411 3607 582 3690 στήθεσφιν
597 3612 728 3674 ἐλύσατο
744 3612 852 3675 κεστὸν
868 3614 976 3694 ἱμάντα

166 3711 316 3787 ποικίλον,
334 3710 407 3774 ἔνθα
422 3711 454 3776 τέ
470 3716 499 3776 οί
515 3713 676 3793 θελκτήρια
691 3713 789 3779 πάντα
804 3716 934 3780 τέτυκτο·
1063 3742 1110 3791 2¹⁵
