2908 4232
325 316 388 397 548
622 333 651 399 3.
675 317 909 379 ολνςςπικν
941 315 973 378 τ.

323 485 346 551 ἀι
363 485 483 568 Νέστορ
498 485 666 566 Νηληϊάδη,
684 488 723 550 σὺ
738 485 768 551 δῖ’
780 487 891 566 ἀληθὲς
907 487 1042 553 ἐνίσπες·

324 598 388 658 πῶς
404 589 484 655 έθανξ
497 588 651 668 Ἀτρείδης
667 590 840 672 εάρνκρείων
856 590 1053 672 Ἀγαμέμνων
1063 615 1080 663 ,··

324 699 383 758 ποῖ
400 693 558 759 Μενέλαος
575 695 650 772 έην,·
674 694 739 757 τίνα
755 692 781 758 δ’
798 694 875 778 αι’σῷ
889 691 998 773 μήσατ’
1016 696 1145 773 ὄλεθρον

324 800 470 880 Αἴγισθος
486 798 655 878 δολόμητις,
673 798 737 860 ἐπεὶ
754 797 842 861 κτάνε
859 798 977 861 πολλὸν
994 798 1089 879 ἀρείω
1099 823 1110 871 ,·
1228 825 1276 873 250

325 901 414 980 ήοάκ.
424 901 551 982 Ἀργεος
567 900 620 979 ήεν
634 900 790 981 Ἀχαϊκοῦ,
807 900 891 964 ἀλλά·
905 927 946 987 πη
962 901 1043 986 ἀλλῃ

325 1004 446 1081 πλάζετ’
464 1003 511 1068 ἐπ’
528 1005 713 1085 ἀνθρώπους,
731 1006 747 1066 ό
762 1008 797 1068 δὲ
811 1003 966 1086 θαρσήσας
982 1003 1153 1084 κατέπεφνε
1167 1000 1208 1076 ‚··”

367 1113 429 1174 Τὸν
445 1107 470 1172 δ’
487 1107 623 1188 ἠμείβετ’
641 1109 746 1172 ἔπειτα
761 1107 900 1189 Γερήνιος
917 1109 1030 1172 ἱππότα
1045 1108 1183 1189 Νέστωρ*

325 1217 346 1248 “
355 1215 460 1294 τοιγὰρ
476 1211 534 1294 ἐγό
550 1235 605 1290 τοι,
621 1211 735 1289 τέκνον,
752 1211 868 1290 ἀληθέα
883 1210 969 1275 πάντ’
985 1213 1151 1293 ἀγορεύσω,

326 1315 345 1395 ἦ
360 1342 407 1379 τοι
421 1318 477 1395 μὲν
492 1316 561 1379 τόδε
575 1315 682 1381 καύτὸς
698 1313 783 1394 ὀίεαι,
800 1316 839 1381 ὥς
856 1341 906 1379 κεν
921 1315 1048 1399 ἐτύχθη,
1228 1343 1275 1392 255

325 1422 352 1483 εἰ
371 1419 445 1496 ζωόν
461 1417 488 1501 γ’
507 1423 656 1499 Αἴγισθον
675 1418 718 1482 ἐνὶ
732 1418 910 1501 μεγάροισιν
926 1420 1053 1497 ἔτετμεν

324 1520 479 1604 Ἀτρείδης
494 1523 644 1603 Τροίηθεν
657 1523 717 1597 ίόν,
734 1519 842 1600 ξανθὸς
858 1522 1027 1588 Μενέλαος·

327 1626 368 1709 τῷ
384 1624 418 1689 κέ
432 1627 461 1689 οἱ
477 1625 544 1689 οὐδὲ
560 1626 679 1690 θανόντι
694 1626 788 1709 χυτὴν
804 1626 853 1689 ἐπὶ
869 1630 958 1707 γαῖαν
974 1626 1093 1708 ἔχευαν,

326 1726 396 1791 ἀλλ’
413 1729 470 1811 ἀρα
485 1731 539 1792 τόν
553 1754 589 1811 γε
605 1728 689 1794 κάνες
704 1753 737 1792 τε
753 1727 802 1793 καὶ
818 1730 918 1792 οἰωνοὶ
934 1729 1108 1810 κατέδαψαν

325 1832 462 1912 κείμενον
478 1833 511 1894 ἐν
526 1832 619 1916 πεδίῳ
635 1835 704 1897 έκάς
716 1830 853 1914 Ἀργεος,
870 1829 938 1896 αιίδέ
954 1830 986 1894 κέ
1000 1830 1046 1896 τίς
1060 1856 1119 1911 μιν
1228 1843 1276 1892 260

329 1939 462 1999 κλαῦσεν
472 1933 665 2020 Ἀχαιϊάδων·
686 1933 769 2015 μάλα
787 1934 842 2017 γὰρ
856 1933 932 2015 μέγα
945 1932 1064 2013 μήσατο
1082 1933 1177 2016 έργανι

326 2038 412 2117 ήμεῖς
426 2041 481 2120 μὲν
497 2038 553 2121 γὰρ
571 2043 646 2102 κεῖθι
658 2037 772 2104 πολέας
787 2038 940 2104 τελέοντες
956 2037 1083 2104 ἀέθλους

328 2140 425 2222 ἥμεθ’·
450 2144 466 2204 ὁ
482 2141 506 2206 δ’
523 2141 648 2219 εὔκηλος
662 2143 751 2226 μυχῷ
762 2143 889 2224 Ἀργεος
906 2143 1087 2217 ἱπποβότοιο

327 2244 419 2309 πόλλ’
432 2244 678 2327 Ἀγαμεμνονέην
693 2249 810 2326 ἄλοχον
825 2244 967 2327 θέλγεσκ’
984 2245 1138 2309 ἐπέεσσιν

326 2348 344 2428 ἡ
362 2347 387 2413 δ’
404 2348 422 2427 ή
437 2349 532 2412 τοιτδ
548 2347 617 2429 πρὶν
631 2351 688 2429 μὲν
704 2350 841 2413 ἀναίνετο
858 2349 951 2431 ἔργον
962 2347 1065 2425 ἀεικές,
1230 2363 1275 2426 2⁶5

329 2457 377 2515 δῖα
395 2452 655 2533 Κλυταιμνήστρη·
679 2454 778 2533 φρεσὶ,
787 2456 845 2535 γὰρ
861 2452 979 2535 κέχρητ’
997 2452 1137 2539 ἀγαθῇσι.

328 2554 388 2636 πὰρ
405 2555 430 2618 δ’
446 2555 492 2638 ἀρ’
510 2557 562 2635 έην
579 2556 630 2619 καί
643 2557 745 2623 ἀοιδὸς
760 2556 845 2638 ἀνήρ,
862 2553 885 2642 ᾧ
901 2555 992 2619 πόλλ’
1010 2556 1175 2622 ἐπέτελλεν

326 2657 481 2740 Ἀτρείδης
495 2661 639 2741 Τροίηνδε
657 2661 729 2724 κιὼν
743 2662 878 2740 είροσθαι
892 2658 1017 2724 ἀκοιτιν.

329 2762 398 2827 ἀλλ’
413 2764 466 2827 ὅτε
481 2762 518 2842 δή
531 2788 590 2844 μιν
598 2769 689 2845 μοῖρα
704 2761 927 2841 θεῶνέπέδησε
942 2767 1080 2845 δαμῆναι,

329 2868 363 2945 δὴ
379 2867 448 2931 τότε
463 2873 515 2932 τὸν
529 2861 586 2949 μέν
604 2868 707 2932 ἀοιδδν
722 2867 803 2949 ἀγων
819 2853 849 2933 ἐς
865 2872 959 2946 νῆσον
975 2867 1086 2950 ἐρήμην
1209 2871 1215 2901 ”
1227 2892 1276 2944 ²70

330 2970 480 3035 κάλλιπεν
492 2973 645 3034 οἰωνοῖσιν
661 2971 739 3051 έλωρ
755 2968 804 3034 καὶ
819 2970 913 3053 κόρμα
929 2972 1087 3054 γενέσθαι,
1201 3004 1205 3012 ’

328 3075 383 3152 τὴν
398 3072 423 3137 δ’
441 3073 554 3138 ἐθέλων
571 3073 738 3139 ἐθέλουσαν
757 3072 908 3157 ἀνήγαγεν
923 3078 991 3141 ὅνδε
1007 3076 1139 3155 δόμονδε.
1240 3129 1244 3137 .

328 3176 433 3241 πολλὰ
449 3178 481 3240 δὲ
496 3176 580 3258 μηρί’
598 3179 667 3256 έκηε
682 3183 758 3241 θεῶν
775 3179 865 3260 ἱεροῖς
881 3177 930 3244 ἐπὶ
945 3183 1071 3258 βωμοῖς,

328 3284 431 3345 πολλὰ
446 3281 472 3344 δ’·
488 3280 635 3361 ἀγάλματ’
652 3283 783 3363 ἀνῆψεν,
796 3281 962 3363 ὑφάσματά
977 3307 1010 3346 τε
1024 3283 1140 3364 χρυσόν
1155 3306 1197 3360 τε,

328 3384 491 3452 ἐκτελέσας
505 3385 583 3467 μέγα
599 3386 695 3467 ἔργον,
713 3384 729 3448 δ
746 3386 780 3449 οὔ
798 3371 871 3450 ποτε
886 3387 995 3450 έλπετο
1011 3385 1106 3470 θυμηῖ.Ι
1229 3412 1275 3462 ²75

328 3488 414 3568 ἡμεῖς
430 3492 485 3567 μὲν
501 3488 558 3571 γὰρ
574 3489 636 3568 άμα
651 3488 784 3569 πλέομεν
798 3491 945 3571 Τροίηθεν
960 3490 1067 3567 ἐόντες,

328 3591 482 3675 Ἀτρείδης
497 3594 546 3656 καὶ
562 3593 631 3676 ἐγώ,
645 3594 724 3675 φίλα
740 3592 851 3658 εἰδότες
868 3590 1061 3671 ἀλλήλοισιν·

329 3697 398 3761 ἀλλ’
415 3698 466 3761 ὅτε
482 3695 608 3762 Σούνιον
626 3699 689 3778 ἱρδν
705 3695 874 3778 ἀφικόμεθ’,
889 3694 982 3779 ἀκρον
997 3693 1159 3777 Ἀθηνέων,
