2908 4232
310 331 373 414 5⁶2
612 346 643 406 4.
666 331 900 392 ολτνναιιν
924 333 962 392 Δ.

311 505 396 563 κλαῖε
411 502 468 580 μὲν
481 496 601 581 Ἀργείη
615 495 737 577 Ἑλένη,
753 505 826 566 Διὸς
842 503 1009 581 ἐκγεγαυῖα,

310 609 396 666 κλαῖε
412 606 444 666 δὲ
460 602 641 687 Τηλέμαχός
656 629 689 668 τε
705 601 753 667 καὶ
768 601 921 685 Ἀτρείδης
937 601 1105 678 Μενέλαος,
1208 615 1255 678 185

309 704 370 771 οὐδ’
386 706 443 788 ἀρα
458 705 610 790 Νέστορος
624 710 688 774 υῖδς
704 708 856 788 ἀδακρύτω
871 708 942 790 ἔχεν
958 708 1044 770 ὄσσε·

307 808 444 889 μνήσατο
458 809 516 892 γὰρ
532 810 606 874 κατὰ
622 810 714 890 θυμὸν
730 810 877 891 ἀμύμονος
893 808 1094 892 Ἀντιλόχοιο,

308 913 361 976 τόν
376 911 406 996 ῥ’
421 911 513 980 Ἠαΰς
529 915 640 978 ἔκτεινε
656 916 783 996 φαεινῆς
802 915 915 996 ἀγλαδς
931 915 1004 979 υἱός.

303 1021 361 1079 ’ταῶ
376 1015 436 1097 ὅγ’
453 1015 644 1096 ἐπιμνησθεὶς
661 1017 735 1082 έπεα
752 1014 901 1098 πτερόεντ’
917 1018 1069 1099 ἀγόρευεν·

351 1125 367 1152 “
377 1118 525 1202 Ἀτρείδη,
538 1119 605 1202 περὶ
621 1120 675 1201 μέν
691 1147 728 1183 σε
742 1125 863 1201 βροτῶν
878 1119 1066 1198 πεπνυμένον
1082 1119 1160 1184 εῖναι
1205 1147 1255 1201 190

309 1222 435 1305 Νέστωρ
447 1224 545 1308 φάσχ’
560 1225 576 1286 ὁ
591 1224 696 1306 γέρων,
712 1222 755 1287 ὅτ’
771 1226 1012 1303 ἐπιμνησαίμεθα
1027 1230 1093 1288 σεῖο

309 1328 391 1390 αῖσιν
407 1328 450 1391 ἑνὶ
465 1327 632 1412 μεγάροισι,
650 1325 697 1392 καί
714 1326 865 1405 ἀλλήλους
882 1326 1024 1409 ε’ρέοιμεν,

309 1428 357 1493 καὶ
373 1437 437 1509 νῶν,
452 1433 480 1495 εί
492 1433 522 1495 τί
536 1457 595 1496 που
610 1433 687 1508 ἔστι,
703 1431 806 1494 πίθοιό
817 1449 879 1511 μοι·
911 1431 945 1493 οὐ
961 1434 1020 1513 γδρ
1042 1431 1100 1514 ἐγώ
1116 1455 1152 1513 γε

308 1533 430 1615 τέρπομ’
446 1536 625 1617 ὀδυρόμενος
639 1535 846 1616 μεταδόρπιος,
864 1537 946 1598 ἀλλά
961 1533 1009 1598 καὶ
1024 1532 1105 1600 Ἠῶς

310 1639 435 1701 ἔσσεται
446 1638 606 1721 ἠριγένεια·
641 1638 836 1717 νεμεσσῶμαί
848 1665 884 1720 γε
899 1641 955 1718 μὲν
970 1638 1055 1702 οὐδὲν
1183 1679 1187 1686 -
1209 1666 1255 1718 ¹9⁵

310 1743 425 1806 κλαίειν
440 1740 473 1808 ός
490 1769 523 1807 κε
536 1741 647 1829 θάνῃσι
663 1748 784 1823 βροτῶν
800 1743 848 1806 καὶ
863 1743 978 1821 πότμον
993 1743 1116 1828 ἐπίσπῃ.

309 1846 398 1908 τοῦτό
412 1871 447 1911 νυ
463 1844 511 1909 καὶ
527 1847 615 1929 γέρας
630 1847 695 1911 οἶον
709 1847 853 1926 ὀϊζυροῖσι
867 1850 1018 1926 βροτοῖσι,

310 1950 468 2030 κείρασθαί
480 1975 513 2014 τε
528 1950 623 2029 κόμην
637 1951 765 2030 βαλέειν
779 1947 803 2012 τ’
820 1951 879 2013 ἀπὸ
897 1947 987 2029 δάκρυ
1002 1955 1140 2030 παρειῶν.

310 2051 431 2135 καὶγὰρ
447 2053 517 2135 ε’μδς
533 2053 674 2134 τέθνηκεν
690 2055 848 2134 ἀδελφεός,
864 2054 941 2116 οὔτι
959 2054 1100 2120 κάκιστος

308 2153 461 2238 Ἀργείων·
491 2156 616 2236 μέλλεις
632 2161 664 2221 δὲ
682 2157 719 2220 σὺ
734 2157 859 2237 ἴδμεναι·
890 2158 924 2221 οὗ
939 2157 997 2240 γάρ
1013 2159 1071 2241 έγῶ
1087 2183 1123 2240 γε
1207 2185 1255 2221 τοο

309 2258 414 2338 ἤντησ’
432 2261 497 2324 οὐδὲ
513 2263 586 2324 ίδου·
616 2262 685 2342 περὶ
701 2259 725 2324 δ’
740 2261 844 2325 ἀλλων
858 2259 937 2341 φασὶ
952 2263 1095 2343 γενέσθαι

310 2362 500 2446 Ἀντίλοχον,
515 2364 584 2445 πέρι
598 2367 654 2444 μὲν
670 2366 762 2428 θείειν
777 2365 871 2447 ταχὺν
886 2363 939 2442 ἠδὲ
953 2362 1120 2447 μαχητήυ.”

353 2472 415 2531 Τὸν
431 2466 456 2531 δ’
472 2468 715 2548 ἀπαμειβόμενος
731 2468 871 2549 προσέφη
888 2465 997 2544 ξανθὸς
1013 2471 1182 2536 Μενέλαος·

311 2569 361 2634 “ῶ
377 2570 455 2651 φίλ’,
470 2569 534 2634 ἐπεὶ
550 2572 627 2634 τόσα
643 2572 725 2637 εἶπες
741 2570 788 2634 ἀν’
805 2571 842 2636 ἀν
858 2571 1042 2650 πεπνυμένος
1059 2573 1133 2654 ἀνὴρ

313 2678 392 2739 είποι
408 2671 456 2738 καί
470 2674 575 2757 ῥέξειε,
591 2677 639 2738 καὶ
655 2674 689 2741 δς
701 2674 935 2758 προγενέστερος
950 2677 1005 2752 είη·
1207 2703 1256 2752 ²05

312 2780 393 2842 τοίου
407 2777 464 2862 γάρ
481 2777 530 2842 καὶ
545 2779 665 2859 πατρός,
682 2777 698 2842 δ
715 2780 763 2842 καὶ
779 2777 953 2856 πεπνυμένα
968 2778 1081 2857 βάζεις.

310 2886 376 2965 ῥεῖα
392 2881 417 2946 δ’
434 2883 598 2965 ἀρίγνωτος
613 2885 702 2965 γόνος
718 2881 822 2963 ἀνέρος
837 2879 860 2965 ᾧ
876 2908 909 2946 τε
925 2883 1058 2964 Κρονίων

312 2989 411 3066 ὄλβον
427 2988 582 3072 ἐπικλώσῃ
597 2986 741 3066 γαμέοντί
753 3011 787 3049 τε
801 2984 962 3070 γεινομένῳ
981 3010 1022 3061 τε,

312 3090 352 3157 ῶς
368 3094 420 3154 νῦν
436 3092 568 3171 Νέστορι
587 3094 662 3153 δῶκε
678 3092 836 3170 διαμπερὲς
851 3087 949 3169 ἤματα
964 3089 1071 3167 πάντα,

311 3193 401 3257 αάτδν
415 3195 470 3272 μὲν
485 3199 619 3273 λιπαρῶς
634 3191 824 3275 γηρασκέμεν
843 3195 875 3257 ἐν
889 3193 1075 3274 μεγάροισιν,
1210 3223 1257 3258 ιτα

311 3298 392 3362 υἱέας
407 3297 444 3360 αδ
459 3297 597 3362 πινυτούς
612 3321 645 3360 τε
660 3297 709 3360 καὶ
725 3297 850 3378 έγχεσιυ
866 3297 942 3363 εἶναι
957 3297 1104 3376 ἀρίστους.

312 3400 397 3479 ἡμεῖς
413 3405 446 3464 δὲ
461 3405 614 3481 κλαυθμὸν
627 3401 683 3480 μὲν
699 3399 837 3479 ἐάσομεν,
855 3399 887 3466 ἀς
902 3401 973 3480 πρὶν
989 3400 1108 3481 ἐτάχθη,

313 3505 424 3584 δόρπου
440 3502 465 3567 δ’
482 3502 595 3582 ἐξαῦτις
612 3505 802 3585 μνησόμεθα,
817 3502 906 3587 χερσὶ
922 3501 947 3568 δ’
964 3502 1012 3584 ἐφ’
1028 3507 1106 3585 ὕδωρ

311 3609 472 3690 χευάντων.
516 3612 605 3687 μῦθοι
620 3611 654 3671 δὲ
669 3610 717 3672 καὶ
732 3607 827 3686 ἠῶθέν
842 3632 898 3688 περ
913 3609 1036 3672 ἔσονται

311 3712 482 3795 Τηλεμάχῳ
499 3711 548 3773 καὶ
564 3712 630 3790 ἐμοὶ
644 3711 816 3792 διαειπέμεν
832 3709 1047 3789 ἀλλήλοισιν.”
1210 3740 1256 3790 ²¹5
