2908 4232
400 364 465 433 504
720 365 770 425 24.
796 350 965 412 ΙΑΙΑΔΟΣ
988 350 1029 410 Ω.

396 522 426 582 οἰ
442 518 466 582 δ’
485 520 528 584 εἰς
543 519 619 582 ἀστυ
635 518 714 582 ἔλων
729 519 843 604 οἰμωγῇ
860 543 893 582 τε
908 520 1043 605 στοναχῇ
1060 543 1092 582 τε

395 623 512 698 ἵππους,
529 620 649 699 ἡμίονοι
664 622 697 684 δὲ
712 620 800 685 νέκυν
814 620 918 703 φέρον.
964 622 1033 686 ούδέ
1048 647 1092 688 τις
1107 621 1199 688 ἀλλος

396 727 473 808 ἔγνω
489 725 597 807 πρόσθ’
616 727 731 808 ἀνδρῶν
746 727 941 804 καλλιζώνων
955 752 988 792 τε
1002 733 1160 809 γυναικών,

396 829 467 892 ἀλλ’
484 829 541 910 ἀρα
557 828 750 911 Κασσάνδρη,
771 827 856 908 ἰκέλη
872 829 987 915 χρυσέη
1004 827 1177 916 Ἀφροδίτῃ,

395 931 558 1014 Πέργαμον
574 935 769 1013 εἰσαναβᾶσα
784 933 879 1012 φίλον
894 931 995 1014 πατέρ’
1012 934 1189 1013 εἰσενόησεν
1287 953 1295 1006 7

395 1034 513 1100 ἑσταότ’
531 1038 565 1101 ἔν
579 1037 685 1121 δίφριρ,
702 1034 813 1118 κήρυκά
828 1061 860 1100 τε
876 1035 1084 1116 ἀστυβοώτην·

395 1139 447 1204 τὸν
463 1137 487 1202 δ’
505 1136 550 1221 ἀρ’
567 1137 618 1220 ἐφ’
632 1138 765 1218 ἡμιόνων
779 1142 825 1204 ίδε
841 1139 977 1219 κείμενον
992 1141 1026 1202 έν
1040 1139 1195 1224 λεχέεσσι·
1234 1175 1235 1178 =

395 1242 529 1305 κώκυσέν
544 1239 570 1304 τ’
586 1239 632 1322 ἀρ’
647 1242 752 1307 ἔπειτα
765 1240 882 1325 γέγωνέ
896 1267 929 1306 τε
944 1246 1005 1306 πᾶν
1020 1241 1095 1305 κατὰ
1109 1242 1193 1305 άστν·

396 1353 415 1380 “
425 1347 551 1426 ὄψεσθε,
567 1350 668 1426 Τρῶες
683 1347 733 1409 καὶ
747 1344 896 1434 Τρῳάδες,
907 1343 1029 1427 Ἕκτορ’
1044 1347 1149 1422 ἰόντες,

395 1451 424 1512 εἰ
437 1474 510 1512 ποτε
525 1448 573 1512 καί
590 1448 694 1526 ζώοντι
708 1447 808 1530 μάχης
823 1449 857 1513 ἔκ
872 1447 1057 1528 νοστήσαντι

392 1548 516 1634 χαίρετ’,
534 1553 600 1616 ἔπεί
611 1550 689 1634 μέγα
703 1551 805 1633 χάρμα
820 1552 910 1616 πόλει
924 1550 951 1614 τ’
967 1551 1004 1631 ἦν
1018 1553 1110 1616 παντί
1124 1577 1157 1616 τε
1171 1548 1279 1634 δήμῳ.”

431 1652 494 1720 Ὣς
510 1653 606 1734 ἔφατ’,
623 1651 692 1718 ούδέ
708 1679 753 1720 τις
768 1653 869 1718 αύτόθ’
886 1656 930 1719 ἔνί
943 1656 1051 1719 πτόλεϊ
1066 1654 1165 1720 λίπετ’
1182 1654 1254 1740 ἀνὴρ

393 1757 462 1820 οὐδὲ
475 1755 559 1839 γυνή·
584 1755 697 1823 πάντας
711 1760 769 1840 γὰρ
785 1755 938 1840 ἀάσχετον
953 1761 1034 1822 ἵκετο
1050 1758 1169 1824 πένθος·

394 1861 490 1943 ἀγχοῦ
506 1857 730 1942 δὲξύμβληντο
746 1859 871 1926 πυλάων
887 1867 992 1944 νεκρὸν
1007 1862 1122 1945 άγοντι.

392 1969 506 2041 πρῶται
522 1963 574 2027 τόν
589 1961 617 2047 γ’
634 1964 749 2046 ἄλοχός
764 1989 797 2028 τε
812 1965 889 2045 φίλη
910 1965 958 2028 καὶ
974 1966 1084 2030 πότνια
1096 1963 1194 2046 μήτηρ

393 2066 569 2146 τιλλέσθην,
587 2067 633 2131 ἔπ’
650 2066 768 2148 ἀμαξαν
783 2066 930 2150 ἐύτροχον
946 2067 1079 2146 ἀΐξασαι,

392 2171 558 2250 ἁπτόμεναι
573 2175 724 2253 κεφολῆςῖ
742 2173 855 2236 κλαίων
870 2169 896 2236 δ’
912 2172 1078 2254 ἀμφίσταθ’
1095 2174 1210 2253 ὅμιλος.

393 2275 444 2338 καί
456 2274 491 2338 νύ
506 2301 538 2339 κε
555 2275 591 2354 δὴ
607 2275 728 2357 πρόπαν
743 2275 821 2358 ἦμαρ
836 2275 868 2343 ές
883 2274 988 2355 ἠέλιον
1002 2276 1169 2340 καταδύντα

387 2376 519 2459 Ἕκτορα
534 2376 624 2460 δάκρυ
639 2377 764 2460 χέοντες
779 2379 920 2461 ὀδύροντο
935 2385 993 2461 πρὸ
1009 2377 1142 2452 πυλάων,

392 2483 418 2546 εἰ
432 2481 473 2561 μὴ
490 2482 534 2564 ἀρ’
551 2479 584 2546 έκ
600 2482 721 2564 δίφροιο
736 2480 833 2565 γέρων
847 2487 953 2548 λαοῖσι
968 2483 1107 2564 μετηύδα·

393 2592 411 2620 “
423 2583 522 2662 εἴξατέ
532 2610 587 2665 Ιμοι
599 2585 723 2672 ὀύρεΰσι
740 2582 906 2666 διελθέμεν·
932 2585 1023 2668 αὐτὰρ
1043 2585 1147 2651 ἔπειτα

391 2689 506 2758 Ιἀσεσθε
522 2693 694 2768 κλαυθμοῖο,
711 2688 788 2770 ἔπὴν
804 2689 941 2773 ἀγάγωμι
957 2690 1109 2770 δόμονδε.”

429 2791 493 2859 Ὣς
509 2791 607 2874 ἔφαθ’,
625 2795 654 2856 οἰ
670 2795 703 2857 δὲ
719 2791 884 2874 διέστησαν
900 2794 949 2858 καί
966 2792 1050 2873 εἶξαν
1065 2792 1175 2881 ἀπήνῃ.

390 2898 419 2958 οἰ
434 2894 462 2958 δ’
479 2895 544 2960 ε’πεί
563 2895 728 2979 εἰσάγαγον
747 2895 840 2959 κλυτά
855 2897 984 2975 δώματα,
1002 2897 1055 2961 τὸν
1069 2898 1126 2977 μὲν
1140 2897 1252 2962 ἔπειτα

389 3003 508 3079 τρητοῖς
523 2995 557 3062 έν
572 2996 719 3084 λεχέεσσι
736 2995 839 3075 θέσαν,
857 3002 937 3081 παρὰ
953 2999 978 3062 δ’
995 3001 1083 3064 εἶσαν
1099 2999 1222 3066 ἀοιδοὺς

390 3097 507 3230 θρήνων
522 3101 675 3186 ἐξάρχους,
692 3106 723 3167 οί
736 3129 769 3168 τε
785 3104 976 3169 στονόεσσαν
993 3104 1098 3183 ἀοιδὴν

390 3206 419 3267 οἱ
433 3231 489 3285 μεν
505 3205 550 3287 ἀρ’
567 3204 718 3287 έθρηνεον,
732 3205 783 3270 ε’πί
798 3211 831 3271 δὲ
846 3206 1033 3290 στενάχοντο
1047 3210 1237 3288 γυναῖκες.’

389 3333 478 3394 τησιν
492 3307 519 3372 δ
535 3309 725 3394 Ἀνδρομάχη
744 3311 931 3376 λευκώλενος
947 3309 1078 3394 ἦρχε’
1038 3333 1133 3392 γοοιο,

385 3409 531 3493 Ἕκτορος
547 3413 746 3536 ἀνδροφόνοιρ
763 3410 836 3493 κάρη
851 3412 928 3492 μετὰ
942 3411 1051 3494 χερσὶν
1066 3411 1194 3538 ἔχουσα·

390 3515 526 3595 ίἀνερ,’
512 3539 554 3578 απ
554 3512 735 3582 ἀἰῶνος’
701 3541 769 3580 νεος
785 3516 873 3588 ὤλεο,
890 3518 946 3580 κδδ
960 3512 993 3578 δέ
1006 3540 1044 3594 με
1061 3539 1160 3641 χηρην

390 3617 534 3685 λείπεις’
520 3643 554 3681 εν
567 3616 736 3701 μεγάροισι·
760 3617 831 3685 πάϊς
845 3618 870 3681 δ’
888 3615 982 3681 ἔτι’
946 3641 1052 3696 νηπιος
1067 3617 1174 3690 οὕτως,

390 3721 425 3787 av
440 3720 565 3802 τέκομεν
580 3720 620 3785 σύ
634 3720 659 3784 τ’
675 3718 736 3804 ε’γώ
749 3746 782 3786 τε
797 3719 991 3803 δυσάμμοροι,
1007 3717 1076 3784 ούδέ
1089 3731 1142 3800 μιν
1157 3723 1217 3784 οἵω
