2788 4230
260 317 321 399 768
559 317 605 380 16.
629 319 861 381 ολτνναικν
892 322 932 381 11.

258 494 370 569 μοῦνον
386 489 431 570 ἔμ’
446 491 479 553 έν
493 487 653 572 μεγάροισι
668 491 762 556 τεκὼν
776 491 867 554 λίπεν
879 489 939 554 οὐδ’
955 489 1097 566 ἀπόνητο.
1160 513 1209 549 ινα

257 596 298 678 τῷ
311 598 364 658 νῦν
380 592 538 674 δυσμενέες
552 593 637 672 μάλα
650 596 749 674 μυρίοι
764 594 821 658 είσ’
838 591 882 659 ένὶ
897 595 978 674 οίκῳ.

258 696 349 761 ὅσσοι
364 695 421 780 γὰρ
437 695 579 776 νήσοισιν
594 696 822 783 ἐπικρατέουσιν
838 697 967 779 ἄριστοι,

259 801 412 883 Δουλιχίῳ
426 826 459 864 τε
476 799 562 886 Σάμῃ
577 825 609 863 τε
626 798 674 863 καὶ
689 799 810 880 ὑλήεντι
826 802 980 885 Ζακύνθῳ,

257 903 302 981 ἠδ’
317 902 408 968 ὅσσοι
423 903 554 984 κραναὴν
569 903 688 980 Ἰθάκην
700 903 774 967 κάτα
789 902 987 984 κοιρανέουσι,

257 1008 366 1070 τόσσοι
381 1006 483 1087 μητέρ’
500 1006 574 1086 ἐμὴν
588 1012 730 1086 μνῶνται,
747 1007 891 1090 τρύχουσι
908 1011 940 1071 δὲ
954 1006 1045 1070 οἶκον.
1159 1017 1224 1079 ιν5·

257 1110 275 1188 ἡ
292 1111 317 1174 δ’
334 1110 394 1173 οὔτ’
410 1111 543 1191 ἀρνεῖται
559 1115 704 1192 στυγερὸν
719 1110 817 1191 γάμον
833 1111 901 1174 οὔτε
916 1109 1060 1188 τελευτὴν

257 1217 383 1293 ποιῆσαι
398 1214 528 1278 δύναται·
552 1210 598 1278 τοί
613 1217 646 1276 δὲ
661 1213 862 1293 φθινύθουσιν
877 1215 995 1278 ἔδοντες

258 1318 341 1382 οἶκον
356 1318 439 1398 ἐμόν·
463 1317 541 1400 τάχα
556 1315 592 1395 δή
607 1341 644 1396 με
660 1319 867 1398 διαρραίσουσι
883 1315 931 1382 καί
946 1316 1046 1381 αὐτόν.

258 1420 328 1486 ἀλλ’
346 1421 365 1500 ἦ
383 1446 430 1484 τοι
444 1424 500 1499 μὲν
514 1425 606 1483 ταῦτα
622 1424 698 1484 θεῶν
715 1423 747 1485 έν
763 1423 890 1505 γούνασι
906 1426 1008 1485 κεῖται·
1110 1471 1112 1476 .

257 1526 341 1603 ἄττα,
359 1524 397 1587 σὺ
408 1525 433 1588 δ’
450 1524 538 1607 έρχεο
555 1528 682 1602 θᾶσσον,
699 1524 845 1608 ἐχέφρονι
860 1524 1054 1610 Πηνελοπείῃ
1154 1549 1205 1598 130

259 1629 319 1709 εἴφ’
335 1629 381 1693 ὅτι
396 1630 426 1691 οἱ
442 1633 504 1693 σῶς
519 1629 580 1708 εἰμὶ
596 1630 644 1692 καὶ
661 1630 694 1692 έκ
711 1631 815 1692 Πύλου
831 1628 1006 1707 εἰλήλουθα.

258 1732 348 1813 αὐτὰρ
364 1734 441 1814 έγδιν
455 1732 544 1795 αὐτοῦ
562 1730 669 1810 μενέω,
686 1731 726 1796 σὺ
737 1735 769 1795 δὲ
785 1736 871 1813 δεῦρο
887 1730 1020 1805 νέεσθαι,

257 1840 305 1922 οἴῃ
320 1837 516 1919 ἀπαγγείλας·
535 1841 595 1899 τῶν
610 1836 636 1899 δ’
651 1835 756 1898 ἄλλων
771 1834 812 1918 μή
828 1861 873 1902 τις
888 1835 1022 1916 Ἀχαιῶν

257 1941 421 2006 πευθέσθω·
443 1938 555 2004 πολλαί
571 1938 628 2024 γάρ
644 1938 708 2020 ἐμοὶ
724 1943 800 2004 κακὰ
814 1935 1051 2021 μηχανόωνται.”

300 2046 362 2110 Τὸν
379 2047 403 2110 δ’
423 2046 665 2125 ἀπαμειβόμενος
679 2044 847 2126 προσέφης,
863 2043 976 2124 Εὔμαιε
993 2047 1125 2121 συβῶτα·
1155 2069 1203 2120 135

257 2151 457 2234 “ytyvdcer
477 2148 605 2230 φρονέω·
628 2147 665 2211 τά
680 2175 716 2231 γε
731 2148 767 2227 δὴ
784 2147 899 2213 νοέοντι
915 2147 1058 2213 κελεύεις.

257 2255 328 2319 ἀλλ’
343 2255 398 2336 ἄγε
413 2280 464 2333 μοι
476 2255 545 2318 τόδε
562 2254 628 2316 εἰπὲ
645 2254 693 2316 καὶ
709 2252 856 2333 ἀτρεκέως
871 2249 1047 2329 κατάλεξον,

257 2359 275 2435 ᾗ
292 2358 341 2423 καὶ
356 2357 473 2442 Λαέρτῃ
488 2357 581 2436 αὐτὴν
597 2356 667 2420 άδάν
682 2356 813 2440 άγγελος
828 2356 908 2419 έλθω

256 2463 405 2545 δυσμόρῳ,
422 2460 455 2526 δς
469 2465 539 2540 τῆος
555 2464 610 2542 μὲν
624 2461 797 2539 Ὀδυσσῆος
810 2459 875 2541 μέγ’
893 2459 1010 2542 ἀχεύων

257 2566 330 2648 ἔργα
345 2565 370 2629 τ’
386 2565 588 2629 ἐποπτεύεσκε
607 2563 680 2646 μετὰ
696 2565 802 2644 δμοίων
817 2563 842 2627 τ’
858 2562 903 2627 ένὶ
919 2565 989 2644 οἴκῳ
1154 2585 1203 2638 ¹40

256 2674 324 2733 πῖνε
341 2664 389 2731 καὶ
406 2667 483 2747 ἧσθ’,
500 2670 550 2732 ὅτε
565 2667 656 2748 θυμὸς
672 2666 716 2732 ἐνὶ
732 2666 899 2747 στήθεσσιν
913 2667 1035 2748 ἀνώγοι·

256 2772 348 2853 αὐτὰρ
364 2777 426 2850 νῦν,
443 2771 480 2852 ἐξ
492 2773 527 2834 οὗ
543 2772 582 2834 σύ
596 2797 631 2854 γε
646 2771 724 2856 ᾤχεο
740 2772 790 2851 νηῒ
804 2771 951 2843 Πύλονδε,

255 2877 289 2939 οὔ
305 2876 352 2940 πά
367 2877 420 2956 μίν
435 2882 532 2956 φασιν
548 2874 683 2959 φαγέμεν
699 2873 748 2939 καὶ
764 2875 871 2953 πιέμεν
886 2874 991 2958 αὕτως,

254 2979 318 3043 οὐδ’
333 2980 383 3043 ἐπὶ
399 2979 471 3062 ἔργα
488 2982 572 3058 ίδεῖν,
588 2979 670 3042 ἀλλά
687 2980 822 3066 στοναχῇ
837 3005 870 3043 τε
884 2979 947 3062 γόῳ
961 3002 995 3042 τε

255 3083 345 3161 ἧσται
362 3084 547 3164 ὀδυρόμενος,
564 3084 703 3164 φθινύθει
719 3083 744 3147 δ’
761 3082 836 3165 ἀμφ’
851 3083 980 3162 ὀστεόφι
995 3077 1104 3163 χρός.”
1153 3107 1200 3158 ¹4⁵

298 3186 360 3268 Τδν
376 3187 401 3251 δ’
417 3188 454 3251 αθ
470 3186 651 3270 Τηλέμαχος
666 3185 849 3266 πεπνυμένος
863 3187 965 3250 ἀντίον
979 3183 1062 3262 ηύδα·

255 3294 274 3324 “
285 3289 404 3371 άλγιον,
421 3290 490 3356 ἀλλ’
507 3291 600 3372 ἔμπης
614 3315 666 3373 μιν
681 3290 820 3371 ἐάσομεν,
838 3287 1000 3373 ἀχνύμενοί
1017 3307 1082 3370 περ·

255 3395 282 3459 εί
297 3392 355 3476 γάρ
370 3419 434 3460 πως
449 3396 493 3472 είη
509 3392 675 3475 αὐτάγρετα
690 3395 787 3460 πάντα
801 3398 952 3475 βροτοῖσι,

254 3498 372 3580 πρῶτόν
387 3523 438 3562 κεν
451 3503 504 3561 τοῦ
519 3498 630 3579 πατρὸς
645 3500 788 3581 ἑλοίμεθα
803 3498 946 3577 νόστιμον
960 3496 1048 3579 ήμαρ.

255 3603 338 3667 ἀλλά
353 3600 434 3683 σύγ’
450 3602 593 3684 ἀγγείλας
608 3604 706 3666 όπίσω
723 3602 774 3679 κίε,
787 3603 862 3682 μηδὲ
877 3600 939 3664 κατ’
955 3600 1063 3682 ἀγροὺς
1153 3626 1201 3677 ¹50

256 3703 426 3782 πλάζεσθαι
440 3700 504 3780 μετ’
520 3703 645 3766 ἐκεῖνον·
669 3700 743 3784 ἀτὰρ
759 3707 832 3783 πρὸς
845 3699 958 3783 μητέρα
973 3703 1071 3767 εἰπεῖν
