2788 4230
470 343 519 407 19.
542 329 777 388 ΟΔΎΣΣΕΙΑΣ
798 329 835 389 Τ.
1084 321 1143 384 821

198 492 315 572 ἐξαῦτίς
328 521 381 574 μιν
395 497 525 560 ἔπεσσιν
539 496 724 577 ἀμειβομένη
739 496 911 576 προσέειπε·

198 603 219 632 “
228 603 281 663 νῦν
294 601 350 678 μὲν
363 597 400 677 δή
416 625 479 674 σευ,
494 601 582 677 ξεῖνε,
597 599 652 663 ἀίω
667 598 879 679 πειρήσεσθαι,
1099 621 1146 672 ²15

198 704 225 764 εἰ
240 702 324 766 ἐτεὸν
338 702 375 780 δὴ
391 707 468 766 κεῖθι
483 703 541 767 σδν
556 703 705 769 ἀντιθέοις
720 703 854 783 ἑτάροισι

198 802 331 882 ξείνισας
346 807 380 868 ἐν
394 806 571 887 μεγάροισιν
585 807 657 886 ἐμδν
665 807 775 882 πόσιν,
792 805 832 871 ὧς
846 803 1008 885 ἀγορεύεις.

202 909 270 972 εἰπέ
284 935 336 988 μοι
355 906 462 972 ὁπποῖ’
476 910 561 973 ἀσσα
575 911 644 992 περὶ
658 909 731 992 χροὶ
745 911 852 988 είμα-τα
867 908 950 984 έστο,

198 1013 285 1078 αὐτός
300 1013 326 1075 θ’
343 1015 408 1079 οἶος
426 1013 489 1092 ἔην,
506 1010 554 1075 καί
570 1016 713 1094 ἑταίρους,
729 1015 761 1076 οἵ
774 1014 804 1075 οἱ
818 1007 959 1075 έποντο.”

240 1117 305 1194 Τήν
316 1115 342 1179 δ’
356 1118 602 1197 ἀπαμειβόμενος
613 1115 754 1198 προσέφη
767 1115 933 1192 πολόμητις
940 1110 1117 1178 Ὀδυσσεύς·

199 1217 250 1282 “ὦ
266 1221 363 1302 γίναι,
378 1220 528 1303 ἀργαλέον
543 1221 659 1283 τόσσον
673 1222 785 1304 χρόνον
799 1216 894 1299 ἀμφὶς
909 1219 999 1282 ἐόντα
1099 1243 1144 1278 τοι

199 1325 330 1403 εἰπέμεν·
352 1323 409 1404 ἤδη
424 1323 483 1406 γάρ
497 1327 526 1387 οἰ
542 1323 697 1388 ἐεικοστὸν
711 1324 778 1389 ἔτος
793 1321 879 1387 ἐστὶν

198 1426 235 1506 ἐξ
247 1429 283 1491 οδ
297 1433 397 1492 κεῖθεν
414 1430 473 1508 ἔβη
491 1429 540 1491 καὶ
557 1431 629 1506 ἐμῆς
644 1426 820 1506 ἀπελήλυθε
839 1424 965 1504 πάτρης·

198 1531 290 1612 αάτάρ
303 1557 351 1595 τοι
366 1532 438 1612 ἐρέω
453 1533 493 1597 ὥς
508 1557 559 1610 μοι
575 1529 749 1596 ἰνδάλλεται
765 1529 847 1611 ήτορ.

198 1640 329 1716 χλαῖναν
343 1635 514 1716 πορφυρέην
527 1635 620 1712 οὔλην
636 1635 688 1717 ἔχε
703 1639 767 1700 δῖος
781 1633 957 1710 Ὀδυσσεύς,

198 1741 317 1816 διπλῆν·
335 1739 428 1818 αάτάρ
443 1741 473 1803 οἱ
488 1741 600 1818 περόνη
616 1743 743 1821 χρυσοῖο
759 1738 881 1802 τέτυκτο

199 1843 339 1907 αὐλοῖσιν
354 1843 512 1922 διδύμοισι·
535 1843 660 1920 πόροιθε
675 1844 708 1906 δὲ
722 1843 868 1905 δαίδαλον
885 1839 949 1919 ήεν·

199 1947 232 2008 ἐν
247 1946 419 2026 προτέροισι
435 1947 566 2010 πόδεσσι
582 1946 660 2009 κόων
675 1945 730 2028 ἐχε
743 1945 884 2007 ποικίλον
899 1943 1003 2019 ἐλλόν,

200 2050 387 2130 ἀσπαίροντα
402 2049 494 2113 λόον·
516 2055 552 2111 τὸ
567 2053 601 2112 δὲ
617 2049 827 2128 θαυμάζεσκον
841 2047 981 2118 ἅπαντες,

199 2153 239 2219 ὡς
255 2155 284 2216 οἱ
298 2153 424 2235 χρύσεοι
439 2155 540 2218 ἐόντες
555 2154 573 2216 ό
587 2155 642 2232 μὲν
657 2153 715 2216 λόε
729 2157 841 2231 νεβρὸν
855 2149 1013 2233 ἀπάγχων,

199 2257 290 2337 αὐτὰρ
307 2260 323 2320 ό
339 2258 499 2340 ἐκφυγέειν
514 2258 634 2338 μεμαὼς
648 2256 780 2337 ἤσπαιρε
795 2257 936 2319 πόδεσσι.

198 2367 252 2424 τόν
266 2365 299 2425 δὲ
313 2359 416 2445 χιτῶν’
432 2363 546 2440 ἐνόησα
560 2363 629 2441 περὶ
643 2361 716 2444 χροὶ
730 2361 927 2442 σιγαλόεντα,

201 2466 266 2529 οἶόν
280 2490 315 2529 τε
329 2465 469 2544 κρομύοιο
482 2465 581 2529 λοπὸν
596 2465 671 2528 κόπα
686 2463 852 2546 ἰσχαλέοιο·

199 2569 258 2634 τδς
272 2571 327 2648 μέν
343 2569 396 2646 ἔην
410 2570 554 2648 μαλακός,
571 2575 710 2648 λαμπρὸς
722 2565 749 2632 δ’
763 2567 801 2648 ἦν
813 2567 915 2647 ἠέλιος
931 2569 981 2634 ός·

199 2670 219 2749 ή
232 2675 288 2750 μὲν
304 2673 420 2735 πολλαί
433 2671 461 2754 γ’
478 2673 568 2736 αὐτὸν
583 2671 751 2751 ἐθηήσαντο
766 2678 912 2755 γυναῖκες.

199 2775 279 2838 ἀλλο
297 2775 331 2839 δέ
344 2801 390 2838 τοι
406 2774 489 2856 ἐρέω,
506 2775 545 2838 σὺ
559 2776 585 2839 δ’
600 2773 645 2839 ἐνὶ
660 2773 753 2857 φρεσὶ
767 2776 889 2856 βάλλεο
903 2779 1008 2862 σῇσιν·

200 2877 253 2941 οὔκ
268 2876 352 2958 οἶδ’ἰρ
367 2879 439 2943 τόδε
454 2879 528 2942 έστο
542 2877 611 2958 περὶ
625 2879 696 2961 χροὶ
710 2878 805 2944 οἴκοθ’
820 2877 998 2956 Ὀδυσσεύς,

199 2981 278 3060 ήτις
293 2984 419 3063 ἑταίρων
435 2988 511 3046 δῶκε
526 2985 598 3059 θοῆς
613 2985 664 3046 ἐπὶ
678 2989 749 3061 νηδς
764 2984 851 3060 ἰόντι,

199 3084 218 3163 ή
233 3087 277 3152 τίς
291 3112 351 3150 που
366 3088 415 3149 καὶ
431 3084 540 3165 ξεῖνος,
554 3089 622 3151 ἐπεὶ
635 3092 804 3152 πολλοῖσιν
817 3087 985 3154 Ὀδυσσεὺς

199 3193 272 3254 ἔσκε
286 3192 388 3271 φίλος·
411 3195 519 3270 παῦροι
534 3191 592 3273 γάρ
607 3190 742 3273 Ἀχαιόν
756 3190 836 3270 ήσαν
854 3193 961 3270 ὁμοῖοι.

199 3295 250 3356 καί
263 3296 292 3357 οἱ
308 3295 368 3376 ἐγὼ
383 3293 530 3377 χάλκειον
543 3293 598 3374 ἀορ
614 3292 663 3357 καί
677 3296 810 3359 δίπλακα
824 3301 906 3358 δῶκα

200 3397 295 3475 καλὴν
309 3398 484 3479 πορφυρέην
498 3399 547 3461 καὶ
562 3399 735 3478 τερμιόεντα
749 3404 872 3481 χιτῶνα,

199 3502 320 3566 αἰδοίιος
334 3500 360 3564 δ’
375 3501 554 3582 ἀπέπεμπον
567 3502 740 3580 ἐϋσσέλμου
755 3505 806 3567 ἐπὶ
820 3504 899 3582 νηός.

200 3602 247 3668 καί
261 3604 316 3682 μέν
331 3607 362 3667 οἱ
378 3605 471 3686 κῆρυξ
484 3607 591 3689 ἀλίγον
606 3607 841 3688 προγενέστερος
856 3607 947 3673 αὐτοῦ

198 3712 310 3774 εἵπετο·
335 3707 383 3772 καὶ
398 3710 450 3773 τόν
460 3735 508 3774 τοι
523 3709 704 3789 μυθήσομαι,
719 3712 784 3776 οἶος
799 3711 852 3790 έην
866 3737 933 3792 περ.
