2908 4232
528 344 558 408 3·
582 328 817 387 οΔτΣΣΕιΑΣ
848 327 880 386 τ.
1115 336 1178 408 545

227 497 318 562 νύκτα
331 499 387 575 μέν
403 496 534 574 ἀέσαμεν
549 496 670 578 χαλεπὰ
685 497 795 577 φρεσὶν
810 498 1000 576 ὁρμαίνοντες

229 600 389 686 ἀλλήλοις·Ι
420 599 469 666 ἐπὶ
484 605 542 683 γάρ
559 601 633 667 Ζεὺς
648 600 736 681 ἤρτυε
751 605 834 679 πῆμα
851 607 961 664 κακοῖο·

230 705 328 784 ἠῶθεν
343 705 367 769 δ’
384 707 413 768 οἱ
427 707 482 784 μὲν
497 705 568 771 νέας
583 705 710 784 ἕλκομεν
726 706 768 770 είς
784 704 846 768 ἀλα
861 709 928 768 δῖαν

229 808 363 888 κτήματά
377 808 402 871 τ’
419 808 616 887 ἐντιθέμεσθα
631 809 822 886 βαθυζώνους
838 833 871 872 τε
886 813 1037 890 γυναῖκας.

229 911 353 991 ἡμίσεες
369 913 394 976 δ’
410 912 469 993 ἀρα
484 909 554 975 λαοὶ
570 912 728 992 ἐρητύοντο
743 911 883 992 μένοντες
1133 940 1179 988 155

230 1017 298 1080 αὖθι
315 1017 383 1098 παρ’
397 1015 537 1100 Ἀτρεΐδῃ
551 1014 760 1097 Ἀγαμέμνονι,
775 1015 894 1094 ποιμένι
909 1021 1002 1080 λαῶν·

230 1120 354 1199 ἡμίσεες
369 1120 393 1183 δ’
411 1119 580 1198 ἀναβάντες
596 1120 767 1198 ἐλαύνομεν·
797 1121 828 1183 αἱ
844 1123 878 1183 δὲ
892 1118 962 1197 μάλ’
979 1117 1041 1184 ὦκα

233 1225 353 1297 έπλεον,
369 1223 531 1304 ἐστόρεσεν
547 1226 579 1286 δὲ
595 1227 662 1288 θεδς
677 1221 847 1304 μεγακήτεα
862 1224 982 1288 πόντον.

231 1328 262 1392 ἐς
277 1327 407 1391 Τένεδον
421 1327 447 1390 δ’
462 1328 603 1392 ἐλθόντες
618 1324 760 1408 ἐρέξαμεν
776 1326 824 1404 ἱρὰ
840 1331 966 1404 θεοῖσιν,

231 1433 334 1494 οἴκαδε
350 1428 471 1511 ἱέμενοι·
502 1430 577 1496 Ζεὺς
593 1430 617 1494 δ’
634 1430 668 1492 ού
683 1456 730 1494 πω
744 1428 855 1512 μήδετο
869 1430 989 1508 νόστον,
1132 1442 1181 1492 ι6ο

231 1528 383 1611 σχέτλιος,
399 1531 432 1596 ὅς
446 1529 477 1612 ῥ’
494 1529 557 1610 ἔριν
571 1527 651 1609 ὦρσε
668 1530 760 1608 κακὴν
776 1530 825 1594 ἐπι
841 1529 978 1610 δεύτερον
994 1528 1082 1594 αύτις.

231 1635 261 1696 οἱ
275 1636 332 1713 μὲν
347 1631 593 1714 ἀποστρέψαντες
609 1635 686 1712 ἔβαν
706 1632 772 1699 νέας
788 1633 997 1713 ἀμφιελίσσας

232 1735 306 1816 ἀμφ’
321 1735 458 1813 Ὀδυσῆα
473 1735 586 1802 ἀνακτα
601 1735 756 1817 δαΐφρονα,
773 1735 1000 1816 ποικιλομήτην,

233 1839 316 1905 αύτις
328 1838 373 1903 ἐπ’
392 1837 530 1925 Ἀτρεΐδη
545 1838 747 1921 Ἀγαμέμνονι
763 1839 819 1919 ήρα
835 1839 987 1920 φέροντες·

234 1944 326 2024 αὐτὰρ
342 1945 401 2025 ἐγὼ
418 1943 474 2006 σὺν
489 1940 596 2020 νηυσὶν
612 1945 768 2018 ἀολλέσιν,
789 1945 822 2006 οἵ
834 1969 886 2023 μοι
902 1943 1019 2019 έπουτο,
1136 1955 1183 2018 165

235 2051 359 2128 φεῦγον,
375 2043 440 2116 ἐπεὶ
455 2046 626 2128 γίγνωσκον
642 2044 658 2108 δ
674 2045 709 2123 δὴ
727 2045 801 2108 κακὰ
816 2043 926 2124 μήδετο
942 2047 1063 2123 δαίμων.

235 2155 331 2231 φεῦγε
346 2153 379 2213 δὲ
393 2150 507 2216 Τυδέος
521 2149 584 2215 υἱὸς
597 2148 727 2230 Ἀρήϊος,
743 2146 823 2227 ἀρσε
839 2149 862 2210 δ’
880 2151 1021 2230 ἑταίρους.

237 2251 299 2330 ὀψὲ
314 2253 346 2314 δέ
361 2250 396 2329 δή
412 2249 488 2330 μετὰ
503 2256 558 2314 νῶϊ
572 2251 618 2314 κίε
634 2248 741 2328 ξανθὸς
758 2249 925 2326 Μενέλαος,
966 2316 970 2324 ,

236 2354 269 2416 ἐν
284 2353 397 2439 Λέσβῳ
413 2353 438 2418 δ’
455 2354 556 2436 ἔκιχεν
572 2359 698 2435 δολιχδν
714 2353 813 2416 πλόον
828 2355 1032 2432 ὁρμαίνοντας,

235 2450 253 2531 ἢ
270 2454 436 2534 καθύπερθε
451 2456 539 2528 Χίοιο
554 2453 693 2533 νεοίμεθα
708 2451 950 2532 παιπαλοέσσης,
1137 2474 1185 2525 170

237 2555 330 2635 νήσου
349 2556 398 2620 έπι
415 2558 537 2637 Ψυρίης,
554 2556 646 2635 αὐτήν
658 2555 704 2618 ἐπ’
719 2556 851 2636 ἀριστέρ’
867 2557 997 2640 ἔχοντες,

237 2659 256 2739 ή
273 2660 416 2740 ὑπένερθε
430 2661 529 2738 Χίοιο,
546 2659 611 2740 παρ’
627 2659 790 2740 ἠνεμόεντα
806 2662 958 2739 Μίμαντα.

236 2762 364 2849 ᾐτέομεν
379 2767 411 2827 δὲ
427 2763 498 2828 θεδν
512 2766 606 2844 φῆναι
621 2764 717 2844 τέρας
750 2763 840 2842 αὐτὰρ
857 2765 874 2824 ὅ
892 2763 921 2845 γ’
938 2763 1009 2843 ήμῖν

237 2866 326 2946 δεῖξε,
344 2869 392 2930 καὶ
407 2867 516 2949 ἠνώγει
532 2866 665 2948 πέλαγος
679 2865 774 2932 μέσον
791 2869 832 2933 είς
849 2866 984 2944 Εὔβοιαν

238 2971 365 3050 τέμνειν,
381 2974 461 3052 ὄφρα
476 2970 606 3054 τάχιστα
620 2972 694 3034 ὑπὲκ
711 2971 860 3048 κακότητα
875 2971 1033 3053 φύγοιμεν.
1110 2995 1113 3004 ·
1139 2993 1186 3046 175

237 3071 314 3154 ἀρτο
329 3073 354 3138 δ’
371 3076 420 3139 ἐπὶ
435 3075 523 3156 λιγὺς
538 3074 622 3155 αύρος
637 3072 771 3154 ἀήμεναι·
803 3076 833 3137 αἱ
850 3078 882 3138 δὲ
899 3073 970 3155 μόλ’
987 3072 1049 3136 ὦκα

239 3179 397 3260 ἰχθυόεντα
412 3178 540 3242 κέλευθα
555 3176 722 3257 διέδραμον,
740 3180 770 3243 ἐς
786 3180 817 3239 δέ
832 3183 855 3240 Γ
856 3184 998 3258 εραιστδν

239 3282 373 3362 ἐννύχιαι
389 3281 562 3364 κατάγοντο·
586 3281 778 3344 Ποσειδάωνι
795 3283 827 3344 δὲ
842 3280 973 3363 ταύρων-

240 3383 333 3450 πόλλ’
349 3382 399 3448 ἐπὶ
413 3385 480 3466 μῆρ’
496 3386 611 3464 ἔθεμεν,
628 3389 762 3466 πέλαγος
776 3386 855 3466 μέγα
868 3385 1080 3466 μετρήσαντες·

237 3493 378 3568 τέτρατον
394 3486 471 3570 ήμαρ
487 3489 548 3566 έην,
568 3487 610 3551 ὅτ’
624 3489 656 3551 ἐν
667 3488 775 3569 ”ΑργείΙ
791 3490 863 3564 νῆας
878 3486 964 3554 ἐΐσας
1140 3500 1189 3548 180

239 3589 388 3654 Τυδεΐδεω
405 3590 506 3671 έταροι
519 3589 688 3670 Διομήδεος
705 3590 886 3670 ἱπποδάμοιο

239 3698 379 3760 ἵστασαν·
404 3692 495 3776 αὐτὰρ
507 3695 566 3777 ἐγό
582 3721 619 3776 γε
634 3691 766 3760 Πύλονδ’
781 3695 864 3778 έχον,
881 3695 949 3760 οὐδέ
964 3696 1029 3760 ποτ’
1047 3695 1127 3773 έσβη
