<?xml version="1.0" encoding="UTF-8"?>
<!DOCTYPE html PUBLIC "-//W3C//DTD XHTML 1.0 Transitional//EN"
    "http://www.w3.org/TR/xhtml1/DTD/xhtml1-transitional.dtd">
<html xmlns="http://www.w3.org/1999/xhtml" xml:lang="en" lang="en">
 <head>
  <title>
</title>
<meta http-equiv="Content-Type" content="text/html;charset=utf-8" />
  <meta name='ocr-system' content='tesseract 3.04.00' />
  <meta name='ocr-capabilities' content='ocr_page ocr_carea ocr_par ocr_line ocrx_word'/>
</head>
<body>
  <div class='ocr_page' id='page_1' title='image "./homerioperaetre00homegoog_0552.png"; bbox 0 0 2908 4232; ppageno 0'>
   <div class='ocr_carea' id='block_1_1' title="bbox 555 330 1198 416">
    <p class='ocr_par' dir='ltr' id='par_1_1' title="bbox 555 330 1198 416">
     <span class='ocr_line' id='line_1_1' title="bbox 555 330 1198 416; baseline 0.003 -26"><span class='ocrx_word' id='word_1_1' title='bbox 555 344 585 410; x_wconf 81' lang='lat'>3·</span> <span class='ocrx_word' id='word_1_2' title='bbox 608 330 840 392; x_wconf 74' lang='grc' dir='ltr'>οιυνςοιις</span> <span class='ocrx_word' id='word_1_3' title='bbox 874 333 907 392; x_wconf 81' lang='lat' dir='ltr'>r.</span> <span class='ocrx_word' id='word_1_4' title='bbox 1134 347 1198 416; x_wconf 83' lang='lat'>547</span> 
     </span>
    </p>
   </div>
   <div class='ocr_carea' id='block_1_2' title="bbox 173 495 1199 3884">
    <p class='ocr_par' dir='ltr' id='par_1_2' title="bbox 251 495 1072 1516">
     <span class='ocr_line' id='line_1_2' title="bbox 252 495 1018 587; baseline 0.005 -24"><span class='ocrx_word' id='word_1_5' title='bbox 252 495 423 583; x_wconf 86' lang='grc' dir='ltr'>έχθαίρουσ’</span> <span class='ocrx_word' id='word_1_6' title='bbox 440 495 496 560; x_wconf 84' lang='grc' dir='ltr'>ἀνὰ</span> <span class='ocrx_word' id='word_1_7' title='bbox 510 501 615 579; x_wconf 82' lang='grc' dir='ltr'>δῆμον,</span> <span class='ocrx_word' id='word_1_8' title='bbox 626 499 827 578; x_wconf 71' lang='grc' dir='ltr'>ἐπισπόμενοι</span> <span class='ocrx_word' id='word_1_9' title='bbox 842 503 911 564; x_wconf 83' lang='grc' dir='ltr'>θεοῦ</span> <span class='ocrx_word' id='word_1_10' title='bbox 926 501 1018 587; x_wconf 78' lang='grc' dir='ltr'>ὀμφῇ.</span> 
     </span>
     <span class='ocr_line' id='line_1_3' title="bbox 251 600 1072 684; baseline 0.005 -18"><span class='ocrx_word' id='word_1_11' title='bbox 251 603 297 669; x_wconf 91' lang='grc' dir='ltr'>τίς</span> <span class='ocrx_word' id='word_1_12' title='bbox 311 601 337 666; x_wconf 89' lang='grc' dir='ltr'>δ’</span> <span class='ocrx_word' id='word_1_13' title='bbox 354 601 410 666; x_wconf 86' lang='grc' dir='ltr'>οἶδ’</span> <span class='ocrx_word' id='word_1_14' title='bbox 427 602 456 670; x_wconf 83' lang='grc' dir='ltr'>εί</span> <span class='ocrx_word' id='word_1_15' title='bbox 469 600 502 666; x_wconf 85' lang='grc' dir='ltr'>κέ</span> <span class='ocrx_word' id='word_1_16' title='bbox 517 601 591 664; x_wconf 89' lang='grc' dir='ltr'>ποτέ</span> <span class='ocrx_word' id='word_1_17' title='bbox 607 609 665 682; x_wconf 86' lang='grc' dir='ltr'>σφι</span> <span class='ocrx_word' id='word_1_18' title='bbox 682 603 755 684; x_wconf 80' lang='grc' dir='ltr'>βίας</span> <span class='ocrx_word' id='word_1_19' title='bbox 771 604 948 668; x_wconf 77' lang='grc' dir='ltr'>ἀποτίσεται</span> <span class='ocrx_word' id='word_1_20' title='bbox 964 606 1072 684; x_wconf 82' lang='grc' dir='ltr'>ἐλθόν,</span> 
     </span>
     <span class='ocr_line' id='line_1_4' title="bbox 251 701 1003 790; baseline 0.003 -20"><span class='ocrx_word' id='word_1_21' title='bbox 251 703 271 784; x_wconf 82' lang='grc' dir='ltr'>ή</span> <span class='ocrx_word' id='word_1_22' title='bbox 286 707 304 770; x_wconf 88' lang='grc' dir='ltr'>ό</span> <span class='ocrx_word' id='word_1_23' title='bbox 318 731 354 787; x_wconf 86' lang='grc' dir='ltr'>γε</span> <span class='ocrx_word' id='word_1_24' title='bbox 367 711 476 786; x_wconf 77' lang='grc' dir='ltr'>μοῦνος</span> <span class='ocrx_word' id='word_1_25' title='bbox 492 706 558 780; x_wconf 83' lang='grc' dir='ltr'>ἐόν,</span> <span class='ocrx_word' id='word_1_26' title='bbox 574 701 593 784; x_wconf 77' lang='grc' dir='ltr'>ἢ</span> <span class='ocrx_word' id='word_1_27' title='bbox 610 707 659 770; x_wconf 87' lang='grc' dir='ltr'>καὶ</span> <span class='ocrx_word' id='word_1_28' title='bbox 674 706 844 788; x_wconf 76' lang='grc' dir='ltr'>σύμπαντες</span> <span class='ocrx_word' id='word_1_29' title='bbox 859 706 983 790; x_wconf 84' lang='grc' dir='ltr'>Ἀχαιοί</span> <span class='ocrx_word' id='word_1_30' title='bbox 992 735 1003 783; x_wconf 87' lang='grc'>,·</span> 
     </span>
     <span class='ocr_line' id='line_1_5' title="bbox 253 807 1027 893; baseline 0.005 -21"><span class='ocrx_word' id='word_1_31' title='bbox 253 811 280 874; x_wconf 79' lang='grc' dir='ltr'>εἰ</span> <span class='ocrx_word' id='word_1_32' title='bbox 295 807 353 892; x_wconf 91' lang='grc' dir='ltr'>γάρ</span> <span class='ocrx_word' id='word_1_33' title='bbox 368 808 397 872; x_wconf 90' lang='grc' dir='ltr'>σ’</span> <span class='ocrx_word' id='word_1_34' title='bbox 418 810 457 876; x_wconf 76' lang='grc' dir='ltr'>ὣς</span> <span class='ocrx_word' id='word_1_35' title='bbox 472 811 575 876; x_wconf 77' lang='grc' dir='ltr'>ἐθέλοι</span> <span class='ocrx_word' id='word_1_36' title='bbox 590 808 712 891; x_wconf 79' lang='grc' dir='ltr'>φιλέειν</span> <span class='ocrx_word' id='word_1_37' title='bbox 726 817 901 893; x_wconf 77' lang='grc' dir='ltr'>γλαυκῶπις</span> <span class='ocrx_word' id='word_1_38' title='bbox 915 809 1027 892; x_wconf 81' lang='grc' dir='ltr'>Ἀθήνη</span> 
     </span>
     <span class='ocr_line' id='line_1_6' title="bbox 253 911 938 995; baseline 0.004 -20"><span class='ocrx_word' id='word_1_39' title='bbox 253 911 292 979; x_wconf 82' lang='grc' dir='ltr'>ὣς</span> <span class='ocrx_word' id='word_1_40' title='bbox 307 912 369 977; x_wconf 89' lang='grc' dir='ltr'>τότ’</span> <span class='ocrx_word' id='word_1_41' title='bbox 385 912 556 991; x_wconf 76' lang='grc' dir='ltr'>Ὀδυσσῆος</span> <span class='ocrx_word' id='word_1_42' title='bbox 571 911 747 995; x_wconf 70' lang='grc' dir='ltr'>περικήδετο</span> <span class='ocrx_word' id='word_1_43' title='bbox 764 915 938 992; x_wconf 80' lang='grc' dir='ltr'>κυδαλίμοιο</span> 
     </span>
     <span class='ocr_line' id='line_1_7' title="bbox 252 1014 1047 1102; baseline 0.005 -23"><span class='ocrx_word' id='word_1_44' title='bbox 252 1014 333 1101; x_wconf 80' lang='grc' dir='ltr'>δήμῳ</span> <span class='ocrx_word' id='word_1_45' title='bbox 350 1017 396 1082; x_wconf 82' lang='grc' dir='ltr'>ἔνι</span> <span class='ocrx_word' id='word_1_46' title='bbox 410 1018 532 1099; x_wconf 85' lang='grc' dir='ltr'>Τρόων,</span> <span class='ocrx_word' id='word_1_47' title='bbox 549 1019 597 1081; x_wconf 86' lang='grc' dir='ltr'>όθι</span> <span class='ocrx_word' id='word_1_48' title='bbox 614 1016 773 1100; x_wconf 83' lang='grc' dir='ltr'>πάσχομεν</span> <span class='ocrx_word' id='word_1_49' title='bbox 788 1016 875 1101; x_wconf 78' lang='grc' dir='ltr'>ἄλγε’</span> <span class='ocrx_word' id='word_1_50' title='bbox 892 1017 1014 1102; x_wconf 86' lang='grc' dir='ltr'>Ἀχαιοί</span> <span class='ocrx_word' id='word_1_51' title='bbox 1025 1058 1047 1068; x_wconf 93' lang='grc'><strong>-</strong></span> 
     </span>
     <span class='ocr_line' id='line_1_8' title="bbox 253 1119 1026 1201; baseline 0.009 -19"><span class='ocrx_word' id='word_1_52' title='bbox 253 1119 287 1183; x_wconf 79' lang='grc' dir='ltr'>οὐ</span> <span class='ocrx_word' id='word_1_53' title='bbox 302 1119 359 1200; x_wconf 89' lang='grc' dir='ltr'>γάρ</span> <span class='ocrx_word' id='word_1_54' title='bbox 373 1147 421 1185; x_wconf 85' lang='grc' dir='ltr'>πω</span> <span class='ocrx_word' id='word_1_55' title='bbox 437 1124 501 1186; x_wconf 86' lang='grc' dir='ltr'>ίδον</span> <span class='ocrx_word' id='word_1_56' title='bbox 516 1123 574 1186; x_wconf 78' lang='grc' dir='ltr'>ὧδε</span> <span class='ocrx_word' id='word_1_57' title='bbox 590 1119 675 1187; x_wconf 80' lang='grc' dir='ltr'>θεοὺς</span> <span class='ocrx_word' id='word_1_58' title='bbox 691 1121 850 1199; x_wconf 79' lang='grc' dir='ltr'>ἀναφανδὰ</span> <span class='ocrx_word' id='word_1_59' title='bbox 862 1126 1026 1201; x_wconf 81' lang='grc' dir='ltr'>φιλεῦντας</span> 
     </span>
     <span class='ocr_line' id='line_1_9' title="bbox 252 1222 1071 1310; baseline 0.002 -23"><span class='ocrx_word' id='word_1_60' title='bbox 252 1222 292 1290; x_wconf 78' lang='grc' dir='ltr'>ὥς</span> <span class='ocrx_word' id='word_1_61' title='bbox 312 1225 399 1310; x_wconf 74' lang='grc' dir='ltr'>κείνῳ</span> <span class='ocrx_word' id='word_1_62' title='bbox 418 1225 576 1305; x_wconf 78' lang='grc' dir='ltr'>ἀναφανδὰ</span> <span class='ocrx_word' id='word_1_63' title='bbox 591 1225 759 1305; x_wconf 88' lang='grc' dir='ltr'>παρίστατο</span> <span class='ocrx_word' id='word_1_64' title='bbox 776 1224 905 1290; x_wconf 82' lang='grc' dir='ltr'>Παλλάς</span> <span class='ocrx_word' id='word_1_65' title='bbox 920 1223 1033 1305; x_wconf 85' lang='grc' dir='ltr'>Ἀθήνη</span> <span class='ocrx_word' id='word_1_66' title='bbox 1048 1265 1071 1274; x_wconf 84' lang='lat'>-</span> 
     </span>
     <span class='ocr_line' id='line_1_10' title="bbox 252 1324 978 1414; baseline 0.003 -24"><span class='ocrx_word' id='word_1_67' title='bbox 252 1329 282 1391; x_wconf 83' lang='grc' dir='ltr'>εί</span> <span class='ocrx_word' id='word_1_68' title='bbox 295 1325 325 1389; x_wconf 83' lang='grc' dir='ltr'>α’</span> <span class='ocrx_word' id='word_1_69' title='bbox 341 1329 434 1392; x_wconf 79' lang='grc' dir='ltr'>οὕτως</span> <span class='ocrx_word' id='word_1_70' title='bbox 450 1327 551 1398; x_wconf 89' lang='grc' dir='ltr'>ἐθέλοι</span> <span class='ocrx_word' id='word_1_71' title='bbox 566 1324 688 1408; x_wconf 77' lang='grc' dir='ltr'>φιλέειν</span> <span class='ocrx_word' id='word_1_72' title='bbox 704 1325 824 1406; x_wconf 88' lang='grc' dir='ltr'>κήδοιτό</span> <span class='ocrx_word' id='word_1_73' title='bbox 837 1353 869 1391; x_wconf 91' lang='grc' dir='ltr'>τε</span> <span class='ocrx_word' id='word_1_74' title='bbox 886 1329 978 1414; x_wconf 74' lang='grc' dir='ltr'>θυμῷ,</span> 
     </span>
     <span class='ocr_line' id='line_1_11' title="bbox 251 1427 1018 1516; baseline 0.005 -24"><span class='ocrx_word' id='word_1_75' title='bbox 251 1431 293 1516; x_wconf 69' lang='grc' dir='ltr'>τῷ</span> <span class='ocrx_word' id='word_1_76' title='bbox 308 1431 358 1496; x_wconf 87' lang='grc' dir='ltr'>κέν</span> <span class='ocrx_word' id='word_1_77' title='bbox 374 1456 418 1497; x_wconf 93' lang='grc' dir='ltr'>τις</span> <span class='ocrx_word' id='word_1_78' title='bbox 434 1433 540 1496; x_wconf 86' lang='grc' dir='ltr'>κείνων</span> <span class='ocrx_word' id='word_1_79' title='bbox 555 1457 591 1513; x_wconf 93' lang='grc' dir='ltr'>γε</span> <span class='ocrx_word' id='word_1_80' title='bbox 606 1427 654 1495; x_wconf 84' lang='grc' dir='ltr'>καὶ</span> <span class='ocrx_word' id='word_1_81' title='bbox 670 1429 868 1495; x_wconf 71' lang='grc' dir='ltr'>ἐκλελάθοιτο</span> <span class='ocrx_word' id='word_1_82' title='bbox 883 1430 1018 1514; x_wconf 82' lang='grc' dir='ltr'>γάμοιο.”</span> 
     </span>
    </p>

    <p class='ocr_par' dir='ltr' id='par_1_3' title="bbox 252 1532 1102 1929">
     <span class='ocr_line' id='line_1_12' title="bbox 294 1532 1064 1618; baseline 0.008 -22"><span class='ocrx_word' id='word_1_83' title='bbox 294 1533 357 1597; x_wconf 83' lang='grc' dir='ltr'>Τὸν</span> <span class='ocrx_word' id='word_1_84' title='bbox 372 1533 398 1598; x_wconf 94' lang='grc' dir='ltr'>δ’</span> <span class='ocrx_word' id='word_1_85' title='bbox 415 1535 452 1598; x_wconf 77' lang='grc' dir='ltr'>αὖ</span> <span class='ocrx_word' id='word_1_86' title='bbox 466 1533 647 1618; x_wconf 85' lang='grc' dir='ltr'>Τηλέμαχος</span> <span class='ocrx_word' id='word_1_87' title='bbox 662 1532 849 1613; x_wconf 82' lang='grc' dir='ltr'>πεπνυμένος</span> <span class='ocrx_word' id='word_1_88' title='bbox 866 1535 968 1601; x_wconf 79' lang='grc' dir='ltr'>ἀντίον</span> <span class='ocrx_word' id='word_1_89' title='bbox 981 1537 1064 1614; x_wconf 80' lang='grc' dir='ltr'>ηὔδα·</span> 
     </span>
     <span class='ocr_line' id='line_1_13' title="bbox 252 1635 1014 1720; baseline 0.003 -20"><span class='ocrx_word' id='word_1_90' title='bbox 252 1635 305 1700; x_wconf 66' lang='grc' dir='ltr'>’ίῶ</span> <span class='ocrx_word' id='word_1_91' title='bbox 320 1637 419 1720; x_wconf 90' lang='grc' dir='ltr'>γέρον,</span> <span class='ocrx_word' id='word_1_92' title='bbox 436 1638 469 1702; x_wconf 76' lang='grc' dir='ltr'>οὔ</span> <span class='ocrx_word' id='word_1_93' title='bbox 487 1664 534 1702; x_wconf 87' lang='grc' dir='ltr'>πω</span> <span class='ocrx_word' id='word_1_94' title='bbox 549 1642 636 1700; x_wconf 82' lang='grc' dir='ltr'>τοῦτο</span> <span class='ocrx_word' id='word_1_95' title='bbox 652 1638 724 1704; x_wconf 84' lang='grc' dir='ltr'>ἔπος</span> <span class='ocrx_word' id='word_1_96' title='bbox 739 1636 897 1702; x_wconf 88' lang='grc' dir='ltr'>τελέεσθαι</span> <span class='ocrx_word' id='word_1_97' title='bbox 913 1637 976 1702; x_wconf 78' lang='grc' dir='ltr'>ὀίω·</span> <span class='ocrx_word' id='word_1_98' title='bbox 1011 1693 1014 1710; x_wconf 53' lang='grc'>,</span> 
     </span>
     <span class='ocr_line' id='line_1_14' title="bbox 253 1739 1102 1827; baseline 0.007 -23"><span class='ocrx_word' id='word_1_99' title='bbox 253 1742 324 1820; x_wconf 88' lang='grc' dir='ltr'>λίην</span> <span class='ocrx_word' id='word_1_100' title='bbox 337 1745 396 1824; x_wconf 81' lang='grc' dir='ltr'>γὰρ</span> <span class='ocrx_word' id='word_1_101' title='bbox 410 1741 489 1826; x_wconf 90' lang='grc' dir='ltr'>μέγα</span> <span class='ocrx_word' id='word_1_102' title='bbox 510 1743 601 1808; x_wconf 87' lang='grc' dir='ltr'>εἶπες·</span> <span class='ocrx_word' id='word_1_103' title='bbox 625 1741 683 1822; x_wconf 88' lang='grc' dir='ltr'>άγη</span> <span class='ocrx_word' id='word_1_104' title='bbox 699 1739 728 1821; x_wconf 88' lang='grc' dir='ltr'>μ’</span> <span class='ocrx_word' id='word_1_105' title='bbox 746 1741 819 1824; x_wconf 86' lang='grc' dir='ltr'>έχει.</span> <span class='ocrx_word' id='word_1_106' title='bbox 867 1742 918 1806; x_wconf 81' lang='grc' dir='ltr'>οὐκ</span> <span class='ocrx_word' id='word_1_107' title='bbox 934 1741 971 1806; x_wconf 85' lang='grc' dir='ltr'>ἀν</span> <span class='ocrx_word' id='word_1_108' title='bbox 986 1744 1052 1823; x_wconf 90' lang='grc' dir='ltr'>ἐμοί</span> <span class='ocrx_word' id='word_1_109' title='bbox 1066 1771 1102 1827; x_wconf 95' lang='grc' dir='ltr'>γε</span> 
     </span>
     <span class='ocr_line' id='line_1_15' title="bbox 253 1842 1031 1929; baseline 0.003 -21"><span class='ocrx_word' id='word_1_110' title='bbox 253 1844 410 1929; x_wconf 79' lang='grc' dir='ltr'>ἐλπομένῳ</span> <span class='ocrx_word' id='word_1_111' title='bbox 426 1849 464 1908; x_wconf 81' lang='grc' dir='ltr'>τά</span> <span class='ocrx_word' id='word_1_112' title='bbox 478 1842 597 1927; x_wconf 83' lang='grc' dir='ltr'>γένοιτ’,</span> <span class='ocrx_word' id='word_1_113' title='bbox 614 1843 674 1908; x_wconf 82' lang='grc' dir='ltr'>οὐδ’</span> <span class='ocrx_word' id='word_1_114' title='bbox 691 1845 718 1908; x_wconf 87' lang='grc' dir='ltr'>εί</span> <span class='ocrx_word' id='word_1_115' title='bbox 734 1845 798 1908; x_wconf 84' lang='grc' dir='ltr'>θεοὶ</span> <span class='ocrx_word' id='word_1_116' title='bbox 814 1845 853 1912; x_wconf 77' lang='grc' dir='ltr'>ὣς</span> <span class='ocrx_word' id='word_1_117' title='bbox 868 1845 1031 1912; x_wconf 84' lang='grc' dir='ltr'>ἐθέλοιεν.”</span> 
     </span>
    </p>

    <p class='ocr_par' dir='ltr' id='par_1_4' title="bbox 173 1947 1099 2970">
     <span class='ocr_line' id='line_1_16' title="bbox 293 1947 1058 2030; baseline 0.004 -19"><span class='ocrx_word' id='word_1_118' title='bbox 293 1948 357 2012; x_wconf 86' lang='grc' dir='ltr'>Τὸν</span> <span class='ocrx_word' id='word_1_119' title='bbox 371 1948 396 2012; x_wconf 90' lang='grc' dir='ltr'>δ’</span> <span class='ocrx_word' id='word_1_120' title='bbox 415 1948 485 2014; x_wconf 77' lang='grc' dir='ltr'>αὔτε</span> <span class='ocrx_word' id='word_1_121' title='bbox 501 1949 663 2028; x_wconf 87' lang='grc' dir='ltr'>προσέειπε</span> <span class='ocrx_word' id='word_1_122' title='bbox 678 1949 733 2013; x_wconf 83' lang='grc' dir='ltr'>θεά</span> <span class='ocrx_word' id='word_1_123' title='bbox 747 1954 921 2030; x_wconf 84' lang='grc' dir='ltr'>γλαυκῶπις</span> <span class='ocrx_word' id='word_1_124' title='bbox 935 1947 1058 2030; x_wconf 88' lang='grc' dir='ltr'>Ἀθήνη·</span> 
     </span>
     <span class='ocr_line' id='line_1_17' title="bbox 251 2050 1066 2136; baseline 0.004 -21"><span class='ocrx_word' id='word_1_125' title='bbox 251 2057 272 2088; x_wconf 84' lang='grc'><strong><em>“</em></strong></span> <span class='ocrx_word' id='word_1_126' title='bbox 281 2052 452 2136; x_wconf 88' lang='grc' dir='ltr'>Τηλέμαχε,</span> <span class='ocrx_word' id='word_1_127' title='bbox 469 2053 557 2116; x_wconf 82' lang='grc' dir='ltr'>ποῖόν</span> <span class='ocrx_word' id='word_1_128' title='bbox 572 2077 609 2116; x_wconf 91' lang='grc' dir='ltr'>σε</span> <span class='ocrx_word' id='word_1_129' title='bbox 625 2050 697 2117; x_wconf 85' lang='grc' dir='ltr'>έπος</span> <span class='ocrx_word' id='word_1_130' title='bbox 715 2051 813 2134; x_wconf 83' lang='grc' dir='ltr'>φόγεν</span> <span class='ocrx_word' id='word_1_131' title='bbox 828 2051 912 2132; x_wconf 87' lang='grc' dir='ltr'>έρκος</span> <span class='ocrx_word' id='word_1_132' title='bbox 927 2053 1066 2118; x_wconf 83' lang='grc' dir='ltr'>ὀδόντων.</span> 
     </span>
     <span class='ocr_line' id='line_1_18' title="bbox 173 2154 1035 2242; baseline -0.001 -20"><span class='ocrx_word' id='word_1_133' title='bbox 173 2221 180 2236; x_wconf 76' lang='grc'>,</span> <span class='ocrx_word' id='word_1_134' title='bbox 249 2159 316 2242; x_wconf 82' lang='grc' dir='ltr'>ῥεῖα</span> <span class='ocrx_word' id='word_1_135' title='bbox 331 2158 399 2223; x_wconf 88' lang='grc' dir='ltr'>θεός</span> <span class='ocrx_word' id='word_1_136' title='bbox 417 2155 444 2236; x_wconf 87' lang='grc' dir='ltr'>γ’</span> <span class='ocrx_word' id='word_1_137' title='bbox 460 2158 574 2222; x_wconf 84' lang='grc' dir='ltr'>ἐθέλων</span> <span class='ocrx_word' id='word_1_138' title='bbox 591 2156 638 2222; x_wconf 87' lang='grc' dir='ltr'>καὶ</span> <span class='ocrx_word' id='word_1_139' title='bbox 654 2157 783 2236; x_wconf 81' lang='grc' dir='ltr'>τηλόθεν</span> <span class='ocrx_word' id='word_1_140' title='bbox 798 2154 890 2236; x_wconf 83' lang='grc' dir='ltr'>ἄνδρα</span> <span class='ocrx_word' id='word_1_141' title='bbox 906 2157 1035 2221; x_wconf 84' lang='grc' dir='ltr'>σαάσαι.</span> 
     </span>
     <span class='ocr_line' id='line_1_19' title="bbox 251 2257 1079 2343; baseline 0.004 -18"><span class='ocrx_word' id='word_1_142' title='bbox 251 2262 422 2342; x_wconf 83' lang='grc' dir='ltr'>βουλοίμην</span> <span class='ocrx_word' id='word_1_143' title='bbox 436 2259 461 2324; x_wconf 87' lang='grc' dir='ltr'>δ’</span> <span class='ocrx_word' id='word_1_144' title='bbox 475 2259 513 2324; x_wconf 78' lang='grc' dir='ltr'>ἀν</span> <span class='ocrx_word' id='word_1_145' title='bbox 528 2261 588 2342; x_wconf 85' lang='grc' dir='ltr'>ἐγά</span> <span class='ocrx_word' id='word_1_146' title='bbox 599 2286 635 2342; x_wconf 94' lang='grc' dir='ltr'>γε</span> <span class='ocrx_word' id='word_1_147' title='bbox 651 2257 699 2324; x_wconf 88' lang='grc' dir='ltr'>καὶ</span> <span class='ocrx_word' id='word_1_148' title='bbox 714 2259 811 2341; x_wconf 84' lang='grc' dir='ltr'>ἀλγεα</span> <span class='ocrx_word' id='word_1_149' title='bbox 826 2259 929 2326; x_wconf 86' lang='grc' dir='ltr'>πολλὰ</span> <span class='ocrx_word' id='word_1_150' title='bbox 943 2260 1079 2343; x_wconf 88' lang='grc' dir='ltr'>μογήσας</span> 
     </span>
     <span class='ocr_line' id='line_1_20' title="bbox 252 2362 1025 2446; baseline 0.003 -18"><span class='ocrx_word' id='word_1_151' title='bbox 252 2363 352 2429; x_wconf 87' lang='grc' dir='ltr'>οίκαδέ</span> <span class='ocrx_word' id='word_1_152' title='bbox 366 2364 390 2428; x_wconf 89' lang='grc' dir='ltr'>τ’</span> <span class='ocrx_word' id='word_1_153' title='bbox 407 2364 565 2442; x_wconf 88' lang='grc' dir='ltr'>ἐλθέμεναι</span> <span class='ocrx_word' id='word_1_154' title='bbox 581 2364 630 2428; x_wconf 84' lang='grc' dir='ltr'>καὶ</span> <span class='ocrx_word' id='word_1_155' title='bbox 646 2365 789 2443; x_wconf 86' lang='grc' dir='ltr'>νόστιμον</span> <span class='ocrx_word' id='word_1_156' title='bbox 805 2362 882 2446; x_wconf 84' lang='grc' dir='ltr'>ήμαρ</span> <span class='ocrx_word' id='word_1_157' title='bbox 899 2366 1025 2443; x_wconf 77' lang='grc' dir='ltr'>ἰδέσθαι,</span> 
     </span>
     <span class='ocr_line' id='line_1_21' title="bbox 249 2468 1004 2552; baseline 0 -17"><span class='ocrx_word' id='word_1_158' title='bbox 249 2468 269 2550; x_wconf 80' lang='grc' dir='ltr'>ή</span> <span class='ocrx_word' id='word_1_159' title='bbox 285 2471 383 2535; x_wconf 78' lang='grc' dir='ltr'>ἐλθὸν</span> <span class='ocrx_word' id='word_1_160' title='bbox 398 2470 570 2536; x_wconf 83' lang='grc' dir='ltr'>ἀπολέσθαι</span> <span class='ocrx_word' id='word_1_161' title='bbox 585 2470 737 2551; x_wconf 84' lang='grc' dir='ltr'>ἐφέστιος,</span> <span class='ocrx_word' id='word_1_162' title='bbox 754 2469 793 2535; x_wconf 80' lang='grc' dir='ltr'>ὥς</span> <span class='ocrx_word' id='word_1_163' title='bbox 807 2468 1004 2552; x_wconf 86' lang='grc' dir='ltr'>Ἀγαμέμνων</span> 
     </span>
     <span class='ocr_line' id='line_1_22' title="bbox 251 2572 1031 2658; baseline -0.004 -19"><span class='ocrx_word' id='word_1_164' title='bbox 251 2573 339 2639; x_wconf 82' lang='grc' dir='ltr'>ὤλεθ’</span> <span class='ocrx_word' id='word_1_165' title='bbox 355 2573 405 2638; x_wconf 82' lang='grc' dir='ltr'>ὑπ’</span> <span class='ocrx_word' id='word_1_166' title='bbox 421 2575 582 2656; x_wconf 77' lang='grc' dir='ltr'>Αἰγίσθοιο</span> <span class='ocrx_word' id='word_1_167' title='bbox 597 2574 678 2658; x_wconf 82' lang='grc' dir='ltr'>δάλφ</span> <span class='ocrx_word' id='word_1_168' title='bbox 695 2574 744 2637; x_wconf 89' lang='grc' dir='ltr'>καὶ</span> <span class='ocrx_word' id='word_1_169' title='bbox 759 2572 795 2653; x_wconf 77' lang='grc' dir='ltr'>ἧς</span> <span class='ocrx_word' id='word_1_170' title='bbox 810 2574 944 2657; x_wconf 90' lang='grc' dir='ltr'>ἀλόχοιο.</span> <span class='ocrx_word' id='word_1_171' title='bbox 1028 2625 1031 2636; x_wconf 88' lang='grc'>.</span> 
     </span>
     <span class='ocr_line' id='line_1_23' title="bbox 251 2675 995 2760; baseline 0 -18"><span class='ocrx_word' id='word_1_172' title='bbox 251 2677 321 2742; x_wconf 86' lang='grc' dir='ltr'>ἀλλ’</span> <span class='ocrx_word' id='word_1_173' title='bbox 334 2677 353 2757; x_wconf 80' lang='grc' dir='ltr'><em>ἦ</em></span> <span class='ocrx_word' id='word_1_174' title='bbox 369 2703 414 2742; x_wconf 91' lang='grc' dir='ltr'>τοι</span> <span class='ocrx_word' id='word_1_175' title='bbox 431 2677 560 2742; x_wconf 83' lang='grc' dir='ltr'>θάνατον</span> <span class='ocrx_word' id='word_1_176' title='bbox 574 2679 630 2756; x_wconf 82' lang='grc' dir='ltr'>μέν</span> <span class='ocrx_word' id='word_1_177' title='bbox 644 2675 761 2757; x_wconf 79' lang='grc' dir='ltr'>ὁμοίιον</span> <span class='ocrx_word' id='word_1_178' title='bbox 777 2677 844 2742; x_wconf 78' lang='grc' dir='ltr'>οὐδὲ</span> <span class='ocrx_word' id='word_1_179' title='bbox 861 2679 925 2742; x_wconf 92' lang='grc' dir='ltr'>θεοί</span> <span class='ocrx_word' id='word_1_180' title='bbox 939 2704 995 2760; x_wconf 93' lang='grc' dir='ltr'>περ</span> 
     </span>
     <span class='ocr_line' id='line_1_24' title="bbox 252 2780 1099 2866; baseline 0.005 -21"><span class='ocrx_word' id='word_1_181' title='bbox 252 2782 300 2845; x_wconf 88' lang='grc' dir='ltr'>καὶ</span> <span class='ocrx_word' id='word_1_182' title='bbox 316 2783 398 2866; x_wconf 81' lang='grc' dir='ltr'>φίλῳ</span> <span class='ocrx_word' id='word_1_183' title='bbox 415 2782 499 2862; x_wconf 86' lang='grc' dir='ltr'>ἀνδρὶ</span> <span class='ocrx_word' id='word_1_184' title='bbox 515 2781 653 2846; x_wconf 81' lang='grc' dir='ltr'>δύνανται</span> <span class='ocrx_word' id='word_1_185' title='bbox 668 2780 849 2860; x_wconf 86' lang='grc' dir='ltr'>ἀλαλκέμεν,</span> <span class='ocrx_word' id='word_1_186' title='bbox 866 2782 982 2849; x_wconf 86' lang='grc' dir='ltr'>ὁππότε</span> <span class='ocrx_word' id='word_1_187' title='bbox 998 2809 1050 2848; x_wconf 89' lang='grc' dir='ltr'>κεν</span> <span class='ocrx_word' id='word_1_188' title='bbox 1065 2783 1099 2863; x_wconf 75' lang='grc' dir='ltr'>δή</span> 
     </span>
     <span class='ocr_line' id='line_1_25' title="bbox 250 2883 963 2970; baseline -0.003 -21"><span class='ocrx_word' id='word_1_189' title='bbox 250 2885 328 2969; x_wconf 83' lang='grc' dir='ltr'>μοῖρ’</span> <span class='ocrx_word' id='word_1_190' title='bbox 340 2886 416 2965; x_wconf 78' lang='grc' dir='ltr'>ὀλοὴ</span> <span class='ocrx_word' id='word_1_191' title='bbox 433 2887 581 2970; x_wconf 78' lang='grc' dir='ltr'>καθέλῃσι</span> <span class='ocrx_word' id='word_1_192' title='bbox 595 2883 777 2965; x_wconf 83' lang='grc' dir='ltr'>τανηλεγέος</span> <span class='ocrx_word' id='word_1_193' title='bbox 792 2883 963 2948; x_wconf 89' lang='grc' dir='ltr'>θανάτοιο.”</span> 
     </span>
    </p>

    <p class='ocr_par' dir='ltr' id='par_1_5' title="bbox 248 2987 1199 3796">
     <span class='ocr_line' id='line_1_26' title="bbox 293 2987 1059 3072; baseline 0.001 -19"><span class='ocrx_word' id='word_1_194' title='bbox 293 2990 358 3070; x_wconf 78' lang='grc' dir='ltr'>Τὴν</span> <span class='ocrx_word' id='word_1_195' title='bbox 373 2989 399 3053; x_wconf 88' lang='grc' dir='ltr'>δ’</span> <span class='ocrx_word' id='word_1_196' title='bbox 414 2988 451 3054; x_wconf 74' lang='grc' dir='ltr'>αὖ</span> <span class='ocrx_word' id='word_1_197' title='bbox 464 2987 646 3072; x_wconf 84' lang='grc' dir='ltr'>Τηλέμαχος</span> <span class='ocrx_word' id='word_1_198' title='bbox 659 2987 845 3069; x_wconf 88' lang='grc' dir='ltr'>πεπνυμένος</span> <span class='ocrx_word' id='word_1_199' title='bbox 860 2989 962 3053; x_wconf 88' lang='grc' dir='ltr'>ἀντίον</span> <span class='ocrx_word' id='word_1_200' title='bbox 977 2991 1059 3069; x_wconf 77' lang='grc' dir='ltr'>ηὔδα·</span> 
     </span>
     <span class='ocr_line' id='line_1_27' title="bbox 251 3090 1064 3176; baseline 0.002 -20"><span class='ocrx_word' id='word_1_201' title='bbox 251 3098 273 3130; x_wconf 87' lang='lat'><em>“</em></span> <span class='ocrx_word' id='word_1_202' title='bbox 283 3092 411 3174; x_wconf 85' lang='grc' dir='ltr'>Μέντορ,</span> <span class='ocrx_word' id='word_1_203' title='bbox 425 3093 530 3173; x_wconf 88' lang='grc' dir='ltr'>μηκέτι</span> <span class='ocrx_word' id='word_1_204' title='bbox 545 3096 638 3156; x_wconf 77' lang='grc' dir='ltr'>ταῦτα</span> <span class='ocrx_word' id='word_1_205' title='bbox 653 3090 812 3174; x_wconf 78' lang='grc' dir='ltr'>λεγοίμεθα</span> <span class='ocrx_word' id='word_1_206' title='bbox 828 3094 986 3172; x_wconf 87' lang='grc' dir='ltr'>κηδόμενοί</span> <span class='ocrx_word' id='word_1_207' title='bbox 999 3116 1064 3176; x_wconf 89' lang='grc' dir='ltr'>περ·</span> 
     </span>
     <span class='ocr_line' id='line_1_28' title="bbox 250 3193 997 3280; baseline -0.001 -20"><span class='ocrx_word' id='word_1_208' title='bbox 250 3196 337 3280; x_wconf 79' lang='grc' dir='ltr'>κείνῳ</span> <span class='ocrx_word' id='word_1_209' title='bbox 353 3195 377 3260; x_wconf 89' lang='grc' dir='ltr'>δ’</span> <span class='ocrx_word' id='word_1_210' title='bbox 393 3195 490 3261; x_wconf 81' lang='grc' dir='ltr'>οὐκέτι</span> <span class='ocrx_word' id='word_1_211' title='bbox 505 3195 613 3260; x_wconf 90' lang='grc' dir='ltr'>νόστος</span> <span class='ocrx_word' id='word_1_212' title='bbox 629 3193 782 3273; x_wconf 86' lang='grc' dir='ltr'>ἐτήτυμος,</span> <span class='ocrx_word' id='word_1_213' title='bbox 799 3193 881 3256; x_wconf 87' lang='grc' dir='ltr'>ἀλλά</span> <span class='ocrx_word' id='word_1_214' title='bbox 896 3196 925 3258; x_wconf 75' lang='grc' dir='ltr'>οἱ</span> <span class='ocrx_word' id='word_1_215' title='bbox 940 3194 997 3274; x_wconf 87' lang='grc' dir='ltr'>ήδη</span> 
     </span>
     <span class='ocr_line' id='line_1_29' title="bbox 250 3297 1049 3383; baseline 0.003 -19"><span class='ocrx_word' id='word_1_216' title='bbox 250 3299 420 3383; x_wconf 79' lang='grc' dir='ltr'>φράσσαντ’</span> <span class='ocrx_word' id='word_1_217' title='bbox 436 3299 581 3364; x_wconf 88' lang='grc' dir='ltr'>ἀθάνατοι</span> <span class='ocrx_word' id='word_1_218' title='bbox 595 3297 724 3362; x_wconf 86' lang='grc' dir='ltr'>θάνατον</span> <span class='ocrx_word' id='word_1_219' title='bbox 739 3299 789 3363; x_wconf 86' lang='grc' dir='ltr'>καὶ</span> <span class='ocrx_word' id='word_1_220' title='bbox 806 3300 880 3381; x_wconf 81' lang='grc' dir='ltr'>κῆρα</span> <span class='ocrx_word' id='word_1_221' title='bbox 894 3297 1049 3378; x_wconf 89' lang='grc' dir='ltr'>μέλαιναν.</span> 
     </span>
     <span class='ocr_line' id='line_1_30' title="bbox 250 3402 1048 3484; baseline 0.003 -14"><span class='ocrx_word' id='word_1_222' title='bbox 250 3409 302 3470; x_wconf 81' lang='grc' dir='ltr'>νῦν</span> <span class='ocrx_word' id='word_1_223' title='bbox 317 3402 343 3468; x_wconf 89' lang='grc' dir='ltr'>δ’</span> <span class='ocrx_word' id='word_1_224' title='bbox 359 3405 453 3470; x_wconf 85' lang='grc' dir='ltr'>ἐθέλω</span> <span class='ocrx_word' id='word_1_225' title='bbox 469 3404 541 3471; x_wconf 86' lang='grc' dir='ltr'>ἐπος</span> <span class='ocrx_word' id='word_1_226' title='bbox 556 3404 636 3468; x_wconf 88' lang='grc' dir='ltr'>άλλο</span> <span class='ocrx_word' id='word_1_227' title='bbox 650 3404 844 3481; x_wconf 80' lang='grc' dir='ltr'>μεταλλῆσαι</span> <span class='ocrx_word' id='word_1_228' title='bbox 862 3402 910 3468; x_wconf 82' lang='grc' dir='ltr'>καὶ</span> <span class='ocrx_word' id='word_1_229' title='bbox 925 3402 1048 3484; x_wconf 88' lang='grc' dir='ltr'>ἐρέσθαι</span> 
     </span>
     <span class='ocr_line' id='line_1_31' title="bbox 250 3505 1047 3590; baseline 0.006 -20"><span class='ocrx_word' id='word_1_230' title='bbox 250 3507 391 3589; x_wconf 89' lang='grc' dir='ltr'>Νέστορ’,</span> <span class='ocrx_word' id='word_1_231' title='bbox 407 3509 473 3574; x_wconf 87' lang='grc' dir='ltr'>ἐπεὶ</span> <span class='ocrx_word' id='word_1_232' title='bbox 488 3509 623 3590; x_wconf 79' lang='grc' dir='ltr'>περίοιδε,</span> <span class='ocrx_word' id='word_1_233' title='bbox 638 3508 723 3571; x_wconf 89' lang='grc' dir='ltr'>δίκας</span> <span class='ocrx_word' id='word_1_234' title='bbox 737 3505 790 3584; x_wconf 83' lang='grc' dir='ltr'>ήδέ</span> <span class='ocrx_word' id='word_1_235' title='bbox 805 3508 914 3588; x_wconf 92' lang='grc' dir='ltr'>φρόνιν</span> <span class='ocrx_word' id='word_1_236' title='bbox 931 3506 1047 3575; x_wconf 83' lang='grc' dir='ltr'>ἀλλων·</span> 
     </span>
     <span class='ocr_line' id='line_1_32' title="bbox 248 3607 1199 3694; baseline -0.002 -18"><span class='ocrx_word' id='word_1_237' title='bbox 248 3610 311 3694; x_wconf 80' lang='grc' dir='ltr'>τρὶς</span> <span class='ocrx_word' id='word_1_238' title='bbox 325 3611 383 3694; x_wconf 84' lang='grc' dir='ltr'>γὰρ</span> <span class='ocrx_word' id='word_1_239' title='bbox 399 3609 436 3688; x_wconf 89' lang='grc' dir='ltr'>δή</span> <span class='ocrx_word' id='word_1_240' title='bbox 450 3611 502 3692; x_wconf 88' lang='grc' dir='ltr'>μίν</span> <span class='ocrx_word' id='word_1_241' title='bbox 520 3619 617 3693; x_wconf 88' lang='grc' dir='ltr'>φασιν</span> <span class='ocrx_word' id='word_1_242' title='bbox 633 3607 804 3692; x_wconf 81' lang='grc' dir='ltr'>ἀνάξασθαι</span> <span class='ocrx_word' id='word_1_243' title='bbox 820 3608 898 3692; x_wconf 86' lang='grc' dir='ltr'>γένε’</span> <span class='ocrx_word' id='word_1_244' title='bbox 916 3611 1043 3694; x_wconf 79' lang='grc' dir='ltr'>ἀνδρῶν,</span> <span class='ocrx_word' id='word_1_245' title='bbox 1153 3637 1199 3689; x_wconf 74' lang='lat'>²45</span> 
     </span>
     <span class='ocr_line' id='line_1_33' title="bbox 249 3711 978 3796; baseline -0.004 -16"><span class='ocrx_word' id='word_1_246' title='bbox 249 3717 289 3784; x_wconf 82' lang='grc' dir='ltr'>ὥς</span> <span class='ocrx_word' id='word_1_247' title='bbox 305 3715 339 3780; x_wconf 93' lang='grc' dir='ltr'>τέ</span> <span class='ocrx_word' id='word_1_248' title='bbox 349 3739 402 3795; x_wconf 91' lang='grc' dir='ltr'>μοι</span> <span class='ocrx_word' id='word_1_249' title='bbox 419 3711 565 3781; x_wconf 87' lang='grc' dir='ltr'>ἀθάνατος</span> <span class='ocrx_word' id='word_1_250' title='bbox 577 3714 755 3782; x_wconf 77' lang='grc' dir='ltr'>ἰνδάλλεται</span> <span class='ocrx_word' id='word_1_251' title='bbox 771 3712 978 3796; x_wconf 78' lang='grc' dir='ltr'>εἰσοράασθαι.</span> 
     </span>
    </p>

    <p class='ocr_par' dir='ltr' id='par_1_6' title="bbox 695 3833 755 3884">
     <span class='ocr_line' id='line_1_34' title="bbox 695 3833 755 3884; baseline 0.033 -2"><span class='ocrx_word' id='word_1_252' title='bbox 695 3833 720 3882; x_wconf 88' lang='grc' dir='ltr'>Τ</span> <span class='ocrx_word' id='word_1_253' title='bbox 737 3836 755 3884; x_wconf 83' lang='lat'><em>2</em></span> 
     </span>
    </p>
   </div>
   <div class='ocr_carea' id='block_1_3' title="bbox 0 0 1458 4232">
    <p class='ocr_par' dir='ltr' id='par_1_7' title="bbox 0 0 1458 4232">
     <span class='ocr_line' id='line_1_35' title="bbox 0 0 1458 4232; baseline 0 0"><span class='ocrx_word' id='word_1_254' title='bbox 0 0 1458 4232; x_wconf 95' lang='lat' dir='ltr'> </span> 
     </span>
    </p>
   </div>
  </div>
 </body>
</html>
