2792 4232
504 354 551 420 17.
577 343 748 404 1A1AA02
772 345 802 406 P.
1058 347 1122 428 3⁶5

174 506 220 587 άψ
234 506 258 570 τ’
279 507 477 590 ἀνεχώρησαν
493 507 542 572 διό
560 507 586 572 τ’
603 509 731 590 ἔτρεσαν
746 512 872 579 ἄλλυδις
888 513 994 579 ἄλλος.

175 609 211 674 ῶς
225 614 328 690 Τρῶες
345 610 399 688 ήος
420 613 476 690 μέν
492 612 639 688 ὁμιλαδὸν
655 615 720 676 αἰὲν
737 614 855 691 ἕποντο,
1068 640 1117 693 730

175 715 335 778 νύσσοντες
352 711 477 794 ξίφεσίν
493 740 526 778 τε
543 713 590 778 καί
608 715 734 798 ἔγχεσιν
750 718 958 800 ἀμφιγύοισιν·

175 814 242 877 ἀλλ’
258 817 310 880 ὅτε
325 814 361 894 δή
375 817 401 897 ῤ’
420 819 531 899 Αίαντε
545 819 809 908 μεταστρεφθέντε
825 821 888 884 κατ’
905 821 1012 889 αὖτοὺς

175 919 330 998 σταίησαν,
346 926 406 984 τῶν
421 923 453 984 δὲ
468 920 597 1003 τράπετο
613 917 701 1004 χρῶς,
718 923 787 987 οδδέ
802 949 847 990 τις
863 924 935 1004 ἔτλη

175 1024 299 1104 πρόσσω
316 1021 403 1101 ἀίξας
420 1022 488 1105 περὶ
504 1031 609 1106 νεκροῦ
625 1025 816 1116 δηριάασθαι.

210 1124 273 1192 Ὣς
289 1128 320 1190 οἵ
333 1125 361 1209 γ’
380 1129 555 1207 ἐμμεμαῶτε
572 1127 660 1192 νέκυν
675 1129 770 1210 φέρον
786 1134 819 1195 ἐκ
835 1130 982 1210 πολέμοιο
1073 1155 1120 1209 735

175 1232 244 1306 νῆας
260 1229 310 1295 ἔπι
325 1230 493 1313 γλαφυράς·
526 1232 576 1296 ἐπί
592 1234 624 1296 δὲ
639 1239 790 1324 πτόλεμος
804 1233 912 1297 τέτατό
927 1243 1005 1317 σφιν

173 1331 274 1414 θγριος
289 1332 360 1412 ἠύτε
376 1339 442 1415 πῦρ,
459 1337 495 1398 τό
510 1334 534 1398 τ’
552 1336 760 1414 ἐπεσσύμενον
775 1339 867 1400 πόλιν
883 1340 998 1420 ἀνδρῶν

175 1437 298 1518 ὄρμενον
314 1433 460 1520 ἐξαίφνης
476 1438 632 1521 φλεγέθει,
646 1440 805 1518 μινύθουσι
820 1443 853 1504 δὲ
869 1427 947 1506 οἰκοι
969 1431 972 1438 ’
989 1455 996 1506 ·,
1013 1429 1020 1446 ’
1079 1433 1082 1440 ’
1111 1423 1114 1436 ¹

174 1542 206 1604 ἐν
221 1541 312 1604 σέλαι·
326 1539 461 1626 μεγάλῳ·
494 1542 528 1606 τὸ
541 1537 567 1606 δ’
585 1541 744 1625 ἐπιβρέμει
757 1543 789 1610 te
804 1535 936 1623 ἀνέμοιο.

174 1644 213 1710 ῶς
226 1646 283 1723 μὲν
297 1650 361 1711 τοῖς
377 1647 478 1732 ίππων
491 1667 527 1710 τε
544 1646 593 1709 καὶ
610 1641 726 1728 ἀνδρῶν
740 1647 918 1729 αἰχμητάων
1040 1685 1042 1692 ,
1070 1661 1121 1724 '740

173 1748 285 1831 ἀζηχὴς
301 1749 467 1832 ἀρὐμαγδάς
481 1747 588 1828 ἐπήϊεν
603 1749 824 1832 ἐρχομένοισιν·
876 1745 878 1748 ’

172 1853 201 1916 οἰ
216 1854 241 1916 δ’
259 1854 299 1919 ὥς
313 1853 341 1916 θ’
357 1853 477 1931 ἡμίονοι
493 1852 636 1934 κρατερὸν
650 1852 740 1932 μένας
754 1855 989 1934 ἀμφιβαλόντες
1022 1893 1024 1898 -
1041 1907 1044 1914 .

173 1948 281 2018 ἔλκωσ’
298 1955 336 2035 ἐξ
344 1958 431 2038 ὄρεος
447 1957 522 2024 κατά
538 1958 776 2020 παιπαλόεσσαν
791 1949 926 2038 ἀταρπὸν
1043 2013 1046 2020 .
1111 1967 1113 1975 ’

172 2055 295 2136 ήδακδν
309 2060 344 2139 ήέ
361 2061 431 2142 δόρυ
446 2057 525 2143 μέγα
541 2057 634 2139 νήϊον·
667 2062 699 2124 ἐν
714 2060 748 2123 δέ
764 2081 796 2124 τε
811 2061 904 2139 θυμὸς
1019 2093 1024 2100 =

173 2163 277 2243 τείρεθ’
295 2166 369 2244 ὁμοῦ
385 2163 505 2249 καμάτῳ
521 2187 554 2227 τε
571 2161 619 2226 καὶ
635 2163 706 2248 ἰδρῷ
723 2165 974 2228 σπευδόντεσσιν·
1002 2223 1003 2228 ,
1024 2157 1025 2162 ¹
1072 2189 1120 2242 745

172 2266 212 2332 ῶς
227 2269 299 2351 οἵγ’
316 2270 491 2349 ἐμμεμαῶτε
507 2263 595 2332 νέκυν
610 2267 715 2349 φέρου.
758 2264 854 2348 ἀύτδρ
866 2270 998 2333 ὄπισθεν

173 2369 277 2435 Αἴαντ’
295 2371 471 2455 ἰσχανέτην,
489 2373 529 2436 ὥς
545 2393 578 2435 τε
593 2371 677 2452 πρδυ
692 2368 813 2453 ἰσχάνει
828 2372 906 2453 ὕδωρ

171 2472 282 2553 ὑλήεις,
299 2476 416 2538 πεδίοιο
430 2474 610 2556 διαπρύσιον
625 2474 804 2556 τετυχηκός,
871 2511 872 2516 ¹
981 2493 983 2496 '

171 2576 205 2641 ὅς
221 2602 253 2640 τε
269 2579 319 2642 καὶ
336 2579 469 2659 ἰφθίμων
484 2583 626 2656 ποταμῶν
642 2579 786 2659 ἀλεγεινά
799 2575 908 2660 ῥέεθρα

171 2682 263 2762 ἴσχει,
281 2681 364 2762 όφαρ
380 2681 414 2744 δέ
430 2705 462 2745 τε
479 2685 556 2744 πᾶσι
570 2681 644 2763 ῥόον
658 2682 798 2744 πεδίονδε
812 2676 915 2758 τίθησι
1072 2702 1120 2756 750

172 2782 303 2862 πλάζων·
334 2781 403 2848 οἰδέ
418 2784 450 2847 τί
462 2806 515 2864 μιν
531 2784 635 2847 σθένεϊ
648 2787 776 2867 ῥηγνῦσι
790 2779 921 2866 ῥέοντες·

169 2886 212 2951 ῶς
226 2883 286 2950 αἰεὶ
302 2889 415 2952 Αἴαντε
430 2886 533 2970 μάχην
550 2883 694 2968 ἀνέεργον
710 2887 831 2949 ὀπίσσω

169 2990 290 3069 Τριόων·
324 2990 353 3053 οἱ
369 2990 394 3054 δ’
413 2989 462 3070 ἀμ’
479 2991 598 3068 ἕποντο,
615 2990 673 3054 δύω
688 2989 713 3053 δ’
732 2992 765 3054 ἐν
779 2995 861 3052 τοῖσι
876 2989 1022 3068 μάλιστα,

170 3093 291 3158 Αἰνείας
304 3091 334 3156 τ’
349 3092 553 3176 Ἀγχισιάδης
569 3091 617 3156 καὶ
633 3096 776 3173 φαίδιμος
786 3091 914 3174 Ἕκτωρ.

169 3202 231 3262 τῶν
245 3195 272 3260 δ’
287 3199 328 3263 ῶς
342 3221 376 3260 τε
391 3204 502 3279 φορῶν
517 3197 609 3278 νέφος
625 3199 746 3280 ἔρχεται
761 3197 796 3276 ήέ
809 3203 950 3273 κολοιῶν,
1071 3213 1118 3272 755

169 3300 263 3364 οὖλον
279 3300 488 3384 κεκλήγοντες,
507 3303 557 3366 ὅτε
573 3300 739 3382 προΐδωσιν
755 3302 840 3365 ἰόντα

166 3405 280 3486 κίρκον,
298 3408 364 3471 ὅτε
380 3409 524 3493 σμικρῇσι
540 3408 638 3486 φόνον
654 3403 741 3486 φέρει
757 3404 940 3484 ὀρνίθεσσιν,

168 3509 210 3574 ῶς
222 3508 268 3591 ἀρ’
285 3511 335 3574 ὑπ’
353 3510 458 3594 Αἰνεία
474 3529 506 3574 τε
523 3507 571 3572 καί
579 3507 704 3589 Ἕκτορι
718 3512 817 3588 κοῦροι
834 3505 967 3588 Ἀχαιῶν
1000 3529 1002 3536 ⁴
1114 3575 1115 3582 η

166 3613 261 3678 οὖλον
277 3609 480 3695 κεκλήγοντες
494 3615 575 3688 ἰσαν,
591 3610 724 3690 λήθοντο
739 3612 772 3672 δὲ
786 3608 914 3691 χάρμης.
965 3637 968 3640 ·

167 3722 274 3782 πολλά
290 3720 324 3782 δὲ
338 3718 449 3800 τεύχεα
464 3720 543 3780 καλδ
558 3715 654 3780 πέσον
669 3715 741 3795 περί
752 3713 778 3776 τ’
794 3714 875 3793 ἀμφί
888 3737 922 3776 τε
933 3710 1050 3793 τάφρον
1071 3722 1118 3785 76α

167 3825 347 3906 φευγόντων
363 3826 502 3886 Δαναῶν·
531 3817 665 3899 πολέμου
681 3815 707 3882 δ’
723 3817 758 3882 οὔ
772 3813 884 3900 γίγνετ’
901 3813 987 3897 ἐρωή.
