2834 4234
483 363 533 424 1-4.
552 349 787 410 ολτνυυικυ
811 347 848 412 Ξ.
1080 359 1142 429 739

189 518 222 580 έν
236 518 395 599 χείρεσσιν
411 518 527 597 έθηκεν,
544 519 626 585 ὅπως
642 520 686 583 έτι
702 523 786 599 πῆμα
801 517 937 601 φύγοιμι.

189 622 232 706 τῷ
245 623 284 704 ῥα
298 624 515 704 περιπλεχθεὶς
530 623 668 704 φερόμην
682 624 784 688 ὀλοοῖς
800 623 965 702 ἀνέμοισιν.

190 727 318 806 ἐννῆμαρ
335 727 481 807 φερόμην,
497 725 606 813 δεκάτῃ
621 726 655 792 δέ
668 753 705 806 με
721 723 803 792 νυκτὶ
817 727 945 810 μελαίνῃ

189 828 261 915 γαίῃ
278 832 473 909 Θεσπρωτῶν
487 831 624 895 πέλασεν
637 829 716 913 μέγα
731 835 807 909 κῶμα
824 831 974 892 κυλίνδον.
1093 855 1140 906 315

191 933 264 996 ἔνθα
277 957 315 1012 με
332 936 526 1014 Θεσπρωτῶν
540 933 690 1014 βασιλεὺς
706 934 891 1012 ἐκομίσσατο
907 933 1025 996 Φείδων

190 1035 269 1116 ἥρως
285 1035 442 1116 ἀπριάτην·
473 1043 526 1099 τοῦ
541 1040 599 1118 γὰρ
615 1039 708 1118 φίλος
723 1037 787 1103 υίὸς
803 1037 942 1100 ἐπελθὼν

190 1141 282 1223 αίθριρ
299 1141 347 1203 καὶ
364 1139 483 1224 καμάτῳ
498 1140 679 1220 δεδμημένον
695 1140 768 1222 ἦγεν
783 1142 815 1206 ε’ς
830 1140 923 1217 οἶκον,

189 1249 290 1325 χειρὸς
305 1242 488 1322 ἀναστήσας,
505 1241 573 1324 ὄφρ’
589 1245 670 1307 ἵκετο
689 1244 808 1320 δόματα
823 1244 943 1325 πατρός·

191 1344 269 1427 ἀμφὶ
288 1345 321 1410 δέ
335 1373 373 1427 με
387 1346 517 1430 χλαῖνάν
532 1373 565 1411 τε
579 1347 695 1429 χιτῶνά
712 1372 745 1411 τε
761 1349 868 1427 είματα
883 1347 986 1411 ἕσσεν.
1091 1371 1142 1420 320

191 1450 251 1513 ἔνθ’
266 1448 415 1528 Ὀδυσῆος
430 1452 488 1531 ἐγὼ
503 1443 648 1530 πυθόμην·
661 1494 663 1500 ·
679 1455 776 1516 κεῖνος
791 1453 848 1532 γὰρ
866 1450 982 1530 ἔφασκε
1047 1477 1049 1482 ·

192 1551 321 1631 ξεινίσαι
337 1553 388 1632 ἠδὲ
405 1558 539 1634 φιλῆσαι
556 1552 628 1616 ἰόντ’
644 1557 675 1620 ἐς
691 1555 819 1635 πατρίδα
833 1560 932 1636 γαῖαν,

191 1657 242 1719 καί
256 1683 305 1737 μοι
323 1654 444 1736 κτήματ’
460 1657 575 1736 ἔδειξεν
591 1659 651 1722 ὅσα
667 1655 852 1740 ξυναγείρατ’
865 1655 1041 1735 Ὀδυσσεύς,

191 1761 307 1842 χαλκόν
322 1787 355 1824 τε
370 1762 484 1841 χρυσόν
499 1786 533 1824 τε
548 1762 739 1838 πολύκμητόν
754 1787 788 1824 τε
804 1762 937 1841 σίδηρον.

192 1866 242 1927 καί
256 1865 291 1929 νύ
307 1889 358 1928 κεν
374 1866 405 1930 ές
420 1865 546 1941 δεκάτην
560 1865 669 1946 γενεὴν
683 1864 784 1945 ἔτερόν
799 1863 827 1946 γ’
844 1865 888 1927 ἔτι
903 1867 1024 1944 βόσκοι·
1093 1891 1141 1940 325

191 1970 290 2031 τόσσα
306 1970 334 2030 οἱ
351 1970 383 2030 ἓν
397 1967 539 2049 μεγάροις
556 1966 695 2046 κειμήλια
711 1972 791 2030 κεῖτο
807 1967 942 2031 ἄνακτος.

193 2072 246 2135 τὸν
262 2068 286 2134 δ’
303 2071 334 2136 ἔς
351 2071 502 2148 Δωδιόνην
517 2070 598 2152 φάτο
613 2069 755 2150 βήμεναι,
770 2073 851 2152 Ἰόφρα
868 2076 950 2134 θεοῖο

191 2177 223 2237 ἐκ
240 2174 325 2255 δρυὸς
339 2176 503 2255 ὑψικόμοιο
519 2179 593 2239 Διὸς
607 2174 727 2254 βουλὴν
741 2174 915 2249 ἐπακούσαι,

193 2280 298 2343 ὅππως
314 2275 467 2356 νοστήσει’
481 2275 600 2355 Ἰθάκης
615 2279 645 2344 ἐς
661 2280 751 2342 πίονα
767 2281 859 2359 δῆμον

191 2383 246 2461 ἤδη
262 2384 317 2461 δὴν
333 2383 441 2456 ἀπεών,
458 2379 476 2459 ἢ
494 2383 632 2462 ἀμφαδὸν
648 2381 683 2462 ἦε
698 2383 859 2464 κρυφηδόν.
1090 2410 1141 2459 330

192 2487 293 2564 ὤμοσε
308 2489 340 2550 δὲ
355 2492 429 2566 πρὸς
446 2483 490 2566 ἔμ’
506 2487 603 2562 αὐτόν,
622 2485 821 2550 ἀποσπένδων
837 2486 881 2549 ένὶ
898 2488 979 2570 οἴκῳ,

192 2591 246 2666 νῆα
262 2590 452 2671 κατειρύσθαι
468 2591 517 2654 καὶ
533 2589 677 2672 ἐπαρτέας
693 2589 785 2669 ἔμμεν
803 2590 946 2670 ἑταίρους,

192 2693 220 2758 οἳ
235 2695 271 2770 δή
286 2719 337 2774 μιν
352 2693 510 2775 πέμψουσι
527 2694 623 2774 φίλην
638 2696 669 2759 ἐς
683 2694 810 2774 πατρίδα
824 2699 922 2781 γαῖαν.

193 2795 263 2859 ἀλλ’
279 2799 332 2879 ἐμὲ
348 2799 419 2878 πρὶν
434 2796 606 2878 ἀπέπεμψε·
637 2797 752 2880 τύχησε
765 2800 823 2879 γὰρ
840 2797 987 2880 ἐρχομένη
1004 2803 1076 2876 νηῦς

192 2902 306 2974 ἀνδρῶν
323 2905 517 2981 Θεσπρωτῶν
533 2903 563 2966 ές
581 2903 748 2985 Δουλίχιον
762 2901 943 2982 πολύπυρον.
1091 2929 1140 2978 335

192 3003 253 3069 ἔνθ’
268 3004 286 3068 ό
301 3006 337 3087 γέ
350 3003 381 3085 μ’
398 3005 508 3088 ἠυιίγει
525 3004 643 3086 πέμψαι
658 3007 791 3085 βασιλῆϊ
804 3002 942 3089 Ἀκάστῳ

192 3109 344 3175 ἐνδυκέως·
375 3114 474 3174 τοῖσιν
489 3112 521 3173 δὲ
538 3109 611 3186 κακὴ
629 3110 740 3189 φρεσὶν
755 3108 864 3186 ἥνδανε
879 3108 979 3188 βουλὴ

193 3210 268 3293 ἀμφ’
284 3213 359 3292 ἐμοί,
376 3209 444 3294 ὄφρ’
461 3213 504 3275 ἔτι
520 3210 623 3294 πάγχυ
638 3211 707 3288 δύης
723 3208 772 3274 ἐπὶ
788 3214 871 3290 πῆμα
886 3213 1038 3292 γενοίμην.

192 3313 262 3378 ἀλλ’
278 3316 328 3378 ὅτε
343 3317 429 3397 γαίης
444 3314 562 3379 πολλὸν
579 3315 705 3379 ἀπέπλω
722 3315 905 3396 ποντοπόρος
921 3321 1002 3394 νηῦς,

194 3418 299 3482 αύτίκα
315 3420 437 3483 δούλιον
451 3419 530 3500 ἦμαρ
547 3420 612 3499 ἐμοὶ
628 3419 903 3500 περιμηχανόωντο.
1092 3447 1142 3497 340

194 3526 227 3586 έκ
243 3522 299 3602 μέν
314 3549 351 3602 με
366 3522 496 3606 χλαῖνάν
511 3549 543 3586 τε
558 3521 673 3606 χιτῶνά
687 3546 721 3585 τε
737 3521 832 3600 εἵματ’
850 3522 969 3599 ἔδυσαν,

193 3624 272 3707 ἀμφὶ
287 3625 320 3690 δέ
334 3651 385 3705 μοι
399 3627 488 3709 ῥάκος
503 3625 582 3690 ἀλλο
599 3623 689 3689 κακὸν
704 3624 804 3705 βάλον
820 3625 871 3704 ἠδὲ
886 3630 1011 3707 χιτῶνα,

191 3729 342 3814 ῥωγαλέα,
358 3730 395 3794 τὰ
413 3728 461 3794 καὶ
476 3731 563 3797 αὐτὸς
579 3733 612 3795 έν
627 3730 835 3811 ὀφθαλμοῖσιν
850 3731 945 3812 όρηαι·

621 3849 642 3898 Β
657 3834 679 3898 b
698 3851 716 3898 2
946 3841 948 3845 ’
