2874 4234
509 347 541 418 9:
561 338 801 402 ΟΔΎΣΣΕΙΑΣ
820 339 855 400 L·
1103 340 1166 422 647

216 504 297 586 μῆλ’,
314 505 377 570 ὅϊές
392 530 424 568 τε
441 505 490 568 καὶ
501 506 589 587 ,αἶγες
606 505 756 572 ἰαύεσκον·
779 507 847 586 περὶ
863 507 888 570 δ’
904 507 981 586 αὐλὴ

215 609 320 690 ὑψηλὴ
337 608 462 689 δέδμητο
478 609 704 692 κατωρυχέεσσι
718 612 834 675 λίθοισι
1121 627 1166 688 185

214 711 364 798 μακρῇσίν
380 736 412 775 τε
428 713 573 776 πίτυσσιν
592 714 635 776 ἰδὲ
651 715 756 792 δρυσὶν
770 713 976 794 ὑψικόμοισιν.

217 813 289 879 ἐνθα
304 815 329 878 δ’
346 815 420 896 ἀνὴρ
437 816 533 879 ἐνίαυε
549 816 707 897 πελεύριος,
724 817 758 882 ὅς
771 816 811 898 ῥά
825 842 858 880 τε
872 819 956 896 μῆλα

216 918 279 984 οἶος
294 919 510 998 ποιμαίνεσκεν
526 920 709 1000 ἀπόπροθεν·
733 919 801 983 οὑδὲ
817 919 881 1000 μετ’
896 920 1009 987 ἀλλους

215 1022 346 1098 πωλεῖτ’,
362 1022 433 1086 ἀλλ’
449 1020 617 1087 ἀπάνευθεν
632 1024 690 1087 ἐὼν
709 1024 866 1104 ἀθεμίστια
881 1022 948 1109 ᾔδη.

215 1126 263 1189 καὶ
278 1125 335 1207 γὰρ
351 1125 438 1204 θαῦμ’
451 1125 588 1189 ἐτέτυκτο
602 1128 762 1207 πελώριον,
781 1126 848 1190 οὑδὲ
865 1125 949 1212 έφκει

214 1231 301 1311 ἀνδρί
314 1256 350 1312 γε
366 1230 535 1314 σιτοφάγῳ,
552 1231 632 1293 ἀλλά
646 1231 701 1315 ρίιρ
717 1228 839 1308 ὑλήεντι

213 1334 342 1411 ὑψηλῶν
358 1331 459 1413 ἀρέων,
476 1333 540 1396 ὅτε
556 1335 697 1415 φαίνεται
714 1334 778 1398 οἶον
795 1333 845 1398 ἀπ’
861 1333 975 1398 ἀλλων.

258 1437 305 1515 Δὴ
321 1437 388 1500 τότε
404 1436 472 1502 ταὺς
487 1436 601 1503 ἀλλους
617 1439 749 1518 κελόμην
765 1438 884 1519 ἐρίηρας
903 1439 1038 1519 ἑταίρους

213 1539 302 1603 αὑτοῦ
318 1543 378 1621 πὰρ
394 1538 444 1618 νηί
458 1565 491 1603 τε
506 1540 609 1620 με’νειν
629 1541 678 1605 καὶ
694 1545 751 1620 νῆα
767 1541 901 1622 ἔρυσθαι·

213 1642 304 1725 αὑτάρ
320 1644 379 1724 ἐγὼ
396 1643 495 1724 κρίνας
511 1643 624 1725 ἑτάρων
639 1644 804 1710 δυοκαίδεκ’
821 1645 960 1726 ἀρίστους

212 1749 283 1825 βῆν·
308 1745 384 1828 ἀτὰρ
396 1749 500 1828 αἴγεον
516 1749 612 1812 ἀσκὸν
627 1749 699 1831 ἔχον
714 1748 846 1828 μέλανος
862 1747 962 1822 οίνοιο,

211 1849 307 1927 ἡδέος,
324 1849 359 1913 ὅν
373 1876 424 1928 μοι
441 1851 532 1916 ἔδωκε
549 1852 674 1931 Μάρων,
690 1850 841 1918 Εὐάνθεος
856 1852 931 1928 υἱός,

213 1954 291 2033 ἱρεὺς
305 1953 511 2029 Ἀπόλλωνος,
527 1953 560 2019 ῦς
573 1953 718 2035 Ἴσμαρον
736 1953 956 2035 ἀμφιβεβήκει,

212 2056 320 2121 οὑνεκά
333 2081 385 2135 μιν
401 2057 458 2120 σὺν
472 2058 555 2120 παιδὶ
570 2058 767 2140 περισχόμεθ’
782 2055 835 2135 ἠδὲ
849 2055 967 2140 γυναικὶ

211 2160 359 2239 ἁζόμενοι·
384 2159 454 2245 ᾤκει
469 2163 527 2243 γὰρ
542 2161 574 2223 ἐν
590 2162 682 2226 ἄλσεϊ
697 2159 867 2242 δενδρήεντι

212 2266 331 2344 Φοίβου
345 2263 550 2330 Ἀπόλλωνος.
595 2266 611 2328 ὁ
627 2265 661 2330 δέ
674 2290 725 2344 μοι
740 2266 835 2346 πόρεν
849 2265 950 2347 ἀγλαά
965 2270 1053 2347 δῶρα·

210 2373 325 2448 χρυσοῦ
340 2367 396 2448 μέν
410 2394 461 2447 μοι
477 2367 544 2432 δῶκ’
557 2367 694 2449 εὑεργέος
711 2371 786 2432 ἑπτά
802 2366 943 2442 τάλαντα,

211 2476 286 2534 δ’ὣκε
301 2471 334 2535 δέ
348 2497 399 2552 μοι
414 2475 544 2552 κρητῆρα
561 2470 759 2554 πανάργυρον,
775 2471 866 2552 αὑτάρ
884 2471 988 2536 ἔπειτα

211 2573 293 2637 οἶνον
309 2576 341 2638 ἐν
356 2576 567 2656 ἀμφιφορεῦσι
582 2576 716 2639 δυόδεκα
730 2579 826 2639 πᾶσιν
844 2575 988 2656 ἀφύσσας

210 2676 283 2754 ἡδὺν
302 2676 475 2759 ἀκηράσιον,
493 2683 574 2742 θεῖον
589 2680 691 2742 ποτόν·
714 2678 783 2742 οὑδέ
799 2704 844 2745 τις
861 2679 951 2743 αὑτὸν

210 2780 292 2859 ἠείδη
311 2781 417 2860 δμώων
432 2781 493 2845 οὐδ’
508 2782 693 2862 ἀμφιπόλων
708 2777 753 2846 ένὶ
769 2784 851 2867 οἴκῳ,

211 2883 278 2948 ἀλλ’
296 2885 383 2950 αὐτὸς
398 2883 511 2968 άλοχός
527 2909 560 2947 τε
576 2887 652 2966 φίλη
668 2885 757 2966 ταμίη
774 2910 805 2950 τε
821 2886 868 2964 μί’
880 2888 937 2964 οίη.

210 2986 263 3050 τὸν
278 2987 303 3050 δ’
318 2987 370 3052 ὅτε
386 2988 502 3052 πίνοιεν
515 2988 661 3068 μελιηδέα
676 2989 758 3054 οἶνον
773 2989 906 3070 ἐρυθρόν,

210 3090 244 3154 ἐν
261 3089 354 3156 δέπας
370 3090 529 3172 ἐμπλήσας
543 3093 650 3158 ὑδατος
665 3093 723 3155 ἀνὰ
739 3094 835 3156 εἴκοσι
849 3092 942 3173 μέτρα

209 3193 282 3277 χεῦ’,
298 3194 373 3273 ὀδμή
386 3194 411 3259 δ’
428 3194 514 3272 ήδεῖα
530 3194 589 3258 ἀπὸ
605 3199 748 3276 κρητῆρος
764 3196 879 3273 όδεύδει,

211 3298 368 3376 θεσπεσίη·
392 3297 452 3361 τότ’
469 3297 507 3362 ἀν
519 3297 552 3361 ού
567 3323 615 3363 τοι
630 3298 824 3382 ἀποσχέσθαι
841 3301 935 3381 φίλον
950 3299 1012 3378 ἦεν.

208 3405 261 3464 τοῦ
277 3401 371 3482 φέρον
387 3400 545 3481 ἐμπλήσας
560 3401 655 3466 ἀσκὸν
669 3401 774 3483 μέγαν,
794 3403 827 3466 ἐν
843 3403 875 3465 δέ
892 3399 939 3465 καὶ
954 3399 994 3490 ᾖα

210 3504 341 3587 κωρύκῳ·
365 3503 468 3568 αὐτίκα
483 3503 540 3587 γάρ
558 3530 610 3585 μοι
627 3502 733 3567 ὀίσατο
749 3508 840 3582 θυμὸς
854 3503 975 3586 ἀγήνωρ

208 3604 291 3687 ἄνδρ’
308 3607 528 3671 ἐπελεύσεσθαι
543 3605 682 3689 μεγάλην
697 3605 866 3686 ἐπιειμένον
881 3606 990 3687 ἀλκήν,

209 3709 324 3794 ἄγριον,
341 3709 410 3774 οὑτε
426 3711 508 3777 δίκας
525 3711 557 3776 εῦ
574 3711 673 3776 εἰδότα
689 3709 755 3774 οὔτε
772 3710 924 3786 θέμιστας.
