2746 4228
579 835 795 910 ΙΛῙΑΔΟΣ
831 837 875 906 Δ.

645 1033 818 1050 —a--d-u—

307 1187 444 1286 Ὀρκῖων
460 1185 630 1281 σύγχυσις.
682 1181 923 1276 Ἀγαμέμνονος
941 1181 1148 1262 ἔπιπάλησις.

261 1394 302 1456 Οἱ
317 1391 350 1454 δέ
365 1388 429 1454 θεοὶ
445 1389 505 1474 πάρ
521 1387 595 1466 Ζηνὶ
612 1383 773 1466 καθήμενοι
788 1383 959 1467 ήγορόωντο

261 1491 380 1578 χρυσέιρ
396 1493 429 1555 ἐν
443 1488 570 1574 δαπέδῳ,
586 1491 662 1567 μετά
677 1487 711 1552 δέ
727 1495 820 1568 σφισι
836 1488 944 1550 πότνια
954 1484 1043 1565 Ἥβη

262 1596 368 1675 νέκταρ
384 1592 536 1679 ἐῳνοχόει·
559 1592 606 1655 τοὶ
623 1593 655 1654 δὲ
669 1589 813 1674 χρυσέοις
828 1588 978 1654 δεπάεσσι

261 1696 409 1781 δειδέχατ’
425 1693 587 1772 ἀλλήλους,
604 1693 717 1774 Τράων
732 1693 824 1756 πόλιν
839 1692 1044 1774 εἰσορόωντες.

262 1798 355 1866 αὐτίκ’
371 1801 510 1879 ἐπειρᾶτο
527 1796 673 1877 Κρονίδης
688 1793 858 1878 ἐρεθιζέμεν
869 1793 971 1876 Ἥρην
1191 1817 1205 1864 5
1251 1779 1260 1785 ”

264 1903 429 1987 κερτομίοις
444 1898 579 1976 ἐπέεσσι,
597 1895 799 1981 παραβλήδην
815 1897 976 1980 ἀγορεύων·

264 2009 370 2073 “δοιαὶ
387 2006 443 2087 μὲν
457 2001 606 2087 Μενελάῳ
622 2001 766 2084 ἀρηγόνες
781 2001 842 2065 είσὶ
858 1998 963 2072 θεάων,

259 2111 340 2192 Ἥρη
357 2109 381 2172 τ’
396 2106 520 2189 Ἀργείη
536 2106 585 2168 καὶ
598 2101 839 2184 Ἀλαλκομενηῒς
854 2100 978 2180 Ἀθήνη.

264 2214 333 2280 ἀλλ’
350 2212 369 2293 ή
384 2237 431 2275 τοι
445 2210 494 2273 ταὶ
509 2209 604 2288 νόσφι
620 2205 784 2287 καθήμεναι
800 2206 981 2286 εἰσορόωσαι

264 2319 440 2400 τέρπεσθον·
465 2315 505 2397 τῷ
521 2310 547 2376 δ’
564 2311 634 2374 αάτε
649 2310 851 2392 φιλομμειδὴς
865 2307 1031 2389 Ἀφροδίτη
1179 2327 1209 2362 ιο

266 2424 324 2489 αίεὶ
339 2416 564 2499 παρμέμβλωκε
579 2413 627 2477 καὶ
643 2413 733 2476 αὐτοῦ
748 2417 840 2494 κῆρας
855 2409 970 2489 ἀμύνει·

267 2528 315 2594 καὶ
332 2529 383 2589 νῦν
399 2516 572 2599 ἐξεσάωσεν
587 2516 726 2593 ὀϊόμενον
745 2513 916 2579 θανέεσθαι.

267 2628 335 2696 ἀλλ’
352 2627 370 2703 ἦ
386 2650 433 2687 τοι
447 2622 512 2698 νίκη
528 2620 584 2698 μὲν
600 2619 763 2700 ἀρηϊφίλου
779 2612 949 2680 Μενελάου·

266 2737 352 2815 ἡμεῖς
366 2732 399 2795 δέ
414 2719 584 2808 φραζόμεθ’
600 2723 680 2788 ὅπως
697 2722 783 2785 ἔσται
798 2717 869 2782 τάδε
885 2717 968 2799 ἔργα,

266 2839 286 2919 ἥ
299 2837 325 2920 ῥ’
343 2834 424 2897 αὖτις
439 2826 575 2908 πόλεμόν
589 2851 623 2891 τε
638 2825 728 2889 κακδν
744 2823 793 2886 καὶ
808 2821 944 2902 φύλοπιν
960 2819 1047 2900 αίνδμ·
1180 2845 1209 2895 15

269 2945 407 3023 ὄρσομεν,
422 2932 441 3013 ή
456 2931 607 3013 φιλότητα
620 2927 683 3008 μετ’
701 2922 901 3006 ἀμφοτέροισι
915 2920 1071 3003 βάλωμεν.

270 3046 296 3109 εί
312 3042 336 3106 δ’
353 3039 389 3101 αὖ
407 3060 470 3100 πως
485 3035 553 3098 τόδε
568 3035 645 3095 πᾶσι
660 3030 755 3110 φίλον
770 3027 819 3091 καὶ
834 3025 889 3104 ἡδὺ
903 3025 1031 3109 γένοιτο,

270 3147 351 3226 ἦτοι
365 3143 421 3222 μὲν
435 3135 562 3202 οἰκέοιτο
578 3136 667 3199 πόλις
686 3132 836 3213 Πριάμοιο
852 3130 988 3208 ἄνακτος,

271 3248 353 3312 αὖτις
368 3242 392 3307 δ’
407 3241 549 3323 Ἀργείην
562 3237 692 3313 Ἑλένην
708 3231 866 3312 Μενέλαος
882 3229 1015 3314 άγοιτο.”

307 3348 372 3412 Ὣς
387 3341 484 3425 ἔφαθ’,
500 3345 531 3405 αἱ
546 3339 571 3404 δ’
588 3333 739 3416 ἐπέμυξαν
759 3332 905 3413 Ἀθηναίη
921 3358 954 3397 τε
969 3331 1018 3395 καὶ
1029 3329 1122 3411 Ἥρη·
1180 3357 1211 3392 ιο

273 3452 402 3530 πλησίαι
417 3449 450 3512 αί
463 3442 491 3528 γ’
507 3445 616 3523 ἥσθην,
633 3440 708 3504 κακά
723 3439 756 3500 δέ
769 3437 911 3518 Τράεσσι
926 3433 1086 3516 μεδέσθην.
1113 3472 1115 3478 -

274 3557 292 3635 ή
307 3581 353 3618 τοι
370 3550 513 3630 Ἀθηναίη
529 3544 625 3609 ἀκέων
640 3542 677 3623 ήν
693 3540 762 3606 οὗδέ
777 3566 806 3604 τι
822 3540 896 3618 εἶπε,

275 3655 438 3735 σκυζομένη
456 3653 509 3715 Διὶ
524 3648 622 3729 πατρί,
639 3646 734 3731 χόλος
750 3644 783 3711 δέ
798 3669 850 3724 μιν
865 3642 969 3724 άγριος
983 3639 1058 3727 ᾔρει·
