2738 4226
484 353 533 399 11.
558 338 727 399 ΙΛΙΑΔΟΣ
750 339 786 401 Λ.
1046 339 1104 398 οτι

168 505 292 587 ἀρτύνθη
309 507 342 571 δέ
356 503 449 589 μάχη,
465 507 542 570 στὰν
557 502 583 570 δ’
599 505 705 569 ἀντίοι·
729 506 763 569 έν
778 505 802 570 δ’
821 502 1017 588 Ἀγαμέμνων

168 618 283 694 πρῶτος
298 608 409 694 όρουσ’,
425 611 532 675 ἔθελεν
546 611 579 674 δὲ
594 609 673 674 πολὺ
688 607 900 692 προμάχεσθαι
916 609 1064 674 ἀπάντων.

206 714 341 780 Ἐσπετε
356 720 409 779 νῦν
423 739 485 795 μοι,
499 719 631 790 Μοῦσαι,
646 713 803 793 Ὀλύμπια
817 710 927 793 δώματ’
944 713 1079 797 ἔχουσαι,

167 819 200 884 ός
214 843 260 883 τις
276 817 313 897 δή
329 823 445 899 πρῶτος
462 814 687 898 Ἀγαμέμνονος
701 815 805 881 ἀντίον
819 817 913 894 ἦλθεν

166 918 185 999 ἢ
201 919 296 985 αύτῶν
310 920 422 1002 Τρώων
436 919 472 998 ἠὲ
488 924 615 983 κλειτῶν
627 919 801 1001 ἐπικούρων.
1061 944 1109 980 220

210 1019 368 1103 Ἰφιδάμας
382 1019 604 1103 Ἀντηνορίδης,
620 1019 674 1101 ἠύς
689 1047 724 1086 τε
737 1021 832 1104 μέγας
846 1047 888 1098 τε,

168 1125 201 1192 ὃς
213 1125 312 1208 τράφη
330 1128 363 1190 έν
378 1123 483 1213 Θρῄκῃ
500 1126 675 1208 ἐριβώλακι,
690 1124 795 1207 μητέρι
810 1123 925 1205 μήλων·

169 1232 287 1308 Κισσῆς
301 1230 355 1293 τόν
369 1227 396 1311 γ’
414 1228 527 1311 ἔθρεψε
545 1229 649 1308 δόμοις
663 1229 709 1294 ένι
727 1228 834 1294 τυτθὸν
850 1227 938 1294 έόυτα

167 1331 370 1413 μητροπάτωρ,
388 1330 421 1397 δς
435 1332 517 1396 τίκτε
536 1333 644 1397 Θεανώ
661 1331 879 1418 καλλιπάρῃον·

168 1433 258 1515 αὐτὰρ
274 1435 341 1498 ἐπεί
353 1431 381 1517 ῥ’
395 1434 476 1515 ἥβης
491 1432 641 1515 ἐρικυδέος
655 1436 737 1499 ἵκετο
751 1433 871 1515 μέτρον,

168 1536 256 1599 αὐτοῦ
269 1563 322 1617 μιν
338 1537 490 1620 κατέρυκε,
506 1539 588 1601 δίδον
604 1536 628 1602 δ’
647 1537 716 1619 ὅγε
731 1536 879 1620 θυγατέρα
892 1534 939 1614 ήν·

167 1637 263 1720 γήμας
277 1638 302 1702 δ’
323 1640 357 1703 ἐκ
372 1639 521 1720 θαλάμοιο
536 1642 613 1720 μετδ
627 1638 715 1706 κλέος
731 1638 806 1705 ἵκετ’
820 1637 955 1723 Ἀχαιῶν

168 1743 224 1806 σὺν
238 1744 413 1806 δυοκαίδεκα
428 1743 517 1822 νηυσὶ
533 1744 702 1823 κορωνίσιν,
719 1746 753 1808 αί
766 1745 795 1807 οἱ
811 1741 929 1807 έποντο.

167 1846 219 1912 τὰς
233 1846 289 1924 μὲν
305 1842 398 1910 ἔπειτ’
415 1847 448 1909 έν
463 1847 607 1932 Περκώτῃ
623 1847 697 1911 λίπε
712 1834 785 1925 νῆας
802 1844 896 1918 ἐίσας,

167 1949 257 2031 αύτδρ
272 1950 289 2011 ό
304 1948 395 2025 πεζὸς
409 1949 468 2013 ἐῶν
483 1950 526 2014 είς
538 1948 636 2014 Ἴλιον
651 1949 833 2028 εἰληλούθει·

168 2053 199 2118 ὅς
212 2053 251 2135 ῥα
265 2048 326 2114 τότ’
343 2049 501 2133 Ἀτρεΐδεω
516 2047 742 2135 Ἀγαμέμνονος
757 2053 860 2118 ἀντίον
877 2051 978 2130 ἦλθεν.

168 2157 196 2219 οἱ
211 2152 237 2218 δ’
253 2155 304 2218 ὅτε
319 2153 355 2233 δή
372 2153 485 2237 σχεδὸν
499 2153 579 2234 ἦσαν
595 2151 643 2219 ἐπ’
658 2154 843 2233 ἀλλήλοισιν
858 2156 963 2230 ἰόντες,

166 2255 319 2339 Ἀτρείδης
333 2259 389 2338 μὲν
404 2256 526 2339 άμαρτε,
543 2259 635 2340 παραὶ
651 2257 685 2322 δέ
700 2259 730 2323 οί
746 2254 881 2340 ἐτράπετ’
897 2257 997 2341 ἔγχος,

167 2358 324 2441 Ἰφιδάμας
339 2363 372 2424 δὲ
388 2363 464 2424 κατὰ
481 2359 576 2440 ζώνην
591 2361 724 2443 θώρηκος
739 2361 843 2443 ἔνερθε

168 2462 237 2542 νύξ’,
254 2465 305 2528 ἐπὶ
320 2462 346 2528 δ’
362 2462 450 2530 αὐτὸς
466 2463 574 2545 ἔρεισε,
589 2465 700 2550 βαρείῃ
714 2464 794 2546 χειρὶ
809 2459 951 2541 πιθήσας·
1059 2489 1106 2538 ²35

168 2563 228 2629 οὐδ’
242 2566 327 2646 ἔτορε
343 2566 480 2648 ζωστῆρα
494 2568 671 2640 παναίολον,
688 2567 770 2630 ἀλλά
784 2566 864 2630 πολὺ
879 2567 950 2645 πρὶν

169 2668 282 2752 άργόριρ
299 2667 445 2748 ἀντομένη
461 2669 593 2748 μόλιβος
609 2670 649 2735 ῶς
664 2666 802 2751 ἐτράπετ’
817 2666 921 2751 αίχμή.

169 2771 216 2834 καὶ
229 2773 265 2834 τό
278 2796 315 2854 γε
328 2771 409 2854 χειρὶ
424 2773 533 2852 λαβὼν
548 2772 724 2855 εύρυκρείων
738 2767 937 2854 Ἀγαμέμνων

169 2873 229 2937 ἕλκ’
245 2876 296 2938 ἐπὶ
312 2876 343 2938 οἶ
356 2876 477 2955 μεμαὼς
492 2876 532 2941 ώς
547 2900 580 2941 τε
594 2877 654 2949 λίς,
671 2878 704 2939 έκ
719 2875 745 2941 δ’
763 2876 821 2957 ἀρα
834 2874 936 2957 χειρὸς

170 2975 339 3041 σπάσσατο·
362 2977 416 3043 τὸν
430 2977 455 3042 δ’
473 2977 540 3060 άορι
554 2977 647 3057 πλῆξ’
664 2977 788 3061 αὐχένα,
802 2983 881 3042 λΰσε
895 2981 928 3042 δὲ
942 2983 1021 3061 γυῖα.

170 3081 206 3146 ῶς
221 3081 237 3144 ὁ
251 3081 307 3161 μὲν
322 3079 390 3144 αὖθι
405 3081 509 3146 πεσδν
525 3081 690 3162 κοιμήσατο
704 3081 839 3165 χάλκεον
852 3082 947 3146 ύπνον

169 3184 290 3265 οἰκτράς,
308 3183 369 3247 ἀπδ
383 3187 519 3265 μνηστῆς
534 3185 658 3266 ἀλόχου,
675 3186 815 3249 ἀστοῖσιν
830 3183 957 3267 ἀρήγων,

170 3288 323 3365 κουριδίης,
339 3287 375 3365 ἧς
391 3287 426 3350 ού
441 3312 471 3351 τι
485 3286 576 3370 χάριν
591 3293 646 3361 ἴδε,
663 3290 767 3352 πολλὰ
781 3287 807 3352 δ’
823 3288 924 3353 έδωκε·

169 3390 256 3468 πρῶθ’
274 3388 381 3454 ἑκατὸν
395 3395 471 3469 βοῦς
489 3395 594 3464 δῶκεν,
613 3392 717 3456 ἔπειτα
732 3393 765 3456 δὲ
779 3391 856 3476 χίλι’
871 3391 996 3474 ὑπέστη,

169 3491 253 3573 αἶγας
268 3493 342 3573 ὁμοῦ
358 3493 407 3556 καὶ
423 3493 478 3570 όίς,
494 3492 532 3557 τά
547 3495 576 3558 αί
593 3494 712 3558 ἄσπετα
727 3495 931 3573 ποιμαίνοντο.

168 3594 202 3672 δή
217 3597 284 3660 τότε
298 3595 326 3678 γ’
343 3591 499 3675 Ἀτρείδης
513 3595 711 3678 Ἀγαμέμνων
727 3597 887 3680 ἐξενάριξε,

165 3701 209 3775 βῆ
224 3700 256 3762 δὲ
272 3697 373 3780 φέρων
389 3697 433 3761 ἀν’
451 3699 559 3780 ὅμιλον
573 3698 707 3782 Ἀχαιῶν
722 3700 831 3783 τεύχεα
848 3699 935 3764 καλά.
