2792 4232
280 345 342 410 352
601 341 650 406 17.
676 331 845 389 ΙΛΙΑΔΟΣ
871 333 901 390 Ρ.

280 501 355 562 Αἴας
370 497 395 560 δ’
412 497 448 559 αι’)
463 489 776 579 Φόρκυνα,,δαΐφρονα
792 502 946 565 Φαίνοπος
959 502 1033 575 υἱόν,

278 600 429 684 Ἱπποθόῳ
445 597 614 681 περιβάντα
628 601 726 681 μέσην
742 601 816 664 κατὰ
831 601 965 683 γαστέρα
981 603 1068 682 τύψε·

277 703 348 785 ῥῆξε
364 706 396 766 δὲ
412 704 543 785 θώρηκος
558 703 680 784 γύαλον,
697 708 746 766 διὰ
765 703 791 768 δ’
808 704 912 786 ἔντερα
927 713 1042 789 χαλκὸς

277 805 381 886 ἤφυσ’·
412 809 428 868 ὁ
444 810 469 869 δ’
486 808 518 870 ἐν
535 808 654 892 κονίῃσι
670 809 774 872 πεσὼν
789 809 842 872 έλε
856 814 947 890 γαῖαν
962 811 1092 893 ἀγοστῷ.
1176 835 1223 883 315

277 911 421 990 χώρησαν
436 910 461 971 δ’
477 911 537 972 ὑπό
551 936 584 973 τε
599 913 751 994 πρόμαχοι
767 913 816 975 καὶ
834 913 977 992 φαίδιμος
987 911 1115 991 Ἕκτωρ·

279 1011 410 1094 Ἀργεῖοι
426 1016 458 1076 δέ
473 1013 551 1095 μέγα
566 1016 665 1096 ίαχον,
683 1014 828 1095 ἐρύσαντο
845 1019 877 1078 δέ
894 1017 1021 1096 νεκρούς,

277 1117 395 1196 Φόρκυν
412 1117 436 1178 θ’
453 1116 616 1182 Ἱππόθοόν
630 1143 672 1192 τε,
687 1119 795 1182 λύοντο
812 1122 845 1183 δέ
860 1116 957 1201 τεύχε’
974 1117 1024 1182 ἀπ’
1041 1120 1136 1197 ὤμων.

317 1219 413 1284 Ἔνθα
429 1248 479 1285 κεν
494 1221 564 1285 αάτε
578 1227 680 1303 Τρῶες
695 1224 866 1304 ἀρηϊφίλων
880 1220 930 1286 ὑπ’
947 1220 1080 1306 Ἀχαιῶν

275 1324 371 1387 Ἴλιον
387 1325 594 1404 εἰσανέβησαν
611 1327 790 1412 ἀναλκείῃσι
805 1325 957 1407 δαμέντες,
1176 1354 1223 1399 320

276 1428 409 1510 Ἀργεῖοι
424 1428 457 1491 δέ
473 1455 506 1493 κε
521 1435 607 1495 κῦδος
620 1431 691 1493 έλον
707 1432 755 1493 καὶ
772 1431 845 1510 ὑπὲρ
862 1436 937 1496 Διὸς
951 1430 1043 1493 αἶσαν

278 1532 377 1612 κάρτεϊ
393 1534 441 1596 καὶ
457 1532 559 1597 σθένεϊ
575 1533 723 1617 σφετέρῳ·
755 1533 824 1596 ἀλλ’
841 1534 928 1598 αὐτὸς
943 1533 1108 1596 Ἀπόλλων

277 1637 400 1700 Αἰνείαν
415 1637 534 1717 ὤτρυνε,
550 1636 640 1716 δέμας
657 1637 827 1718 Περίφαντι
843 1638 957 1712 ἐοικώς,

277 1737 375 1819 κήρυκ’
393 1736 550 1826 Ἠπυτίδῃ,
571 1742 605 1805 ἀς
620 1743 649 1803 αἱ
665 1740 745 1820 παρὰ
761 1741 850 1821 πατρὶ
866 1740 985 1822 γέροντι

277 1843 436 1923 κηρύσσων
451 1841 593 1925 γήρασκε,
611 1845 690 1925 φίλα
705 1845 798 1925 φρεσὶ
814 1843 909 1923 μήδεα
925 1845 1018 1909 εἰδώς·
1174 1870 1222 1918 3²5

276 1948 316 2030 τῷ
332 1973 384 2026 μιν
399 1947 575 2028 ἐεισάμενος
591 1948 732 2029 προσέφη
751 1948 825 2014 Διὸς
840 1951 904 2015 υἶδς
918 1948 1092 2011 Ἀπόλλων·

278 2056 295 2083 “
308 2051 420 2128 Αἰνεία,
436 2057 498 2118 πῶς
513 2050 551 2114 ἀν
567 2052 615 2114 καὶ
630 2053 704 2132 ὑπὲρ
720 2051 790 2115 θεὸν
806 2052 1002 2132 εἰρύσσαισθε

273 2153 371 2216 Ἴλιον
386 2153 547 2233 αἰπεινήν,·
572 2155 610 2220 ὡς
625 2156 662 2234 δή
677 2159 743 2219 ἴδον
758 2155 864 2235 ἀνέρας
879 2155 992 2219 ἀλλους

277 2255 379 2336 κάρτεΐ
392 2283 426 2320 τε
441 2257 545 2322 σθένεί
561 2283 592 2322 τε
608 2259 791 2324 πεποιθότος
806 2257 913 2342 ἠνορέῃ
928 2283 962 2320 τε

276 2359 391 2437 πλήθεΐ
401 2386 435 2424 τε
451 2362 598 2445 σφετέρῳ,
616 2364 665 2424 καὶ
680 2360 809 2442 ὑπερδέα
823 2364 918 2439 δῆμον
934 2361 1070 2443 ἔχοντας·
1175 2387 1223 2435 330

275 2463 347 2541 ἡμῖν
362 2465 394 2526 δὲ
407 2463 481 2529 Ζεδς
496 2465 550 2543 μέν
566 2466 646 2528 πολὺ
661 2464 806 2544 βούλεται
822 2461 840 2541 ἢ
857 2468 1006 2526 Δαναοῖσι

276 2567 371 2644 νίκην·
402 2566 473 2629 ἀλλ’
488 2569 572 2632 αὐτοὶ
588 2567 677 2649 τρεῖτ’
693 2568 827 2630 ἄσπετον
844 2566 911 2630 οὐδὲ
926 2565 1091 2649 μάχεσθε.”

313 2669 375 2736 Ὣς
392 2670 487 2751 ἔφατ’,
505 2671 667 2738 Αίνείαςδ’
680 2671 871 2748 ἑκατηβόλον
887 2667 1070 2734 Ἀπόλλωνα

276 2776 353 2856 ἔγνω
370 2775 484 2839 ἐσάντα
499 2777 579 2851 ἰδών,
595 2776 673 2858 μέγα
689 2774 713 2837 δ’
726 2773 859 2855 Ἕκτορα
874 2775 940 2838 εἶπε
958 2772 1086 2853 βοήσας·

277 2878 408 2960 “Ἕκτορ
423 2877 450 2942 τ’
465 2877 511 2958 ἠδ’
527 2880 619 2942 ἀλλοι
634 2879 746 2959 Τρώων
761 2879 830 2959 ἀγοὶ
845 2876 890 2956 ἠδ’
907 2879 1079 2957 ἐπικούρων,
1173 2905 1222 2954 335

275 2985 365 3050 αίδδς
379 2987 434 3062 μὲν
450 2988 502 3047 νῦν
516 2984 569 3061 ἥδε
580 2983 619 3065 γ’,
637 2984 807 3063 ἀρηϊφίλων
822 2979 872 3045 ἀπ’
887 2983 1021 3065 Ἀχαιῶν

272 3087 369 3152 Ἴλιον
385 3088 586 3164 εἰσαναβῆναι
602 3086 780 3170 ἀναλκείῃσι
796 3083 950 3164 δαμέντας.

276 3192 344 3255 ἀλλ’
361 3191 405 3254 έτι
420 3188 477 3270 γάρ
488 3191 533 3255 τίς
548 3196 626 3270 φησι
643 3193 719 3251 θεῶν
734 3190 801 3268 ἐμοὶ
816 3188 889 3273 ἀγχι
905 3192 1062 3269 παραστὰς

276 3294 345 3371 Ζῆν’
362 3296 475 3358 ὕπατον
488 3292 632 3374 μήστωρα
645 3291 745 3376 μάχης
762 3293 957 3375 ἐπιτάρροθον
973 3293 1059 3357 εἶναι·

275 3401 314 3482 τῷ
330 3398 355 3480 ῤ’
373 3398 436 3463 ἰθὺς
452 3403 581 3460 Δαναῶν
599 3399 693 3476 ίομεν,
709 3397 777 3476 μηδ’
793 3400 823 3461 οἵ
835 3424 871 3480 γε
887 3398 991 3475 ἕκηλοι
1173 3426 1222 3473 340

277 3502 455 3584 Πάτροκλον
471 3503 578 3580 νηυσὶν
593 3502 784 3565 πελασαίατο
800 3501 980 3578 τεθνηῶτα.”

312 3604 375 3670 Ὣς
390 3602 479 3685 φάτο,
496 3606 546 3667 καί
559 3607 598 3686 ῥα
613 3604 691 3668 πολὺ
708 3602 872 3686 προμάχων
888 3601 1052 3684 ἐξάλμενος
1068 3606 1153 3682 έστη·

275 3712 304 3771 οί
320 3709 344 3771 δ’
361 3709 567 3790 ἐλελίχθησαν
583 3706 631 3771 καὶ
645 3710 776 3772 ἐναντίοι
791 3708 883 3772 ἔσταν
898 3706 1040 3790 Ἀχαιῶν.
