2788 4230
484 350 533 395 20.
557 337 792 396 ΟΔΎΣΣΕΙΑΣ
818 336 852 398 Υ.
1083 336 1145 414 845

199 508 281 593 μύθῳ
298 507 459 591 ἀναγκαίῳ·
482 507 523 585 μῆ
538 509 626 570 τοὺτο
642 505 711 572 θεὸς
725 504 909 571 τελέσειεν.”

236 611 299 680 Ὠς
315 610 395 693 φάτο
411 611 600 693 Τηλέμαχος·
623 613 792 691 μνηστῆρσι
809 611 841 673 δὲ
858 614 989 677 Παλλὰς
1002 609 1114 692 Ἀθήνη

199 715 356 795 ἄσβεστον
371 713 451 797 γέλω
466 711 554 795 ὦρσε,
572 711 785 795 παρέπλαγξεν
800 716 831 778 δὲ
848 714 953 795 νόημα.
1095 730 1144 794 346

200 821 229 881 οἱ
244 816 270 882 δ’
284 817 339 897 ἤδη
356 823 519 901 γναθμοῖσι
535 818 667 899 γελοίων
683 819 905 898 ἀλλοτρίοισιν,

198 924 405 1003 αἱμοφόρυκτα
420 926 453 985 δέ
469 922 504 1000 δὴ
522 920 591 1001 κρέα
605 920 723 1000 ἤσθιον·
747 923 825 984 ὄσσε
843 919 869 984 δ’
884 923 942 1001 ἀρα
957 922 1064 1004 σφέων

198 1027 362 1107 δακρυόφιν
377 1027 560 1103 πίμπλαντο,
575 1025 648 1109 γόον
663 1026 689 1088 δ’
705 1023 793 1089 ὠίετο
809 1027 909 1105 θυμός.

198 1135 278 1193 τοῖσι
294 1133 326 1193 δὲ
343 1131 392 1193 καὶ
406 1131 544 1210 μετέειπε
559 1130 771 1206 Θεοκλύμενος
787 1127 931 1207 θεοειδής·
1092 1157 1143 1206 350

198 1235 244 1296 “ἀ
260 1236 366 1310 δειλαί,
382 1235 413 1296 τί
427 1239 517 1296 κακὸν
532 1235 602 1297 τόδε
616 1232 753 1316 πάσχετε
762 1258 774 1307 ,·
799 1234 881 1296 νυκτὶ
895 1237 952 1310 μὲν
966 1233 1065 1313 ὑμέων

197 1338 331 1401 εἰλύαται
348 1338 483 1418 κεφαλαί
494 1361 529 1400 τε
542 1335 693 1417 πρόσωπά
707 1360 741 1399 τε
759 1335 847 1415 νέρθε
861 1360 894 1402 τε
908 1341 1014 1419 γοῦνα,

197 1441 311 1522 οἰμωγή
328 1441 361 1504 δέ
376 1439 471 1518 δέδηε,
486 1438 678 1520 δεδάκρυνται
695 1443 729 1503 δέ
743 1440 873 1520 παρειαί,

197 1545 298 1623 αίματι
313 1542 339 1607 δ’
355 1543 511 1626 ἐρράδαται
527 1550 624 1627 τοῖχοι
639 1545 731 1606 καλαί
743 1568 777 1606 τε
791 1543 950 1621 μεσόδμαι·

197 1648 332 1712 είδόλων
346 1651 379 1712 δέ
394 1649 490 1714 πλέον
506 1647 661 1729 πρόθυρον,
677 1648 768 1725 πλείη
784 1649 818 1710 δέ
833 1643 882 1710 καὶ
898 1646 988 1727 αὐλή,
1093 1676 1142 1724 355

198 1750 321 1828 ἱεμένων
333 1750 503 1832 Ἔρεβόσδε
518 1754 577 1816 ὑπὸ
594 1752 697 1832 ζόφον·
719 1749 823 1828 ἠέλιος
839 1753 872 1814 δέ

196 1855 321 1934 οὑρανοΰ
335 1855 522 1934 ἐξαπόλωλε,
539 1855 613 1934 κακὴ
626 1852 651 1918 δ’
667 1853 861 1934 ἐπιδέδρομεν
877 1851 1000 1936 ἀχλύς.”

234 1957 297 2024 Ὣς
313 1956 411 2037 ἔφαθ’,
428 1961 456 2021 οἱ
472 1956 498 2020 δ’
512 1957 569 2038 άρα
584 1957 694 2022 πάντες
709 1954 755 2021 ἐπ’
772 1956 851 2040 αὐτῷ
865 1955 920 2035 ῆδὺ
935 1956 1104 2038 γέλασσαν.

194 2066 294 2124 τοῖσιν
310 2059 334 2125 δ’
352 2061 533 2142 Εὐρύμαχος,
550 2060 696 2140 Πολύβου
711 2060 791 2134 πάϊς,
806 2057 874 2144 ἦρχ’
889 2061 1053 2142 ἀγορεύειν·

196 2169 217 2200 “
227 2165 367 2245 ἀφραίνει
382 2163 479 2243 ξεῖνος
494 2164 563 2231 νέον
578 2165 710 2228 ἀλλοθεν
726 2165 921 2243 εἰληλουθώς.
1091 2181 1141 2242 360

196 2268 277 2332 ἀλλά
291 2294 343 2347 μιν
358 2269 446 2350 αἶψα,
465 2267 535 2343 νέοι,
552 2269 643 2346 δόμου
659 2267 859 2349 ἐκπέμψασθε
875 2268 982 2348 θύραζε

196 2374 237 2439 είς
254 2373 367 2454 ἀγορὴν
383 2373 536 2454 ἔρχεσθαι,
552 2370 617 2438 ἐπεὶ
636 2371 707 2436 τάδε
721 2373 804 2436 νυκτὶ
820 2369 946 2434 ἐίσκει.”

237 2480 300 2540 Τὸν
315 2475 340 2540 δ’
356 2477 426 2540 αὑτε
440 2475 606 2556 προσέειπε
621 2475 832 2556 Θεοκλύμενος
848 2473 990 2553 θεοειδής·

196 2586 213 2614 “
225 2579 382 2662 Εὐρύμαχ’,
398 2579 432 2642 ού
447 2581 477 2642 τί
491 2576 521 2641 σ’
537 2580 639 2661 ἀνωγα
654 2576 720 2658 ἐμοὶ
736 2583 876 2660 πομπῆας
894 2578 1028 2657 ἀπόζειν·

195 2685 259 2748 είσί
269 2708 320 2762 μοι
336 2683 493 2764 ὀφθαλμοί
506 2707 539 2747 τε
554 2679 602 2746 καὶ
617 2683 709 2746 οὑατα
725 2685 773 2747 καὶ
790 2683 879 2748 πόδες
895 2683 987 2763 ἀμφω
1091 2698 1139 2759 365

195 2787 244 2850 καὶ
260 2788 329 2852 νόος
345 2788 378 2850 ἐν
393 2784 543 2866 στήθεσσι
559 2785 737 2869 τετυγμένος
752 2786 838 2851 οὑδέν
854 2784 965 2865 ἀεικής.

196 2895 258 2955 τοῖς
277 2888 371 2971 ἔξειμι
387 2890 501 2971 θύραζε,
517 2888 582 2954 ἐπεὶ
599 2890 673 2956 νοέω
689 2890 781 2955 κακὸν
796 2889 887 2970 ύμμιν

194 2993 365 3076 ἐρχόμενον,
381 2995 419 3055 τό
432 3018 483 3058 κεν
498 2993 533 3056 ού
548 3018 594 3058 τις
608 2993 776 3075 ὑπεκφύγοι
792 2993 853 3056 οὐδ’
870 2993 995 3057 ἀλέαιτο

192 3095 379 3177 μνηστήρων,
395 3096 423 3159 οἳ
443 3103 526 3177 δῶμα
542 3097 604 3160 κάτ’
621 3099 759 3164 ἀντιθέου
774 3095 923 3173 Ὀδυσῆος

193 3200 300 3279 ἀνέρας
314 3201 488 3281 ὑβρίζοντες
504 3201 662 3264 ἀτάσθαλα
677 3195 902 3283 μηχανάασθε.”
1090 3229 1140 3278 370

229 3301 293 3368 Ὣς
311 3303 401 3368 εἰπὼν
415 3302 525 3383 ἐξῆλθε
541 3305 639 3384 δόμων
655 3303 687 3367 εὑ
703 3303 912 3380 ναιεταόντων,

192 3408 274 3469 ἵκετο
289 3403 315 3468 δ’
330 3409 360 3472 ἐς
375 3408 529 3489 Πείραιον,
545 3409 563 3470 ό
576 3431 628 3487 μιν
644 3408 790 3488 πρόφρων
803 3405 958 3471 ὑπέδεκτο.

192 3511 361 3591 μνηστῆρες
376 3508 401 3574 δ’
416 3511 474 3592 άρα
489 3512 598 3576 πάντες
615 3512 645 3575 ἐς
662 3508 815 3588 ἀλλήλους
831 3510 975 3590 ὁρόωντες

194 3611 378 3696 Τηλέμαχον
393 3613 533 3694 ἐρέθιζον,
548 3614 598 3678 ἐπὶ
615 3610 723 3691 ξείνοις
737 3613 916 3694 γελόωντες·

193 3720 250 3782 ὧδε
265 3716 300 3782 δέ
313 3740 358 3782 τις
373 3719 495 3783 είπεσκε
511 3717 585 3785 νέων
601 3715 869 3799 ὑπερηνορεόντων·
1089 3737 1138 3792 375
