2848 4296
256 391 319 458 394
574 387 623 450 19.
649 370 819 429 ΙΛΙΑΔΟΣ
841 371 876 431 T.

257 533 334 618 ἦρχ’,
351 535 412 616 ἄμα
427 535 453 600 δ’
469 537 561 600 ἄλλοι
576 541 656 618 δῶρα
671 535 766 618 φέρον
780 536 920 618 κούρητες
934 535 1079 618 Ἀχαιῶν.

258 640 307 704 καὶ
323 642 359 701 τὰ
374 642 430 720 μὲν
445 642 478 704 ἐν
492 639 594 726 μέσσῃ
612 639 707 726 ἀγορῇ
724 639 826 714 θέσαν,
843 639 881 704 δν
896 638 920 703 δ’
937 636 1136 720 Ἀγαμέμνων

257 745 373 805 ἵστατο·
397 743 574 824 Ταλθύβιος
589 746 621 807 δὲ
639 745 696 826 θεῷ
716 743 888 825 ἐναλίγκιος
904 742 998 821 αὐδήν
1159 767 1207 816 ²50

259 845 372 927 κάπρον
387 846 467 930 έχων
483 849 515 911 ἐν
531 847 620 929 χερσὶ
635 847 804 927 παρίστατο
819 845 939 926 ποιμένι
954 851 1049 908 λαῶν.

256 947 413 1028 Ἀτρείδης
429 953 461 1013 δέ
478 949 685 1032 ἐρυσσάμενος
699 950 840 1031 χείρεσσι
858 948 1021 1032 μάχαιραν,

257 1053 277 1131 ἥ
293 1054 320 1115 οῖ
337 1056 396 1134 πδρ
413 1052 518 1134 ξίφεος
533 1052 612 1135 μέγα
628 1053 754 1118 κουλεὸν
770 1054 836 1118 αίέν
851 1052 956 1134 ἄωρτο,

259 1155 371 1237 κάπρου
390 1157 449 1220 ἀπὸ
465 1158 570 1240 τρίχας
586 1155 761 1238 ἀρξάμενος,
779 1158 832 1221 Διὶ
848 1161 951 1238 χεῖρας
968 1157 1111 1240 ἀνασχὼν
1144 1205 1147 1210 -

259 1259 373 1342 εὔχετο
397 1260 444 1323 τοὶ
460 1260 484 1324 δ’
501 1261 559 1342 ἄρα
574 1259 685 1326 πάντες
701 1261 747 1324 ἐπ’
764 1261 894 1340 αὐτόφιν
909 1260 983 1338 ἥατο
1000 1261 1072 1346 σιγῇ
1160 1286 1206 1336 ²55

259 1359 390 1443 Ἀργεῖοι
407 1366 482 1427 κατδ
496 1369 613 1450 μοῖραν,
631 1363 790 1431 ἀκούοντες
804 1366 968 1444 βασιλῆος.

258 1464 418 1545 εὐξάμενος
433 1467 456 1531 δ’
475 1469 532 1549 ἄρα
548 1469 632 1532 εἶπεν
648 1469 720 1531 ἰδὼν
736 1469 779 1533 είς
794 1466 921 1548 οὐρανὸν
937 1467 1032 1548 εὐρύν·

259 1571 360 1632 “ίστω
376 1575 428 1632 νῦν
444 1571 519 1637 Ζεὺς
534 1577 645 1652 πρῦτα,
663 1576 740 1634 θεῶν
754 1573 866 1636 ὕπατος
882 1572 931 1634 καὶ
947 1570 1079 1650 ἄριστος,

258 1675 299 1750 Γῇ
315 1698 348 1736 τε
365 1673 413 1738 καὶ
429 1672 555 1741 Ἠέλιος
570 1675 619 1738 καὶ
636 1671 778 1755 Ἐρινύες,
795 1679 828 1736 αί
842 1673 868 1735 θ’
883 1673 942 1737 ὑπὸ
956 1679 1047 1756 γαῖαν

259 1777 432 1858 ἀνθρώπους
447 1778 588 1850 τίνυνται,
605 1779 670 1844 ἄτις
684 1774 710 1840 κ’
727 1778 867 1858 ἐπίορκον
882 1779 1011 1864 ὀμόσσῃ,
1160 1790 1208 1840 260

257 1879 298 1958 μὴ
313 1882 368 1958 μέν
385 1881 443 1964 ἐγὼ
460 1881 550 1968 κούρῃ
567 1879 706 1962 Βρισηΐδι
721 1877 798 1964 χεῖρ’
815 1883 974 1957 ἐπενεῖκαι,

259 1983 323 2046 οὔτ’
340 1985 426 2063 εύνῆς
442 1986 599 2066 πρόφασιν
614 1984 796 2067 κεχρημένος
812 1984 879 2049 οὔτε
894 2009 944 2048 τευ
961 1984 1066 2048 ἄλλου.

259 2084 331 2150 ἀλλ’
347 2085 426 2167 ἔμεν’
443 2089 665 2169 ἀπροτίμαστος
681 2089 726 2154 ἐνὶ
741 2090 899 2175 κλισίῃσιν
915 2090 1032 2174 ἐμῇσιν.

260 2193 286 2254 εί
302 2191 336 2254 δέ
350 2217 378 2254 τι
394 2191 481 2256 τῶνδ’
499 2195 649 2274 ἐπίορκον,
668 2194 734 2272 ἐμοὶ
750 2195 814 2256 θεοῖ
830 2191 928 2275 ἄλγεα
943 2197 1023 2258 δοῖεν

259 2297 362 2360 πολλὰ
370 2296 452 2376 μάλ’,
464 2299 546 2361 ὅσσα
555 2302 690 2360 διδοῦσιν
702 2298 764 2362 ἄτις
776 2295 831 2377 σφ’
840 2297 979 2374 ἀλίτηται
989 2296 1206 2376 όμόσσας.”ι65

298 2398 353 2475 Ἦ,
371 2401 420 2463 καὶ
440 2389 507 2463 ἀπδ
518 2401 675 2481 στόμαχον
691 2398 804 2479 κάπρου
820 2397 895 2476 τάμε
910 2398 997 2476 νηλέϊ
1011 2402 1127 2483 χαλκῇ.

259 2502 312 2566 τὸν
326 2505 381 2582 μὲν
395 2502 574 2583 Ταλθύβιος
590 2506 699 2580 πολιῆς
716 2505 790 2567 ἁλὸς
805 2503 836 2566 ἐς
850 2500 929 2583 μέγα
942 2507 1055 2583 λαῖτμα

259 2607 324 2688 ῥῖψ’
341 2606 528 2685 ἐπιδινήσας,
543 2606 638 2686 βόσιν
655 2604 786 2688 ἰχθύσιν·
810 2604 902 2686 αὐτὰρ
916 2602 1081 2688 Ἀχιλλεὺς

261 2711 373 2776 ἀνστὰς
389 2707 555 2793 Ἀργείοισι
571 2707 829 2790 φιλοπτολέμοισι
844 2708 982 2786 μετηύδα·

261 2822 281 2850 “
294 2818 353 2877 Ζεῦ
367 2813 469 2896 πάτερ,
485 2813 504 2893 ή
518 2811 653 2896 μεγάλας
669 2812 742 2878 ἄτας
759 2811 903 2894 ἄνδρεσσι
918 2817 1066 2877 διδοῖσθα·
1159 2839 1208 2890 270

261 2919 313 2982 οὐκ
329 2916 366 2982 ἀν
381 2916 416 2996 δή
433 2943 507 2981 ποτε
521 2923 614 2996 θυμὸν
630 2917 675 2979 ἐνὶ
693 2915 862 2996 στήθεσσιν
878 2919 1000 2996 ἐμοῖσιν

259 3019 415 3102 Ἀτρείδης
431 3023 518 3104 ὤρινε
533 3019 702 3101 διαμπερές,
720 3019 789 3084 οάδέ
805 3047 838 3084 κε
854 3020 961 3102 κούρην
1074 3051 1075 3058 “

261 3124 334 3207 ήγεν
343 3127 419 3203 ἐμεῦ
434 3125 575 3191 ἀέκοντος
591 3122 755 3206 ἀμήχανος·
780 3122 862 3186 ἀλλά
877 3127 949 3187 ποθι
966 3121 1040 3189 Ζεὺς

260 3227 344 3307 ἤθελ’
358 3228 532 3312 Ἀχαιοῖσιν
548 3228 678 3294 θάνατον
693 3225 844 3292 πολέεσσι
859 3227 1011 3309 γενέσθαι.

262 3336 315 3398 νῦν
330 3328 356 3394 δ’
372 3331 492 3414 ἔρχεσθ’
510 3334 560 3397 ἐπὶ
576 3336 706 3408 δεῖπνον,
723 3333 773 3396 ίνα
789 3329 963 3413 ξυνάγωμεν
974 3328 1100 3409 ''Apum'’
1159 3353 1207 3406 ²7⁵

298 3433 362 3500 Ὣς
377 3434 422 3516 ἄρ’
440 3437 607 3516 ἐφώνησεν,
622 3441 717 3500 λῦσεν
733 3431 759 3497 δ’
775 3435 888 3516 ἀγορὴν
904 3430 1047 3514 αίφηρήν.

263 3541 291 3604 οῖ
306 3532 361 3619 μὲν
376 3537 421 3619 ἄρ’
438 3540 614 3604 ἐσκίδναντο
631 3539 684 3619 ἑήν
699 3538 748 3602 ἐπὶ
763 3541 820 3616 νῆα
835 3538 973 3609 ἕκαστος,

262 3649 342 3725 δῦρο
357 3644 390 3706 δὲ
405 3643 594 3722 Μυρμιδόνες
608 3640 811 3724 μεγαλήτορες
827 3639 1047 3722 ἀμφεπένοντο,

263 3748 325 3829 βὰν
341 3745 367 3812 δ’
382 3747 432 3812 ἐπὶ
447 3748 505 3823 νῆα
520 3744 663 3826 φέροντες
678 3745 843 3829 Ἀχιλλῆος
859 3744 960 3810 θείοιο.
