<?xml version="1.0" encoding="UTF-8"?>
<!DOCTYPE html PUBLIC "-//W3C//DTD XHTML 1.0 Transitional//EN"
    "http://www.w3.org/TR/xhtml1/DTD/xhtml1-transitional.dtd">
<html xmlns="http://www.w3.org/1999/xhtml" xml:lang="en" lang="en">
 <head>
  <title>
</title>
<meta http-equiv="Content-Type" content="text/html;charset=utf-8" />
  <meta name='ocr-system' content='tesseract 3.04.00' />
  <meta name='ocr-capabilities' content='ocr_page ocr_carea ocr_par ocr_line ocrx_word'/>
</head>
<body>
  <div class='ocr_page' id='page_1' title='image "./homerioperaetre00homegoog_0683.png"; bbox 0 0 2834 4234; ppageno 0'>
   <div class='ocr_carea' id='block_1_1' title="bbox 469 939 996 1020">
    <p class='ocr_par' dir='ltr' id='par_1_1' title="bbox 469 939 996 1020">
     <span class='ocr_line' id='line_1_1' title="bbox 469 939 996 1020; baseline 0.006 -4"><span class='ocrx_word' id='word_1_1' title='bbox 469 939 891 1020; x_wconf 76' lang='grc' dir='ltr'>ὈΔΥΣΣΕΙΑΣ</span> <span class='ocrx_word' id='word_1_2' title='bbox 949 944 996 1020; x_wconf 92' lang='grc' dir='ltr'>Λ.</span> 
     </span>
    </p>
   </div>
   <div class='ocr_carea' id='block_1_2' title="bbox 670 1165 836 1176">
    <p class='ocr_par' dir='ltr' id='par_1_2' title="bbox 670 1165 836 1176">
     <span class='ocr_line' id='line_1_2' title="bbox 670 1165 836 1176; baseline 0 -1"><span class='ocrx_word' id='word_1_3' title='bbox 670 1165 836 1176; x_wconf 66' lang='lat' dir='ltr'>——n——n—</span> 
     </span>
    </p>
   </div>
   <div class='ocr_carea' id='block_1_3' title="bbox 670 1277 818 1349">
    <p class='ocr_par' dir='ltr' id='par_1_3' title="bbox 670 1277 818 1349">
     <span class='ocr_line' id='line_1_3' title="bbox 670 1277 818 1349; baseline 0 -1"><span class='ocrx_word' id='word_1_4' title='bbox 670 1277 818 1349; x_wconf 84' lang='grc' dir='ltr'>Νέκυια.</span> 
     </span>
    </p>
   </div>
   <div class='ocr_carea' id='block_1_4' title="bbox 271 1439 1228 3796">
    <p class='ocr_par' dir='ltr' id='par_1_4' title="bbox 271 1439 1228 3796">
     <span class='ocr_line' id='line_1_4' title="bbox 271 1439 1100 1527; baseline 0.001 -21"><span class='ocrx_word' id='word_1_5' title='bbox 271 1444 370 1523; x_wconf 81' lang='grc' dir='ltr'>Αὒτδρ</span> <span class='ocrx_word' id='word_1_6' title='bbox 386 1443 455 1507; x_wconf 84' lang='grc' dir='ltr'>έπεί</span> <span class='ocrx_word' id='word_1_7' title='bbox 465 1443 500 1527; x_wconf 79' lang='grc' dir='ltr'>ῥ’</span> <span class='ocrx_word' id='word_1_8' title='bbox 516 1439 565 1507; x_wconf 76' lang='grc' dir='ltr'>ἐπὶ</span> <span class='ocrx_word' id='word_1_9' title='bbox 581 1445 639 1521; x_wconf 82' lang='grc' dir='ltr'>νῆα</span> <span class='ocrx_word' id='word_1_10' title='bbox 655 1441 844 1523; x_wconf 76' lang='grc' dir='ltr'>κατήλθομεν</span> <span class='ocrx_word' id='word_1_11' title='bbox 858 1441 911 1520; x_wconf 80' lang='grc' dir='ltr'>ήδέ</span> <span class='ocrx_word' id='word_1_12' title='bbox 927 1441 1100 1522; x_wconf 87' lang='grc' dir='ltr'>θάλασααν,</span> 
     </span>
     <span class='ocr_line' id='line_1_5' title="bbox 272 1544 1060 1629; baseline -0.001 -18"><span class='ocrx_word' id='word_1_13' title='bbox 272 1551 329 1626; x_wconf 83' lang='grc' dir='ltr'>νῆα</span> <span class='ocrx_word' id='word_1_14' title='bbox 343 1547 398 1625; x_wconf 69' lang='grc' dir='ltr'>μὲν</span> <span class='ocrx_word' id='word_1_15' title='bbox 411 1546 448 1628; x_wconf 82' lang='grc' dir='ltr'>ἂρ</span> <span class='ocrx_word' id='word_1_16' title='bbox 463 1545 645 1628; x_wconf 80' lang='grc' dir='ltr'>πάμπρωτον</span> <span class='ocrx_word' id='word_1_17' title='bbox 661 1547 833 1629; x_wconf 75' lang='grc' dir='ltr'>ἐρύσσαμεν</span> <span class='ocrx_word' id='word_1_18' title='bbox 847 1547 891 1612; x_wconf 82' lang='grc' dir='ltr'>εἰς</span> <span class='ocrx_word' id='word_1_19' title='bbox 907 1544 967 1608; x_wconf 82' lang='grc' dir='ltr'>άλα</span> <span class='ocrx_word' id='word_1_20' title='bbox 983 1550 1060 1625; x_wconf 89' lang='grc' dir='ltr'>δῖαν,</span> 
     </span>
     <span class='ocr_line' id='line_1_6' title="bbox 272 1644 1011 1731; baseline -0.003 -21"><span class='ocrx_word' id='word_1_21' title='bbox 272 1647 305 1710; x_wconf 76' lang='grc' dir='ltr'>’ἔν</span> <span class='ocrx_word' id='word_1_22' title='bbox 321 1646 346 1710; x_wconf 92' lang='grc' dir='ltr'>δ’</span> <span class='ocrx_word' id='word_1_23' title='bbox 363 1646 449 1710; x_wconf 81' lang='grc' dir='ltr'>ἱστὸν</span> <span class='ocrx_word' id='word_1_24' title='bbox 464 1645 627 1728; x_wconf 76' lang='grc' dir='ltr'>τιθέμεσθα</span> <span class='ocrx_word' id='word_1_25' title='bbox 644 1648 692 1710; x_wconf 87' lang='grc' dir='ltr'>καὶ</span> <span class='ocrx_word' id='word_1_26' title='bbox 709 1646 793 1708; x_wconf 79' lang='grc' dir='ltr'>ἱστία</span> <span class='ocrx_word' id='word_1_27' title='bbox 808 1644 858 1723; x_wconf 72' lang='grc' dir='ltr'>νηί</span> <span class='ocrx_word' id='word_1_28' title='bbox 870 1647 1011 1731; x_wconf 83' lang='grc' dir='ltr'>μελαίνῃ,</span> 
     </span>
     <span class='ocr_line' id='line_1_7' title="bbox 273 1746 1122 1831; baseline 0 -18"><span class='ocrx_word' id='word_1_29' title='bbox 273 1752 306 1816; x_wconf 85' lang='grc' dir='ltr'>έν</span> <span class='ocrx_word' id='word_1_30' title='bbox 324 1752 357 1814; x_wconf 75' lang='grc' dir='ltr'>δὲ</span> <span class='ocrx_word' id='word_1_31' title='bbox 372 1749 409 1813; x_wconf 84' lang='grc' dir='ltr'>τὰ</span> <span class='ocrx_word' id='word_1_32' title='bbox 423 1753 506 1829; x_wconf 83' lang='grc' dir='ltr'>μῆλα</span> <span class='ocrx_word' id='word_1_33' title='bbox 520 1752 672 1830; x_wconf 84' lang='grc' dir='ltr'>λαβόντες</span> <span class='ocrx_word' id='word_1_34' title='bbox 688 1747 854 1831; x_wconf 72' lang='grc' dir='ltr'>ἐβήσαμεν,</span> <span class='ocrx_word' id='word_1_35' title='bbox 869 1746 907 1813; x_wconf 79' lang='grc' dir='ltr'>ἂν</span> <span class='ocrx_word' id='word_1_36' title='bbox 922 1749 955 1812; x_wconf 68' lang='grc' dir='ltr'>δὲ</span> <span class='ocrx_word' id='word_1_37' title='bbox 971 1749 1020 1812; x_wconf 86' lang='grc' dir='ltr'>καὶ</span> <span class='ocrx_word' id='word_1_38' title='bbox 1038 1746 1122 1814; x_wconf 76' lang='grc' dir='ltr'>αὐτοὶ</span> 
     </span>
     <span class='ocr_line' id='line_1_8' title="bbox 273 1851 1223 1937; baseline 0 -18"><span class='ocrx_word' id='word_1_39' title='bbox 273 1854 420 1934; x_wconf 83' lang='grc' dir='ltr'>βαίνομεν</span> <span class='ocrx_word' id='word_1_40' title='bbox 436 1854 607 1937; x_wconf 81' lang='grc' dir='ltr'>ἀχνύμενοι,</span> <span class='ocrx_word' id='word_1_41' title='bbox 624 1852 751 1935; x_wconf 85' lang='grc' dir='ltr'>θαλερὸν</span> <span class='ocrx_word' id='word_1_42' title='bbox 767 1851 841 1916; x_wconf 76' lang='grc' dir='ltr'>κατὰ</span> <span class='ocrx_word' id='word_1_43' title='bbox 858 1851 948 1934; x_wconf 81' lang='grc' dir='ltr'>δάκρυ</span> <span class='ocrx_word' id='word_1_44' title='bbox 963 1851 1097 1936; x_wconf 85' lang='grc' dir='ltr'>χέοντες.</span> <span class='ocrx_word' id='word_1_45' title='bbox 1209 1881 1223 1928; x_wconf 82' lang='lat'>5</span> 
     </span>
     <span class='ocr_line' id='line_1_9' title="bbox 273 1954 942 2041; baseline -0.001 -20"><span class='ocrx_word' id='word_1_46' title='bbox 273 1958 344 2037; x_wconf 82' lang='grc' dir='ltr'>ἡμῖν</span> <span class='ocrx_word' id='word_1_47' title='bbox 360 1957 385 2021; x_wconf 91' lang='grc' dir='ltr'>δ’</span> <span class='ocrx_word' id='word_1_48' title='bbox 402 1957 438 2022; x_wconf 76' lang='grc' dir='ltr'>οὗ</span> <span class='ocrx_word' id='word_1_49' title='bbox 455 1958 621 2037; x_wconf 87' lang='grc' dir='ltr'>μετόπισθε</span> <span class='ocrx_word' id='word_1_50' title='bbox 637 1963 702 2024; x_wconf 88' lang='grc' dir='ltr'>νεδς</span> <span class='ocrx_word' id='word_1_51' title='bbox 720 1954 942 2041; x_wconf 69' lang='grc' dir='ltr'>κυανοπρῴροιο</span> 
     </span>
     <span class='ocr_line' id='line_1_10' title="bbox 274 2060 1037 2144; baseline 0.003 -20"><span class='ocrx_word' id='word_1_52' title='bbox 274 2062 394 2140; x_wconf 86' lang='grc' dir='ltr'>ίκμενον</span> <span class='ocrx_word' id='word_1_53' title='bbox 409 2061 497 2142; x_wconf 78' lang='grc' dir='ltr'>οὖρον</span> <span class='ocrx_word' id='word_1_54' title='bbox 511 2063 551 2125; x_wconf 85' lang='grc' dir='ltr'>ίει</span> <span class='ocrx_word' id='word_1_55' title='bbox 567 2063 762 2141; x_wconf 83' lang='grc' dir='ltr'>πλησίστιον,</span> <span class='ocrx_word' id='word_1_56' title='bbox 779 2060 893 2126; x_wconf 84' lang='grc' dir='ltr'>έσθλδν</span> <span class='ocrx_word' id='word_1_57' title='bbox 909 2063 1037 2144; x_wconf 79' lang='grc' dir='ltr'>ἑταῖρον,</span> 
     </span>
     <span class='ocr_line' id='line_1_11' title="bbox 275 2164 948 2246; baseline 0.001 -18"><span class='ocrx_word' id='word_1_58' title='bbox 275 2167 369 2246; x_wconf 86' lang='grc' dir='ltr'>Κίρκη</span> <span class='ocrx_word' id='word_1_59' title='bbox 385 2166 583 2245; x_wconf 72' lang='grc' dir='ltr'>ἐϋπλόκαμος,</span> <span class='ocrx_word' id='word_1_60' title='bbox 599 2165 681 2244; x_wconf 77' lang='grc' dir='ltr'>δεινή</span> <span class='ocrx_word' id='word_1_61' title='bbox 698 2164 766 2231; x_wconf 87' lang='grc' dir='ltr'>θεδς</span> <span class='ocrx_word' id='word_1_62' title='bbox 783 2164 948 2243; x_wconf 80' lang='grc' dir='ltr'>αὐδήεσσα.</span> 
     </span>
     <span class='ocr_line' id='line_1_12' title="bbox 275 2267 1017 2348; baseline 0.001 -16"><span class='ocrx_word' id='word_1_63' title='bbox 275 2269 360 2348; x_wconf 81' lang='grc' dir='ltr'>ἡμεῖς</span> <span class='ocrx_word' id='word_1_64' title='bbox 376 2268 401 2331; x_wconf 91' lang='grc' dir='ltr'>δ’</span> <span class='ocrx_word' id='word_1_65' title='bbox 418 2269 498 2331; x_wconf 83' lang='grc' dir='ltr'>ὅπλα</span> <span class='ocrx_word' id='word_1_66' title='bbox 514 2268 628 2331; x_wconf 77' lang='grc' dir='ltr'>ἕκαστα</span> <span class='ocrx_word' id='word_1_67' title='bbox 643 2267 849 2346; x_wconf 82' lang='grc' dir='ltr'>πονησάμενοι</span> <span class='ocrx_word' id='word_1_68' title='bbox 868 2271 945 2331; x_wconf 79' lang='grc' dir='ltr'>κατὰ</span> <span class='ocrx_word' id='word_1_69' title='bbox 960 2271 1017 2346; x_wconf 82' lang='grc' dir='ltr'>νῆα</span> 
     </span>
     <span class='ocr_line' id='line_1_13' title="bbox 274 2370 1226 2453; baseline 0.001 -18"><span class='ocrx_word' id='word_1_70' title='bbox 274 2372 380 2452; x_wconf 83' lang='grc' dir='ltr'>ἥμεθα·</span> <span class='ocrx_word' id='word_1_71' title='bbox 403 2371 458 2450; x_wconf 80' lang='grc' dir='ltr'>τήν</span> <span class='ocrx_word' id='word_1_72' title='bbox 473 2371 498 2435; x_wconf 92' lang='grc' dir='ltr'>δ’</span> <span class='ocrx_word' id='word_1_73' title='bbox 513 2371 623 2451; x_wconf 82' lang='grc' dir='ltr'>ἄνεμός</span> <span class='ocrx_word' id='word_1_74' title='bbox 636 2396 669 2434; x_wconf 89' lang='grc' dir='ltr'>τε</span> <span class='ocrx_word' id='word_1_75' title='bbox 685 2370 869 2453; x_wconf 78' lang='grc' dir='ltr'>κυβερνήτης</span> <span class='ocrx_word' id='word_1_76' title='bbox 884 2371 910 2434; x_wconf 89' lang='grc' dir='ltr'>τ’</span> <span class='ocrx_word' id='word_1_77' title='bbox 924 2375 1018 2438; x_wconf 85' lang='grc' dir='ltr'>ίθυνε.</span> <span class='ocrx_word' id='word_1_78' title='bbox 1196 2401 1226 2436; x_wconf 85' lang='grc' dir='ltr'>ιο</span> 
     </span>
     <span class='ocr_line' id='line_1_14' title="bbox 276 2473 1062 2558; baseline 0.009 -21"><span class='ocrx_word' id='word_1_79' title='bbox 276 2478 329 2553; x_wconf 84' lang='grc' dir='ltr'>τῆς</span> <span class='ocrx_word' id='word_1_80' title='bbox 344 2476 377 2538; x_wconf 71' lang='grc' dir='ltr'>δὲ</span> <span class='ocrx_word' id='word_1_81' title='bbox 391 2475 576 2558; x_wconf 84' lang='grc' dir='ltr'>πανημερίης</span> <span class='ocrx_word' id='word_1_82' title='bbox 591 2473 687 2538; x_wconf 82' lang='grc' dir='ltr'>τέταθ’</span> <span class='ocrx_word' id='word_1_83' title='bbox 706 2477 789 2539; x_wconf 81' lang='grc' dir='ltr'>ἱστία</span> <span class='ocrx_word' id='word_1_84' title='bbox 804 2476 1062 2558; x_wconf 81' lang='grc' dir='ltr'>ποντοπορούσης·</span> 
     </span>
     <span class='ocr_line' id='line_1_15' title="bbox 275 2578 1001 2664; baseline 0.003 -21"><span class='ocrx_word' id='word_1_85' title='bbox 275 2579 384 2644; x_wconf 80' lang='grc' dir='ltr'>δύσετό</span> <span class='ocrx_word' id='word_1_86' title='bbox 398 2578 423 2640; x_wconf 94' lang='grc' dir='ltr'>τ’</span> <span class='ocrx_word' id='word_1_87' title='bbox 439 2579 550 2657; x_wconf 86' lang='grc' dir='ltr'>ἠέλιος,</span> <span class='ocrx_word' id='word_1_88' title='bbox 567 2580 715 2644; x_wconf 85' lang='grc' dir='ltr'>σκιόωντό</span> <span class='ocrx_word' id='word_1_89' title='bbox 729 2607 761 2645; x_wconf 91' lang='grc' dir='ltr'>τε</span> <span class='ocrx_word' id='word_1_90' title='bbox 778 2585 874 2645; x_wconf 81' lang='grc' dir='ltr'>πᾶσαι</span> <span class='ocrx_word' id='word_1_91' title='bbox 891 2583 1001 2664; x_wconf 82' lang='grc' dir='ltr'>ἀγυιαί.</span> 
     </span>
     <span class='ocr_line' id='line_1_16' title="bbox 319 2681 1052 2766; baseline 0.007 -22"><span class='ocrx_word' id='word_1_92' title='bbox 319 2681 361 2744; x_wconf 88' lang='grc' dir='ltr'>Ἡ</span> <span class='ocrx_word' id='word_1_93' title='bbox 377 2682 403 2746; x_wconf 91' lang='grc' dir='ltr'>δ’</span> <span class='ocrx_word' id='word_1_94' title='bbox 419 2683 450 2749; x_wconf 93' lang='grc' dir='ltr'>ε’ς</span> <span class='ocrx_word' id='word_1_95' title='bbox 465 2682 581 2762; x_wconf 82' lang='grc' dir='ltr'>πείραθ’</span> <span class='ocrx_word' id='word_1_96' title='bbox 596 2684 681 2749; x_wconf 78' lang='grc' dir='ltr'>ἵκανε</span> <span class='ocrx_word' id='word_1_97' title='bbox 696 2687 866 2766; x_wconf 89' lang='grc' dir='ltr'>βαθυρρόου</span> <span class='ocrx_word' id='word_1_98' title='bbox 881 2684 1052 2749; x_wconf 79' lang='grc' dir='ltr'>Ὠκεανοῖο.</span> 
     </span>
     <span class='ocr_line' id='line_1_17' title="bbox 278 2787 1079 2869; baseline 0.001 -19"><span class='ocrx_word' id='word_1_99' title='bbox 278 2787 350 2852; x_wconf 81' lang='grc' dir='ltr'>ἔνθα</span> <span class='ocrx_word' id='word_1_100' title='bbox 366 2787 398 2849; x_wconf 76' lang='grc' dir='ltr'>δὲ</span> <span class='ocrx_word' id='word_1_101' title='bbox 414 2789 584 2867; x_wconf 87' lang='grc' dir='ltr'>Κιμμερίων</span> <span class='ocrx_word' id='word_1_102' title='bbox 599 2789 714 2869; x_wconf 77' lang='grc' dir='ltr'>ἀνδρῶν</span> <span class='ocrx_word' id='word_1_103' title='bbox 730 2789 822 2868; x_wconf 82' lang='grc' dir='ltr'>δῆμός</span> <span class='ocrx_word' id='word_1_104' title='bbox 837 2815 870 2853; x_wconf 89' lang='grc' dir='ltr'>τε</span> <span class='ocrx_word' id='word_1_105' title='bbox 885 2790 976 2854; x_wconf 88' lang='grc' dir='ltr'>πόλις</span> <span class='ocrx_word' id='word_1_106' title='bbox 991 2813 1034 2866; x_wconf 91' lang='grc' dir='ltr'>τε,</span> <span class='ocrx_word' id='word_1_107' title='bbox 1077 2815 1079 2820; x_wconf 95' lang='grc'><strong><em>·</em></strong></span> 
     </span>
     <span class='ocr_line' id='line_1_18' title="bbox 277 2887 1227 2977; baseline 0.001 -25"><span class='ocrx_word' id='word_1_108' title='bbox 277 2887 339 2969; x_wconf 86' lang='grc' dir='ltr'>ἠέρι</span> <span class='ocrx_word' id='word_1_109' title='bbox 355 2890 403 2953; x_wconf 91' lang='grc' dir='ltr'>καὶ</span> <span class='ocrx_word' id='word_1_110' title='bbox 419 2889 534 2977; x_wconf 85' lang='grc' dir='ltr'>νεφέλῃ</span> <span class='ocrx_word' id='word_1_111' title='bbox 552 2889 778 2971; x_wconf 85' lang='grc' dir='ltr'>κεκαλυμμένοι·</span> <span class='ocrx_word' id='word_1_112' title='bbox 802 2890 871 2955; x_wconf 77' lang='grc' dir='ltr'>οὐδέ</span> <span class='ocrx_word' id='word_1_113' title='bbox 888 2890 951 2954; x_wconf 89' lang='grc' dir='ltr'>ποτ’</span> <span class='ocrx_word' id='word_1_114' title='bbox 967 2888 1073 2957; x_wconf 82' lang='grc' dir='ltr'>αὐτοὺς</span> <span class='ocrx_word' id='word_1_115' title='bbox 1197 2919 1227 2969; x_wconf 86' lang='lat'>15</span> 
     </span>
     <span class='ocr_line' id='line_1_19' title="bbox 277 2986 964 3072; baseline 0.004 -22"><span class='ocrx_word' id='word_1_116' title='bbox 277 2986 400 3054; x_wconf 87' lang='grc' dir='ltr'>Ἠέλιος</span> <span class='ocrx_word' id='word_1_117' title='bbox 415 2988 537 3066; x_wconf 87' lang='grc' dir='ltr'>φαέθων</span> <span class='ocrx_word' id='word_1_118' title='bbox 553 2988 764 3072; x_wconf 77' lang='grc' dir='ltr'>καταδέρκεται</span> <span class='ocrx_word' id='word_1_119' title='bbox 779 2991 964 3066; x_wconf 80' lang='grc' dir='ltr'>ἀκτίνεσσιν,</span> 
     </span>
     <span class='ocr_line' id='line_1_20' title="bbox 279 3091 1097 3178; baseline 0.004 -25"><span class='ocrx_word' id='word_1_120' title='bbox 279 3091 341 3155; x_wconf 81' lang='grc' dir='ltr'>οὔθ’</span> <span class='ocrx_word' id='word_1_121' title='bbox 358 3091 442 3156; x_wconf 85' lang='grc' dir='ltr'>ὁπότ’</span> <span class='ocrx_word' id='word_1_122' title='bbox 458 3091 495 3157; x_wconf 84' lang='grc' dir='ltr'>ἂν</span> <span class='ocrx_word' id='word_1_123' title='bbox 511 3094 653 3178; x_wconf 85' lang='grc' dir='ltr'>στείχῃσι</span> <span class='ocrx_word' id='word_1_124' title='bbox 669 3093 744 3175; x_wconf 84' lang='grc' dir='ltr'>πρὸς</span> <span class='ocrx_word' id='word_1_125' title='bbox 760 3093 888 3174; x_wconf 77' lang='grc' dir='ltr'>οὐρανὸν</span> <span class='ocrx_word' id='word_1_126' title='bbox 906 3093 1097 3174; x_wconf 77' lang='grc' dir='ltr'>ἀστερόεντα,</span> 
     </span>
     <span class='ocr_line' id='line_1_21' title="bbox 279 3194 1162 3278; baseline 0.008 -21"><span class='ocrx_word' id='word_1_127' title='bbox 279 3195 341 3258; x_wconf 85' lang='grc' dir='ltr'>οὔθ’</span> <span class='ocrx_word' id='word_1_128' title='bbox 357 3195 400 3258; x_wconf 85' lang='grc' dir='ltr'>ὅτ’</span> <span class='ocrx_word' id='word_1_129' title='bbox 415 3194 452 3261; x_wconf 82' lang='grc' dir='ltr'>ἂν</span> <span class='ocrx_word' id='word_1_130' title='bbox 468 3195 516 3278; x_wconf 70' lang='grc' dir='ltr'>δή</span> <span class='ocrx_word' id='word_1_131' title='bbox 531 3197 580 3260; x_wconf 84' lang='grc' dir='ltr'>ἐπὶ</span> <span class='ocrx_word' id='word_1_132' title='bbox 595 3201 685 3277; x_wconf 85' lang='grc' dir='ltr'>γαῖαν</span> <span class='ocrx_word' id='word_1_133' title='bbox 701 3195 751 3260; x_wconf 83' lang='grc' dir='ltr'>ἀπ’</span> <span class='ocrx_word' id='word_1_134' title='bbox 772 3197 933 3278; x_wconf 75' lang='grc' dir='ltr'>οὐρανόθεν</span> <span class='ocrx_word' id='word_1_135' title='bbox 948 3197 1162 3277; x_wconf 89' lang='grc' dir='ltr'>προτράπηται,</span> 
     </span>
     <span class='ocr_line' id='line_1_22' title="bbox 279 3296 1022 3381; baseline 0.004 -21"><span class='ocrx_word' id='word_1_136' title='bbox 279 3298 349 3362; x_wconf 83' lang='grc' dir='ltr'>ἀλλ’</span> <span class='ocrx_word' id='word_1_137' title='bbox 365 3300 415 3363; x_wconf 77' lang='grc' dir='ltr'>ἐπὶ</span> <span class='ocrx_word' id='word_1_138' title='bbox 430 3297 485 3378; x_wconf 84' lang='grc' dir='ltr'>νδξ</span> <span class='ocrx_word' id='word_1_139' title='bbox 499 3299 573 3378; x_wconf 77' lang='grc' dir='ltr'>ὀλοή</span> <span class='ocrx_word' id='word_1_140' title='bbox 590 3296 709 3362; x_wconf 90' lang='grc' dir='ltr'>τέταται</span> <span class='ocrx_word' id='word_1_141' title='bbox 725 3304 856 3364; x_wconf 88' lang='grc' dir='ltr'>δειλοῖσι</span> <span class='ocrx_word' id='word_1_142' title='bbox 871 3303 1022 3381; x_wconf 89' lang='grc' dir='ltr'>βροτοῖσι.</span> 
     </span>
     <span class='ocr_line' id='line_1_23' title="bbox 280 3397 1228 3480; baseline 0.005 -19"><span class='ocrx_word' id='word_1_143' title='bbox 280 3400 337 3476; x_wconf 79' lang='grc' dir='ltr'>νῆα</span> <span class='ocrx_word' id='word_1_144' title='bbox 349 3401 404 3479; x_wconf 77' lang='grc' dir='ltr'>μὲν</span> <span class='ocrx_word' id='word_1_145' title='bbox 420 3398 480 3464; x_wconf 81' lang='grc' dir='ltr'>ἔνθ’</span> <span class='ocrx_word' id='word_1_146' title='bbox 495 3398 635 3463; x_wconf 79' lang='grc' dir='ltr'>ἐλθόντες</span> <span class='ocrx_word' id='word_1_147' title='bbox 651 3399 827 3479; x_wconf 76' lang='grc' dir='ltr'>ἐκέλσαμεν,</span> <span class='ocrx_word' id='word_1_148' title='bbox 843 3401 876 3464; x_wconf 77' lang='grc' dir='ltr'>ἐκ</span> <span class='ocrx_word' id='word_1_149' title='bbox 892 3400 924 3462; x_wconf 79' lang='grc' dir='ltr'>δὲ</span> <span class='ocrx_word' id='word_1_150' title='bbox 940 3397 976 3462; x_wconf 80' lang='grc' dir='ltr'>τά</span> <span class='ocrx_word' id='word_1_151' title='bbox 990 3403 1073 3480; x_wconf 85' lang='grc' dir='ltr'>μῆλα</span> <span class='ocrx_word' id='word_1_152' title='bbox 1196 3431 1228 3467; x_wconf 86' lang='lat'>20</span> 
     </span>
     <span class='ocr_line' id='line_1_24' title="bbox 281 3500 1011 3585; baseline 0.001 -21"><span class='ocrx_word' id='word_1_153' title='bbox 281 3501 422 3576; x_wconf 79' lang='grc' dir='ltr'>εἱλόμεθ’</span> <span class='ocrx_word' id='word_1_154' title='bbox 445 3501 528 3565; x_wconf 78' lang='grc' dir='ltr'>αὐτοὶ</span> <span class='ocrx_word' id='word_1_155' title='bbox 544 3500 568 3564; x_wconf 89' lang='grc' dir='ltr'>δ’</span> <span class='ocrx_word' id='word_1_156' title='bbox 585 3500 655 3566; x_wconf 75' lang='grc' dir='ltr'>αὖτε</span> <span class='ocrx_word' id='word_1_157' title='bbox 669 3505 751 3584; x_wconf 76' lang='grc' dir='ltr'>παρὰ</span> <span class='ocrx_word' id='word_1_158' title='bbox 764 3504 837 3585; x_wconf 84' lang='grc' dir='ltr'>ῥόον</span> <span class='ocrx_word' id='word_1_159' title='bbox 852 3503 1011 3567; x_wconf 88' lang='grc' dir='ltr'>Ὠκεανοῖο</span> 
     </span>
     <span class='ocr_line' id='line_1_25' title="bbox 280 3603 1094 3691; baseline 0.005 -23"><span class='ocrx_word' id='word_1_160' title='bbox 280 3604 383 3691; x_wconf 78' lang='grc' dir='ltr'>ᾔομεν,</span> <span class='ocrx_word' id='word_1_161' title='bbox 398 3603 468 3685; x_wconf 87' lang='grc' dir='ltr'>ὄφρ’</span> <span class='ocrx_word' id='word_1_162' title='bbox 483 3605 515 3670; x_wconf 81' lang='grc' dir='ltr'>ές</span> <span class='ocrx_word' id='word_1_163' title='bbox 529 3610 630 3688; x_wconf 83' lang='grc' dir='ltr'>χῶρον</span> <span class='ocrx_word' id='word_1_164' title='bbox 644 3606 804 3687; x_wconf 83' lang='grc' dir='ltr'>ἀφικόμεθ’</span> <span class='ocrx_word' id='word_1_165' title='bbox 820 3605 855 3671; x_wconf 91' lang='grc' dir='ltr'>δν</span> <span class='ocrx_word' id='word_1_166' title='bbox 871 3605 973 3688; x_wconf 85' lang='grc' dir='ltr'>φράσε</span> <span class='ocrx_word' id='word_1_167' title='bbox 989 3608 1094 3690; x_wconf 85' lang='grc' dir='ltr'>Κίρκη.</span> 
     </span>
     <span class='ocr_line' id='line_1_26' title="bbox 320 3705 1019 3796; baseline 0.01 -27"><span class='ocrx_word' id='word_1_168' title='bbox 320 3706 406 3773; x_wconf 81' lang='grc' dir='ltr'>Ἔνθ’</span> <span class='ocrx_word' id='word_1_169' title='bbox 423 3705 520 3787; x_wconf 76' lang='grc' dir='ltr'>ἱερήϊα</span> <span class='ocrx_word' id='word_1_170' title='bbox 533 3711 590 3785; x_wconf 72' lang='grc' dir='ltr'>μὲν</span> <span class='ocrx_word' id='word_1_171' title='bbox 605 3709 776 3792; x_wconf 87' lang='grc' dir='ltr'>Περιμήδης</span> <span class='ocrx_word' id='word_1_172' title='bbox 793 3709 967 3796; x_wconf 80' lang='grc' dir='ltr'>Εὐρύλοχός</span> <span class='ocrx_word' id='word_1_173' title='bbox 983 3737 1019 3776; x_wconf 91' lang='grc' dir='ltr'>τε</span> 
     </span>
    </p>
   </div>
   <div class='ocr_carea' id='block_1_5' title="bbox 0 0 1438 4234">
    <p class='ocr_par' dir='ltr' id='par_1_5' title="bbox 0 0 1438 4234">
     <span class='ocr_line' id='line_1_27' title="bbox 0 0 1438 4234; baseline 0 0"><span class='ocrx_word' id='word_1_174' title='bbox 0 0 1438 4234; x_wconf 95' lang='lat' dir='ltr'> </span> 
     </span>
    </p>
   </div>
  </div>
 </body>
</html>
