2874 4234
528 368 559 429 4
582 352 815 412 οαπεςοικτ
846 357 884 416 Δ,

240 520 332 600 αὐτὰρ
351 519 410 601 ἐγὼ
427 516 475 582 καὶ
493 517 638 598 Τυδείδης
653 521 703 584 καὶ
718 524 780 588 δῖος
794 519 962 588 Ὀδυσσεὺς

239 621 343 701 ἥμενοι
358 624 391 687 έν
404 620 570 701 μέσσοισιν
585 623 755 702 ἀκούσαμεν
771 624 810 692 ὣς
827 626 971 704 ἐβόησας.

241 732 293 791 νῶϊ
308 729 363 806 μὲν
378 726 538 808 ἀμφοτέρω
553 726 739 807 μενεήναμεν
754 727 914 810 ὁρμηθέντε

241 828 475 912 ήέξελθέμεναι,
490 828 510 910 ή
525 832 648 897 ἔνδοθεν
663 831 732 914 αἶψ’
746 835 926 898 ὑπακοῦσαι·

241 933 310 997 ἀλλ’
325 933 471 1002 Ὀδυσεὺς
487 935 627 1016 κατέρυκε
643 933 691 999 καὶ
707 937 838 1020 ἔσχεθεν
854 935 961 1015 ἱεμένω
977 961 1043 1016 περ.

240 1035 315 1120 [ἔνθ’
330 1038 421 1101 ἄλλοι
435 1041 492 1117 μέν
505 1039 616 1106 πάντες
632 1041 707 1120 ἀκήν
723 1040 799 1105 έσαν
813 1042 876 1108 οἶες
892 1039 1034 1123 Ἀχαιῶν,
1142 1055 1187 1116 285

237 1139 401 1208 Ἀντικλος
416 1145 449 1206 δὲ
465 1140 503 1204 σέ
518 1140 546 1224 γ’
561 1143 623 1210 οἶος
639 1145 830 1226 ἀμείψασθαι
847 1143 993 1209 ἐπέεσσιν

241 1243 361 1323 ἤθελεν·
385 1244 457 1310 ὀλλ’
471 1243 617 1314 Ὀδυσεὺς
632 1245 683 1312 ἐπὶ
697 1247 837 1327 μάστακα
852 1248 943 1330 χερσὶ
958 1248 1043 1325 πίεζε

241 1348 397 1429 νωλεμέως
414 1351 583 1434 κρατερῇσι,
601 1350 705 1416 σάωσε
720 1354 752 1416 δὲ
767 1349 881 1418 πάντας
896 1350 1049 1433 Ἀχαιούς,

241 1454 340 1534 τόφρα
355 1453 380 1517 δ’
396 1451 443 1536 ἔχ’
458 1456 539 1536 ὄφρα
553 1481 591 1520 σε
606 1456 720 1536 νόσφιν
732 1453 870 1538 ἀπήγαγε
883 1453 1011 1521 Παλλάς
1023 1450 1186 1541 Ἀθήνη.]”

283 1561 346 1623 Τὸν
361 1555 386 1620 δ’
398 1558 435 1620 αδ
448 1557 630 1642 Τηλέμαχος
645 1557 832 1639 πεπνυμένος
848 1560 950 1624 άντίον
965 1559 1048 1638 ηὔδα·
1139 1586 1189 1636 ²90

241 1659 406 1743 “Ἀτρείδη
423 1660 565 1727 Μενέλαε
580 1663 745 1744 διοτρεφές,
761 1665 875 1747 ὄρχαμε
890 1669 983 1741 λαῶν,

241 1765 359 1845 ἄλγιον·
382 1767 417 1831 ού
434 1765 491 1847 γάρ
504 1769 536 1831 of
549 1793 579 1831 τι
593 1767 656 1832 τάδ’
671 1766 782 1849 ἤρκεσε
798 1768 911 1851 λυγρὸν
927 1770 1063 1848 ὄλεθρον,

241 1867 303 1934 οὐδ’
319 1871 347 1934 εἴ
360 1872 389 1934 οῖ
408 1871 509 1950 κραδίη
526 1898 561 1953 γε
578 1872 699 1951 σιδηρέη
716 1872 837 1936 ἔνδοθεν
853 1870 918 1951 ήεν.

240 1971 310 2036 ἄλλ’
325 1972 407 2056 ἄγετ’
423 1976 467 2040 είς
483 1973 574 2052 εύυῖγν
586 1971 706 2055 τράπεθ’
721 1973 825 2054 ήμέας,
841 1976 921 2055 ὄφρο
937 1973 986 2038 καῖ
1001 1973 1056 2053 ἤδη

245 2078 328 2161 ὕπνῳ
343 2079 401 2141 ὕπο
415 2080 550 2162 γλυκερῷ
566 2079 747 2158 ταρπώμεθα
761 2076 983 2157 καιμηθέντες.”
1139 2107 1189 2160 ²95

277 2178 341 2246 Ὣς
355 2178 450 2262 ἔφατ’,
465 2178 586 2262 Ἀργείη
601 2179 627 2245 δ’
641 2178 753 2260 Ἑλένη
769 2182 885 2266 δμῳῇσι
902 2179 1029 2246 κέλευσε

241 2281 333 2363 δέμνι’
348 2280 397 2346 ὑπ’
412 2284 539 2369 αἰθούσῃ
555 2285 686 2362 θέμεναι,
701 2284 751 2348 καὶ
764 2283 859 2366 ῥήγεα
875 2283 953 2348 καλὰ

239 2385 383 2466 πορφύρε’
400 2385 572 2465 ἐμβαλέειν,
588 2384 733 2468 στορέσαι
747 2385 774 2450 τ’
791 2386 942 2467 ἐφύπερθε
957 2388 1101 2465 τάπητας,

240 2491 370 2572 χλαίνας
386 2487 411 2553 τ’
427 2490 582 2568 ἐνθέμεναι
599 2490 693 2556 οὔλας
706 2491 890 2572 καθύπερθεν
906 2491 1046 2556 ἕσασθαι.

241 2593 272 2654 αἱ
287 2589 313 2654 δ’
329 2594 399 2656 ἴσον
414 2595 448 2656 ἐκ
463 2592 605 2676 μεγάροιο
621 2591 692 2660 δάος
706 2593 783 2671 μετά
796 2591 905 2676 χερσῖν
920 2594 1056 2677 ἔχουσαι,
1139 2619 1189 2670 300

241 2694 345 2775 δέμνια
359 2700 393 2760 δὲ
410 2697 569 2777 στόρεσον·
589 2699 622 2762 ἐκ
637 2700 671 2760 δὲ
685 2695 802 2776 ξείνους
817 2697 873 2779 άγε
888 2697 988 2779 κῆρυξ.

241 2800 270 2861 οἱ
285 2801 341 2878 μὲν
356 2797 402 2880 ἄρ’
417 2801 451 2866 ἕν
465 2800 605 2885 προδόμιρ
621 2801 714 2880 δύμον
729 2801 832 2866 αὐτόθι
849 2799 1043 2880 κοιμήσαντο,

240 2901 422 2986 Τηλέμαχός
439 2901 465 2968 θ’
480 2902 558 2984 ἥρως
575 2904 624 2968 καὶ
639 2903 794 2986 Νέστορος
810 2904 925 2987 ἀγλαὸς
940 2905 1016 2971 υἷάς·

241 3001 395 3085 Ἀτρείδης
411 3009 444 3071 δὲ
460 3011 584 3072 καθεῦδε
598 3007 683 3092 μυχῷ
699 3009 792 3089 δόμου
806 3009 950 3090 ὑψηλοῖο,

242 3107 302 3188 πάρ
318 3107 343 3172 δ’
358 3107 469 3188 Ἑλένη
485 3110 676 3176 τανύπεπλος
691 3110 826 3191 ἐλέξατο,
841 3116 891 3176 δῖα
905 3118 1063 3193 γυναικῶν.
1140 3137 1190 3190 305

281 3210 382 3293 Ἦμος
397 3210 423 3277 δ’
438 3212 586 3297 ἠριγένεια
602 3214 684 3294 φάνη
698 3214 917 3298 ῥοδοδάκτυλος
931 3212 1022 3290 Ἠώς,

242 3315 345 3396 ὤρνυτ’
361 3315 406 3398 ἄρ’
423 3317 460 3397 ἐξ
475 3317 582 3398 εὐνῆφι
597 3319 677 3397 βοὴν
693 3320 805 3401 ἀγαθὸς
821 3317 981 3386 Μενέλαος

242 3421 349 3498 εἵματα
364 3418 541 3501 ἑσσάμενος,
555 3419 623 3503 περὶ
638 3423 671 3484 δὲ
687 3420 776 3502 ξίφος
792 3420 847 3501 άξδ
862 3421 921 3487 θέτ’
937 3422 1019 3507 ὤμῳ,

242 3523 339 3586 ποσσὶ
355 3520 379 3585 δ’
394 3524 453 3587 ύπδ
467 3529 643 3605 λιπαροῖσιν
658 3523 788 3602 ἐδήσατο
804 3525 883 3590 καλά
898 3526 1017 3605 πέδιλα,

241 3626 284 3705 βῆ
300 3623 325 3689 δ’
340 3625 407 3704 ἴμεν
422 3627 453 3689 ἐκ
470 3628 618 3706 θαλάμοιο
635 3630 692 3711 θεῷ
709 3629 887 3710 ἐναλίγκιος
896 3629 999 3709 ἄντην,
1142 3657 1191 3705 310

240 3727 412 3814 Τηλεμάχῳ
428 3732 461 3794 δέ
476 3732 598 3812 παρῖζεν
614 3732 686 3798 έπος
701 3729 727 3796 τ’
742 3731 830 3815 ἔφατ’
846 3732 878 3798 έκ
895 3731 919 3798 τ’
935 3733 1053 3815 θνάμαζ
1066 3751 1072 3765 ·
