2834 4234
285 341 347 424 748
568 349 617 420 15.
648 341 884 404 ολνςςαιις
914 343 951 406 0.

318 512 381 578 “sse
397 511 493 593 ἔφατ’,
509 512 614 576 αὐτίκα
628 515 661 576 δὲ
675 514 880 596 χρυσόθρονος
895 508 1007 589 ἤλυθεν
1022 509 1114 576 Ἠώς.
1206 525 1210 532 “

281 617 450 699 ἀγχίμολον
466 613 498 678 δέ
512 614 568 695 σφ’
584 615 660 694 ἦλθε
674 615 753 696 βοὴν
769 616 881 694 ἀγαθὸς
896 614 1065 690 Μενέλαος,

282 715 396 782 ἀνστὰς
412 713 450 794 ἔξ
465 714 560 792 εύνῆς,
576 713 704 793 Ἑλένης
719 713 800 795 πάρα
815 713 1020 794 καλλικόμοιο.

282 817 335 881 τὸν
350 818 376 881 δ’
391 817 431 884 ὡς
447 818 500 881 οὖν
516 818 643 897 ἔνόησεν
658 817 830 894 Ὀδυσσῆος
846 818 936 896 φίλος
951 818 1024 893 υἱός,

282 921 490 1002 σπερχόμενός
504 923 542 1003 ῥα
556 927 670 1002 χιτῶνα
685 922 752 1001 περὶ
766 919 837 1003 χροῒ
852 922 1036 1002 σιγαλόεντα
1198 931 1232 980 60

282 1029 379 1099 δῦνεν,
396 1021 445 1087 καὶ
459 1025 537 1107 μέγα
553 1029 649 1106 φᾶρος
665 1021 714 1088 ἔπὶ
731 1028 890 1104 στιβαροῖς
905 1021 1011 1099 βάλετ’
1028 1021 1119 1102 ὤμοις

285 1127 372 1208 ἥρως,
388 1129 430 1207 βῆ
446 1130 477 1191 δὲ
494 1127 608 1209 θύραζε,
624 1127 847 1208 παριστάμενος
862 1129 895 1191 δὲ
911 1126 1066 1207 προσηύδα

283 1230 485 1313 [Τηλέμαχος,
501 1232 591 1311 φίλος
607 1230 671 1298 υίὸς
685 1230 856 1308 Ὀδυσσῆος
871 1225 991 1317 θείοιο]·

281 1338 298 1366 “
308 1332 444 1415 Ἀτρεΐδη
462 1335 602 1400 Μενέλαε
617 1334 783 1416 διοτρεφές,
800 1335 914 1416 ὄρχαμε
929 1339 1021 1408 λαῶν,

281 1436 337 1517 ἥδη
354 1442 407 1500 νῦν
421 1437 451 1516 μ’
467 1439 627 1516 ἀπόπεμπε
642 1439 737 1518 φίλην
754 1444 784 1504 ἔς
798 1439 928 1518 πατρίδα
941 1441 1042 1520 γαῖαν·
1199 1448 1231 1522 §5

281 1539 337 1619 ἤδη
354 1540 410 1623 γάρ
425 1567 477 1622 μοι
493 1541 583 1619 θυμὸς
600 1541 734 1605 έέλδεται
750 1542 843 1606 οἴκαδ’
860 1538 1006 1606 ῖκέσθαι.”

325 1648 387 1707 Τδν
402 1644 427 1709 δ’
443 1644 577 1723 ἠμείβετ’
592 1645 695 1708 ἔπειτα
709 1645 789 1726 βοὴν
805 1644 917 1726 ἀγαθὸς
933 1643 1101 1712 Μενέλαος·

282 1747 475 1830 “Τηλέμαχ’,
491 1747 525 1810 ού
540 1750 571 1812 τί
585 1747 614 1810 σ’
629 1749 688 1831 ἔγοί
704 1775 740 1830 γε
755 1747 852 1813 πολὺν
866 1749 978 1830 χρόνον
993 1745 1092 1812 ἐνθάδ’
1108 1743 1201 1826 ἔρύξω

285 1847 404 1926 ἱέμενον
419 1852 550 1915 νόστοιο·
582 1856 774 1930 νεμεσσῶμαι
790 1851 822 1912 δὲ
838 1851 887 1913 καὶ
902 1849 988 1932 άλλη)

283 1953 367 2034 ἀνδρὶ
384 1952 552 2039 ξεινοδόκῳ,
569 1954 602 2021 ὅς
618 1953 643 2018 κ’
660 1951 755 2036 ἔξοχα
768 1955 824 2032 μὲν
840 1952 996 2040 φιλέῃσιν,
1199 1976 1233 2028 70

284 2055 376 2139 ἔξοχα
391 2056 418 2120 δ’
434 2059 618 2144 ἐχθαίρῃσιν·
649 2059 760 2135 ἀμείνω
776 2057 801 2122 δ’
818 2060 925 2137 αἴσιμα
940 2057 1049 2122 πάντα.

282 2160 353 2225 ἶσόν
369 2186 417 2225 τοι
434 2163 523 2226 κακόν
539 2162 612 2238 ἔσθ’,
628 2159 662 2228 ός
677 2161 703 2225 τ’
715 2162 767 2225 ούκ
782 2161 926 2226 ἐθέλοντα
941 2160 1065 2227 νέεσθαι

284 2262 383 2342 ξεῖνον
399 2265 553 2346 ἐποτρύνει
569 2265 618 2328 καὶ
633 2264 666 2330 ὃς
682 2264 849 2345 ἐσσύμενον
864 2265 1024 2346 κατερύκει.

285 2363 358 2454 [χρῆ
375 2365 473 2447 ξεῖνον
489 2368 636 2449 παρεόντα
653 2373 767 2448 φιλεῖν,
783 2367 929 2432 ἔθέλοντα
943 2370 976 2433 δὲ
992 2368 1145 2452 πέμπειν]

284 2471 366 2534 ἀλλὰ
380 2471 444 2552 μέν’
459 2474 502 2537 εῖς
518 2473 536 2534 ὅ
551 2497 585 2534 κε
600 2475 681 2553 δῶρα
696 2470 796 2553 φέρων
811 2473 965 2554 ἐπιδίφρια
980 2475 1050 2538 θείω
1198 2497 1230 2550 75

285 2575 372 2652 καλά,
390 2575 428 2638 σὺ
444 2574 469 2638 δ’
484 2575 692 2654 ὀφθαλμοῖσιν
706 2577 782 2662 ίδῃς,
799 2576 873 2640 εῖπω
889 2578 922 2639 δὲ
936 2575 1055 2658 γυναιξὶ

285 2683 406 2743 δεῖπνον
423 2679 467 2742 ένῖ
482 2676 623 2759 μεγάροις
638 2685 771 2744 τετυκεῖν
786 2679 855 2744 ἅλις
871 2680 957 2746 ἔνδον
972 2681 1093 2745 ἐόντων.

285 2783 456 2864 ἀμφότερον
473 2783 558 2848 κῦδός
573 2807 606 2846 τε
624 2781 671 2847 καὶ
688 2781 798 2865 ἀγλαΐη
815 2780 864 2846 καὶ
879 2785 980 2866 όνειαρ

286 2883 504 2964 δειπνήσαντας
518 2887 586 2964 ’ίμεν
603 2887 722 2966 πολλὴν
738 2885 783 2949 ἔπ’
801 2887 945 2968 ἀπείρονα
960 2894 1058 2970 γαῖαν.

285 2992 313 3054 εῖ
328 2988 354 3052 δ’
366 2987 482 3053 ἐθέλεις
497 2994 667 3072 τραφθῆναι
683 2989 728 3054 ἀν’
739 2988 879 3054 Ἑλλάδα
895 2993 942 3056 καὶ
956 2990 1052 3069 μέσον
1061 2988 1183 3075 Ἄργος,
1200 3007 1234 3056 80

284 3095 364 3174 όφρο
378 3117 425 3154 τοι
443 3091 531 3160 αὐτὸς
545 3094 668 3173 ἕπωμαι,
683 3092 834 3172 ὑποζεύξω
850 3093 883 3159 δέ
898 3120 943 3158 τοι
957 3096 1077 3174 ίππους,
1269 3092 1299 3118 ’“’

285 3196 379 3290 άστεα
394 3193 419 3256 δ’
435 3196 599 3279 ἀνθρώπων
614 3196 777 3280 ἡγήσομαι·
800 3198 867 3262 οὐδέ
879 3225 925 3264 τις
939 3197 1031 3278 ἡμέας

285 3299 379 3365 οὕτως
395 3299 564 3383 ἀππέμψει,
581 3303 672 3367 δύσει
688 3299 720 3365 δέ
734 3326 761 3366 τι
778 3302 811 3366 ἔν
829 3329 864 3386 γε
881 3301 1038 3382 φέρεσθαι,

284 3402 320 3481 ἠέ
333 3427 399 3465 τινα
410 3407 559 3483 τριπόδων
574 3406 731 3488 εύχάλκων
745 3406 780 3485 ἠὲ
794 3405 944 3486 λεβήτων,

284 3506 319 3585 ἠὲ
333 3501 381 3568 δύ’
396 3504 537 3584 ῆμιόνους
552 3509 586 3588 ἠὲ
601 3510 745 3592 χρύσειον
761 3508 917 3574 ἀλεισον.”
1201 3528 1234 3591 85

327 3609 391 3672 Τὸν
406 3607 431 3673 δ’
447 3611 483 3675 αὖ
497 3612 678 3696 Τηλέμαχος
696 3612 880 3694 πεπνυμένος
897 3613 1000 3678 ἀντίον
1014 3614 1099 3693 ηὔδα·
1238 3601 1241 3607 ’

285 3721 304 3749 “
315 3711 453 3794 Ἀτρείδη
472 3715 609 3780 Μενέλαε
626 3716 792 3798 διοτρεφές,
809 3717 923 3799 ὄρχαμε
937 3724 1031 3796 λαῶν,
