2792 4232
465 352 513 420 17.
537 341 712 402 ΙΛΙΑΔΟΣ
734 343 783 404 Ρ.’
1047 338 1111 426 361.

167 512 260 595 αἰχμή
277 510 544 593 Πουλυδάμαντος·
576 513 593 573 ὁ
607 509 665 593 γάρ
680 510 705 593 ῤ’
724 507 821 590 έβαλε
836 507 950 593 σχεδόν
961 505 1075 574 ’ἐλθών
1102 507 1104 513 ’

164 613 276 692 Λήϊτον
291 613 355 676 αὖθ’
368 611 487 696 Ἕκτωρ
502 619 616 696 σχεδὸν
631 613 743 677 οὔτασε
757 616 833 696 χεῖρ’
849 614 901 676 ἐπὶ
916 613 1030 697 καρπῷ,
1061 625 1112 675 6ος

166 721 230 782 υίδν
245 715 461 799 Ἀλεκτρυόνος
475 717 656 801 μεγαθύμου,
673 722 772 782 παῢσε
787 717 821 792 δὲ
835 715 965 799 χάρτης·Ι

165 821 276 900 τρέσσε
291 818 507 900 δέπαπτήνας,
524 821 590 886 ἐπεὶ
606 819 705 886 αιίκέτι
721 821 832 884 ἔλπετο
847 822 929 904 θυμῷ

167 925 257 1008 ἔγχος
273 924 354 1007 ἔχων
373 926 406 988 έν
420 925 501 1006 χειρὶ
516 922 712 1006 μαχήσεσθαι
726 923 896 1004 Τρώεσσιν.

164 1026 294 1110 Ἕκτορα
309 1025 335 1092 δ’
349 1027 519 1107 Ἰδομενεὺς
532 1030 608 1106 μετδ
624 1028 738 1106 Λήϊτον
752 1025 918 1109 ὁρμηθέντα
1062 1037 1112 1101 605

166 1131 318 1212 βεβλήκει
334 1132 454 1214 θώρηκα
469 1133 545 1195 κατά
560 1135 672 1210 στῆθος
688 1130 770 1212 παρὰ
783 1131 890 1210 μαζόν·

168 1237 201 1301 ἐν
217 1235 358 1320 καυλῷ,δ’
375 1234 450 1318 ἐάγη
466 1240 594 1318 δολιχὸν
609 1236 693 1316 δόρυ,
705 1236 753 1298 τοὶ
767 1235 793 1298 δ’
809 1234 947 1314 ἐβόησαν

167 1343 275 1419 Τρῶες·
307 1340 324 1401 ὁ
339 1337 364 1402 δ’
389 1337 560 1417 Ἰδομενῆος
577 1340 720 1404 ἀκόντισε
737 1339 928 1402 Δευκαλίδαο

168 1443 265 1528 δίφριρ
282 1444 479 1525 ἐφεσταότος·
512 1448 566 1505 τοῦ
580 1441 637 1521 μέν
650 1443 676 1525 ῤ’
694 1441 754 1506 ἀπδ
770 1441 877 1518 τυτθὸν
892 1441 1033 1521 άμαρτεν·

168 1545 259 1626 αάτάρ
275 1547 292 1608 ό
309 1547 466 1626 Μηριόναο
482 1545 600 1610 όπάονά
616 1547 642 1609 θ’
658 1546 785 1628 ήνίοχόν
802 1570 844 1618 τε,
1063 1553 1115 1604 ⁶10

170 1649 325 1729 Κοίρανον,
340 1651 373 1715 ὅς
387 1649 412 1732 ῥ’
430 1652 463 1712 έκ
479 1647 596 1714 Λύκτου
612 1649 783 1728 ἐόκτιμέυης
798 1647 877 1724 ἕπετ’
894 1647 1016 1731 αὐτήν-

169 1751 256 1829 πεζὸς
270 1755 328 1834 γάρ
344 1755 382 1815 τδ
397 1759 500 1833 πρῶτα
514 1755 615 1817 λιπιδν
630 1753 698 1820 νέας
715 1755 923 1834 ἀμφιελίσσας

168 1853 269 1933 ήλυθε,
286 1856 336 1918 καί
351 1882 385 1920 κε
400 1856 502 1937 Τρωσί
518 1856 597 1940 μέγα
614 1856 721 1938 κρότος
736 1853 924 1938 ἐγγυάλιξεν,
1035 1905 1038 1912 .

169 1960 195 2022 εἰ
210 1959 251 2037 μή
269 1959 414 2040 Κοίρανος
429 1956 493 2022 ἀκα
508 1962 662 2042 ποδώκεας
676 1959 794 2038 ήλασεν
807 1961 926 2024 ἵππους·

169 2063 218 2126 καὶ
233 2065 273 2146 τῷ
291 2065 347 2141 μὲν
361 2062 440 2144 φάος
456 2063 558 2142 ἦλθεν,
575 2064 668 2142 ἄμυνε
683 2066 716 2127 δὲ
731 2066 837 2141 νηλεὲς
852 2061 939 2141 ήμαρ,
1064 2069 1116 2132 61⁵

170 2162 256 2228 αὐτὸς
272 2159 299 2226 δ’
315 2163 414 2226 ὤλεσε
432 2166 526 2243 θυμδν
539 2163 591 2244 ὑφ’
603 2161 750 2244 Ἕκτορος
764 2161 1007 2242 ἀνδροφόνοιο--η

169 2266 221 2330 τὸν
235 2263 311 2346 βάλ’
326 2268 386 2330 ὑπὸ
399 2271 547 2348 γναθμοῖο
564 2268 613 2330 καὶ
628 2267 743 2342 οὔατος,
763 2268 797 2329 ἐκ
811 2264 835 2329 δ’
852 2265 897 2346 ἀρ’
915 2264 1040 2328 ὀδόντας

170 2366 230 2433 ὦσε
246 2370 317 2450 δόρυ
333 2370 474 2450 πρυμνόν,
490 2372 540 2433 διδ
555 2373 588 2433 δὲ
602 2377 756 2452 γλῶσσαν
766 2368 841 2450 τάμε
855 2367 984 2448 μέσσην.

170 2471 258 2553 ἤριπε
273 2470 300 2536 δ’
316 2470 352 2550 ἐξ
364 2471 471 2555 ὀχέων,
489 2473 564 2536 κατά
579 2473 604 2536 δ’
620 2473 691 2552 ἡνία
705 2479 795 2557 χεῦεν
811 2473 905 2554 ἔραζε.

171 2578 219 2641 καὶ
234 2575 273 2640 τά
287 2603 322 2658 γε
339 2579 494 2656 Μηριόνης
513 2577 632 2656 ἔλαβεν
644 2579 784 2659 χείρεσσι
800 2579 912 2663 φίλῃσι
1066 2582 1115 2632 620

172 2680 269 2762 κόψας
285 2682 318 2743 ἐκ
337 2681 461 2751 πεδίοιο,
478 2681 527 2744 καλ
542 2678 703 2760 Ἰδομενῆα
717 2681 883 2763 προσηύδα·

173 2789 192 2818 “
202 2783 312 2863 μάστιε
328 2788 389 2856 νῦν,
406 2783 461 2862 ήός
483 2809 515 2846 κε
535 2784 606 2849 θοὰς
621 2784 671 2848 ἐπὶ
686 2788 760 2863 νῆας
772 2787 864 2863 ἵκηαν

171 2884 351 2964 γιγνώσκεις
365 2885 398 2947 δὲ
414 2884 463 2948 καὶ
482 2882 570 2950 αὐτὸς
585 2885 602 2946 ὅ
620 2884 644 2945 τ’
665 2882 763 2948 οὐκέτι
778 2882 885 2965 κάρτος
899 2879 1063 2965 Ἀχσιών.”

209 2983 271 3052 Ὣς
287 2983 384 3069 ἔφατ’,
397 2986 566 3066 Ἰδομενεὺς
584 2985 609 3049 δ’
626 2988 736 3066 ἵμασεν
752 2988 949 3068 καλλίτριχας
964 2987 1074 3050 ἵππους

173 3090 245 3166 νῆας
260 3087 310 3150 ἔπι
325 3085 493 3168 γλαφυρός·
524 3086 635 3168 δήγάρ
650 3086 717 3168 δέος
733 3087 847 3167 ἔμπεσε
862 3088 956 3171 θυμῷ.
1046 3097 1125 3172 '⁶3⁵

215 3187 289 3254 Οὐδ’
305 3189 398 3278 ἔλαθ’,
408 3192 525 3260 Αἵαντα
539 3189 732 3273 μεγαλήτορα
748 3191 796 3254 καὶ
812 3187 973 3254 Μενέλαον
1199 3202 1202 3207 ’

174 3293 256 3368 Ζειίς,
273 3294 325 3357 ὅτε
340 3293 376 3372 δή
391 3295 534 3376 Τρώεσσι
549 3295 632 3360 δίδου
648 3293 810 3372 ἑτεραλκέα
825 3294 918 3371 νίκην.
1031 3371 1032 3378 ¹
1123 3347 1125 3354 ,

173 3400 253 3461 τοῖσι
269 3399 302 3461 δὲ
316 3397 419 3476 μόθων
435 3397 510 3481 ήρχε
524 3397 620 3480 μέγας
633 3397 829 3476 Τελαμώνιος
843 3399 927 3462 Αἴας·
1033 3435 1035 3440 .
1159 3445 1164 3456 .

175 3499 223 3562 “δ
239 3501 344 3573 πόποι,
363 3499 418 3578 ήδη
433 3499 489 3580 μέν
505 3526 538 3566 κε
557 3501 605 3565 καὶ
621 3499 654 3568 δς
667 3499 752 3578 μάλα
767 3498 872 3589 νήπιός
882 3501 953 3566 ,ἐστι

174 3606 258 3686 γνοίη
275 3606 322 3668 ότι
337 3604 479 3685 Τρώεσσι
498 3604 596 3685 πατὴρ
610 3603 687 3669 ’Ζεὺς
703 3603 791 3670 αὐτὸς
807 3601 921 3686 ἀρήγει.
1063 3615 1118 3677 ’6,ηο

174 3716 232 3776 τῶν
246 3711 303 3790 μὲν
318 3710 377 3792 γδρ
392 3707 512 3774 πάντων
526 3704 614 3788 βέλε’
630 3706 765 3780 άπτεται,
782 3707 815 3772 ὅς
829 3731 875 3773 τις
889 3705 988 3793 ἀφήῃ,
1058 3783 1061 3792 ¹
1104 3771 1106 3776 ,
1124 3765 1127 3774 .

619 3821 678 3890 N3
