<?xml version="1.0" encoding="UTF-8"?>
<!DOCTYPE html PUBLIC "-//W3C//DTD XHTML 1.0 Transitional//EN"
    "http://www.w3.org/TR/xhtml1/DTD/xhtml1-transitional.dtd">
<html xmlns="http://www.w3.org/1999/xhtml" xml:lang="en" lang="en">
 <head>
  <title>
</title>
<meta http-equiv="Content-Type" content="text/html;charset=utf-8" />
  <meta name='ocr-system' content='tesseract 3.04.00' />
  <meta name='ocr-capabilities' content='ocr_page ocr_carea ocr_par ocr_line ocrx_word'/>
</head>
<body>
  <div class='ocr_page' id='page_1' title='image "./homerioperaetre00homegoog_0224.png"; bbox 0 0 2738 4226; ppageno 0'>
   <div class='ocr_carea' id='block_1_1' title="bbox 233 304 853 370">
    <p class='ocr_par' dir='ltr' id='par_1_1' title="bbox 233 304 853 370">
     <span class='ocr_line' id='line_1_1' title="bbox 233 304 853 370; baseline -0.002 0"><span class='ocrx_word' id='word_1_1' title='bbox 233 304 293 370; x_wconf 80' lang='lat'>208</span> <span class='ocrx_word' id='word_1_2' title='bbox 549 323 598 368; x_wconf 86' lang='lat'>11.</span> <span class='ocrx_word' id='word_1_3' title='bbox 624 305 793 368; x_wconf 87' lang='grc' dir='ltr'><strong>ΙΛΙΑΔΟΣ</strong></span> <span class='ocrx_word' id='word_1_4' title='bbox 816 307 853 369; x_wconf 68' lang='grc' dir='ltr'>Λζ</span> 
     </span>
    </p>
   </div>
   <div class='ocr_carea' id='block_1_2' title="bbox 230 471 1176 2206">
    <p class='ocr_par' dir='ltr' id='par_1_2' title="bbox 230 471 1176 2206">
     <span class='ocr_line' id='line_1_2' title="bbox 232 471 1175 558; baseline -0.002 -18"><span class='ocrx_word' id='word_1_5' title='bbox 232 477 271 542; x_wconf 81' lang='grc' dir='ltr'>ὣς</span> <span class='ocrx_word' id='word_1_6' title='bbox 286 476 343 556; x_wconf 82' lang='grc' dir='ltr'>ἄρα</span> <span class='ocrx_word' id='word_1_7' title='bbox 357 471 420 541; x_wconf 82' lang='grc' dir='ltr'>τοῖς</span> <span class='ocrx_word' id='word_1_8' title='bbox 437 473 471 538; x_wconf 85' lang='grc' dir='ltr'>ού</span> <span class='ocrx_word' id='word_1_9' title='bbox 486 501 529 540; x_wconf 91' lang='grc' dir='ltr'>τις</span> <span class='ocrx_word' id='word_1_10' title='bbox 546 475 653 538; x_wconf 79' lang='grc' dir='ltr'>δύνατο</span> <span class='ocrx_word' id='word_1_11' title='bbox 668 477 857 558; x_wconf 79' lang='grc' dir='ltr'>χραισμῆσαι</span> <span class='ocrx_word' id='word_1_12' title='bbox 873 477 1001 556; x_wconf 88' lang='grc' dir='ltr'>όλεθρον</span> <span class='ocrx_word' id='word_1_13' title='bbox 1032 481 1037 496; x_wconf 70' lang='lat'><strong><em>¹</em></strong></span> <span class='ocrx_word' id='word_1_14' title='bbox 1127 497 1175 538; x_wconf 77' lang='lat'>120</span> 
     </span>
     <span class='ocr_line' id='line_1_3' title="bbox 231 577 1022 661; baseline 0.003 -21"><span class='ocrx_word' id='word_1_15' title='bbox 231 579 349 658; x_wconf 80' lang='grc' dir='ltr'>Τρώων,</span> <span class='ocrx_word' id='word_1_16' title='bbox 368 579 449 640; x_wconf 87' lang='grc' dir='ltr'>ἀλλά</span> <span class='ocrx_word' id='word_1_17' title='bbox 465 579 513 642; x_wconf 83' lang='grc' dir='ltr'>καὶ</span> <span class='ocrx_word' id='word_1_18' title='bbox 530 579 613 642; x_wconf 79' lang='grc' dir='ltr'>αὐτοὶ</span> <span class='ocrx_word' id='word_1_19' title='bbox 628 579 676 642; x_wconf 80' lang='grc' dir='ltr'>ὑπ’</span> <span class='ocrx_word' id='word_1_20' title='bbox 692 579 861 661; x_wconf 89' lang='grc' dir='ltr'>Ἀργείοισι</span> <span class='ocrx_word' id='word_1_21' title='bbox 877 577 1022 660; x_wconf 79' lang='grc' dir='ltr'>φέβοντο.</span> 
     </span>
     <span class='ocr_line' id='line_1_4' title="bbox 275 680 1141 764; baseline 0.001 -21"><span class='ocrx_word' id='word_1_22' title='bbox 275 681 374 762; x_wconf 84' lang='grc' dir='ltr'>Αύτάρ</span> <span class='ocrx_word' id='word_1_23' title='bbox 390 682 406 743; x_wconf 88' lang='grc' dir='ltr'>ὁ</span> <span class='ocrx_word' id='word_1_24' title='bbox 422 681 613 762; x_wconf 90' lang='grc' dir='ltr'>Πείσανδρόν</span> <span class='ocrx_word' id='word_1_25' title='bbox 627 706 661 746; x_wconf 88' lang='grc' dir='ltr'>τε</span> <span class='ocrx_word' id='word_1_26' title='bbox 676 683 726 746; x_wconf 82' lang='grc' dir='ltr'>καὶ</span> <span class='ocrx_word' id='word_1_27' title='bbox 740 680 928 764; x_wconf 82' lang='grc' dir='ltr'>Ἱππόλοχον</span> <span class='ocrx_word' id='word_1_28' title='bbox 942 680 1141 764; x_wconf 81' lang='grc' dir='ltr'>μενεχάρμην,</span> 
     </span>
     <span class='ocr_line' id='line_1_5' title="bbox 232 781 960 867; baseline -0.001 -19"><span class='ocrx_word' id='word_1_29' title='bbox 232 783 314 850; x_wconf 84' lang='grc' dir='ltr'>υἱέος·</span> <span class='ocrx_word' id='word_1_30' title='bbox 327 781 523 867; x_wconf 78' lang='grc' dir='ltr'>Ἀντιμάχοιο</span> <span class='ocrx_word' id='word_1_31' title='bbox 539 781 709 865; x_wconf 73' lang='grc' dir='ltr'>δαΐφρονος,</span> <span class='ocrx_word' id='word_1_32' title='bbox 725 785 758 850; x_wconf 86' lang='grc' dir='ltr'>ός</span> <span class='ocrx_word' id='word_1_33' title='bbox 772 785 810 866; x_wconf 79' lang='grc' dir='ltr'>ῥα</span> <span class='ocrx_word' id='word_1_34' title='bbox 824 783 960 862; x_wconf 89' lang='grc' dir='ltr'>μάλιστα</span> 
     </span>
     <span class='ocr_line' id='line_1_6' title="bbox 230 885 999 970; baseline 0.003 -20"><span class='ocrx_word' id='word_1_35' title='bbox 230 887 345 970; x_wconf 85' lang='grc' dir='ltr'>χρυσὸν</span> <span class='ocrx_word' id='word_1_36' title='bbox 359 885 575 968; x_wconf 80' lang='grc' dir='ltr'>Ἀλεξάνδροιο</span> <span class='ocrx_word' id='word_1_37' title='bbox 591 885 776 968; x_wconf 78' lang='grc' dir='ltr'>δεδεγμένος,</span> <span class='ocrx_word' id='word_1_38' title='bbox 793 887 895 970; x_wconf 86' lang='grc' dir='ltr'>ἀγλοδ</span> <span class='ocrx_word' id='word_1_39' title='bbox 911 892 999 970; x_wconf 80' lang='grc' dir='ltr'>δῶρα,</span> 
     </span>
     <span class='ocr_line' id='line_1_7' title="bbox 232 985 1175 1076; baseline -0.003 -22"><span class='ocrx_word' id='word_1_40' title='bbox 232 992 283 1054; x_wconf 83' lang='grc' dir='ltr'>οὐκ</span> <span class='ocrx_word' id='word_1_41' title='bbox 300 988 399 1073; x_wconf 86' lang='grc' dir='ltr'>εἴασχ’</span> <span class='ocrx_word' id='word_1_42' title='bbox 414 989 544 1068; x_wconf 84' lang='grc' dir='ltr'>Ἑλένην</span> <span class='ocrx_word' id='word_1_43' title='bbox 559 990 682 1070; x_wconf 87' lang='grc' dir='ltr'>δόμεναι</span> <span class='ocrx_word' id='word_1_44' title='bbox 698 988 797 1074; x_wconf 78' lang='grc' dir='ltr'>ξανθῷ</span> <span class='ocrx_word' id='word_1_45' title='bbox 814 985 974 1076; x_wconf 81' lang='grc' dir='ltr'>Μενελάῳ,</span> <span class='ocrx_word' id='word_1_46' title='bbox 1128 1017 1175 1065; x_wconf 82' lang='lat'>¹²5</span> 
     </span>
     <span class='ocr_line' id='line_1_8' title="bbox 232 1092 1014 1175; baseline 0.003 -18"><span class='ocrx_word' id='word_1_47' title='bbox 232 1100 354 1175; x_wconf 80' lang='grc' dir='ltr'>τοῦπερ</span> <span class='ocrx_word' id='word_1_48' title='bbox 370 1093 406 1172; x_wconf 75' lang='grc' dir='ltr'>δη</span> <span class='ocrx_word' id='word_1_49' title='bbox 422 1093 474 1156; x_wconf 91' lang='grc' dir='ltr'>δύο</span> <span class='ocrx_word' id='word_1_50' title='bbox 493 1098 582 1158; x_wconf 85' lang='grc' dir='ltr'>παῖδε</span> <span class='ocrx_word' id='word_1_51' title='bbox 596 1092 678 1173; x_wconf 85' lang='grc' dir='ltr'>λάβε</span> <span class='ocrx_word' id='word_1_52' title='bbox 697 1095 802 1175; x_wconf 89' lang='grc' dir='ltr'>κρείων</span> <span class='ocrx_word' id='word_1_53' title='bbox 816 1093 1014 1175; x_wconf 87' lang='grc' dir='ltr'>Ἀγαμέμνων</span> 
     </span>
     <span class='ocr_line' id='line_1_9' title="bbox 233 1193 1049 1280; baseline 0.004 -19"><span class='ocrx_word' id='word_1_54' title='bbox 233 1199 276 1262; x_wconf 83' lang='grc' dir='ltr'>είν</span> <span class='ocrx_word' id='word_1_55' title='bbox 292 1197 336 1260; x_wconf 85' lang='grc' dir='ltr'>ἑνὶ</span> <span class='ocrx_word' id='word_1_56' title='bbox 354 1197 450 1280; x_wconf 90' lang='grc' dir='ltr'>δίφρῳ</span> <span class='ocrx_word' id='word_1_57' title='bbox 466 1196 580 1269; x_wconf 75' lang='grc' dir='ltr'>ἐόντος,</span> <span class='ocrx_word' id='word_1_58' title='bbox 597 1198 671 1275; x_wconf 80' lang='grc' dir='ltr'>ὁμοῦ</span> <span class='ocrx_word' id='word_1_59' title='bbox 686 1193 712 1259; x_wconf 88' lang='grc' dir='ltr'>δ’</span> <span class='ocrx_word' id='word_1_60' title='bbox 728 1197 801 1278; x_wconf 82' lang='grc' dir='ltr'>ἔχον</span> <span class='ocrx_word' id='word_1_61' title='bbox 816 1195 910 1262; x_wconf 77' lang='grc' dir='ltr'>ὠκέας</span> <span class='ocrx_word' id='word_1_62' title='bbox 928 1198 1049 1264; x_wconf 83' lang='grc' dir='ltr'>ίππους·</span> 
     </span>
     <span class='ocr_line' id='line_1_10' title="bbox 232 1297 985 1382; baseline 0.004 -21"><span class='ocrx_word' id='word_1_63' title='bbox 232 1302 264 1362; x_wconf 79' lang='grc' dir='ltr'>ἐκ</span> <span class='ocrx_word' id='word_1_64' title='bbox 280 1297 338 1380; x_wconf 87' lang='grc' dir='ltr'>γάρ</span> <span class='ocrx_word' id='word_1_65' title='bbox 353 1306 452 1378; x_wconf 91' lang='grc' dir='ltr'>σφεας</span> <span class='ocrx_word' id='word_1_66' title='bbox 465 1305 577 1382; x_wconf 80' lang='grc' dir='ltr'>χειρῶν</span> <span class='ocrx_word' id='word_1_67' title='bbox 592 1301 690 1381; x_wconf 88' lang='grc' dir='ltr'>φύγον</span> <span class='ocrx_word' id='word_1_68' title='bbox 704 1297 775 1381; x_wconf 84' lang='grc' dir='ltr'>ἡνία</span> <span class='ocrx_word' id='word_1_69' title='bbox 791 1299 985 1381; x_wconf 83' lang='grc' dir='ltr'>σιγαλόεντα,</span> 
     </span>
     <span class='ocr_line' id='line_1_11' title="bbox 232 1399 990 1483; baseline 0.005 -18"><span class='ocrx_word' id='word_1_70' title='bbox 232 1405 271 1466; x_wconf 85' lang='grc' dir='ltr'>τδ</span> <span class='ocrx_word' id='word_1_71' title='bbox 287 1405 320 1466; x_wconf 76' lang='grc' dir='ltr'>δὲ</span> <span class='ocrx_word' id='word_1_72' title='bbox 336 1400 511 1482; x_wconf 84' lang='grc' dir='ltr'>κυκηθήτην·</span> <span class='ocrx_word' id='word_1_73' title='bbox 535 1404 552 1466; x_wconf 87' lang='grc' dir='ltr'>ὀ</span> <span class='ocrx_word' id='word_1_74' title='bbox 567 1400 593 1466; x_wconf 92' lang='grc' dir='ltr'>δ’</span> <span class='ocrx_word' id='word_1_75' title='bbox 610 1403 746 1468; x_wconf 78' lang='grc' dir='ltr'>ἐναντίον</span> <span class='ocrx_word' id='word_1_76' title='bbox 761 1399 838 1483; x_wconf 79' lang='grc' dir='ltr'>ὦρτο</span> <span class='ocrx_word' id='word_1_77' title='bbox 855 1401 935 1467; x_wconf 85' lang='grc' dir='ltr'>λέων</span> <span class='ocrx_word' id='word_1_78' title='bbox 951 1405 990 1470; x_wconf 86' lang='grc' dir='ltr'>δς</span> 
     </span>
     <span class='ocr_line' id='line_1_12' title="bbox 231 1503 1176 1587; baseline 0.002 -19"><span class='ocrx_word' id='word_1_79' title='bbox 231 1503 395 1586; x_wconf 85' lang='grc' dir='ltr'>Ἀτρείδης·</span> <span class='ocrx_word' id='word_1_80' title='bbox 418 1506 458 1569; x_wconf 84' lang='grc' dir='ltr'>τδ</span> <span class='ocrx_word' id='word_1_81' title='bbox 474 1505 499 1570; x_wconf 94' lang='grc' dir='ltr'>δ’</span> <span class='ocrx_word' id='word_1_82' title='bbox 516 1503 579 1568; x_wconf 82' lang='grc' dir='ltr'>αὖτ’</span> <span class='ocrx_word' id='word_1_83' title='bbox 595 1507 627 1569; x_wconf 78' lang='grc' dir='ltr'>ἐκ</span> <span class='ocrx_word' id='word_1_84' title='bbox 643 1507 752 1586; x_wconf 92' lang='grc' dir='ltr'>δίφρου</span> <span class='ocrx_word' id='word_1_85' title='bbox 766 1504 981 1587; x_wconf 80' lang='grc' dir='ltr'>γουναζέσθην·</span> <span class='ocrx_word' id='word_1_86' title='bbox 1126 1531 1176 1582; x_wconf 79' lang='lat'>¹30</span> 
     </span>
     <span class='ocr_line' id='line_1_13' title="bbox 232 1607 1005 1690; baseline 0.003 -20"><span class='ocrx_word' id='word_1_87' title='bbox 232 1615 252 1644; x_wconf 85' lang='lat'>“</span> <span class='ocrx_word' id='word_1_88' title='bbox 263 1608 377 1690; x_wconf 77' lang='grc' dir='ltr'>ζώγρει,</span> <span class='ocrx_word' id='word_1_89' title='bbox 392 1607 516 1689; x_wconf 88' lang='grc' dir='ltr'>Ἀτρέος</span> <span class='ocrx_word' id='word_1_90' title='bbox 530 1608 586 1682; x_wconf 82' lang='grc' dir='ltr'>υἱέ,</span> <span class='ocrx_word' id='word_1_91' title='bbox 604 1608 642 1671; x_wconf 77' lang='grc' dir='ltr'>οδ</span> <span class='ocrx_word' id='word_1_92' title='bbox 657 1607 683 1672; x_wconf 86' lang='grc' dir='ltr'>δ’</span> <span class='ocrx_word' id='word_1_93' title='bbox 699 1607 769 1686; x_wconf 84' lang='grc' dir='ltr'>ἀξια</span> <span class='ocrx_word' id='word_1_94' title='bbox 784 1607 868 1687; x_wconf 85' lang='grc' dir='ltr'>δέξαι</span> <span class='ocrx_word' id='word_1_95' title='bbox 885 1609 1005 1674; x_wconf 83' lang='grc' dir='ltr'>ἄποινα·</span> 
     </span>
     <span class='ocr_line' id='line_1_14' title="bbox 231 1709 1028 1796; baseline 0.001 -22"><span class='ocrx_word' id='word_1_96' title='bbox 231 1714 333 1774; x_wconf 79' lang='grc' dir='ltr'>πολλὰ</span> <span class='ocrx_word' id='word_1_97' title='bbox 348 1709 374 1774; x_wconf 83' lang='grc' dir='ltr'>δ’</span> <span class='ocrx_word' id='word_1_98' title='bbox 391 1713 423 1776; x_wconf 79' lang='grc' dir='ltr'>έν</span> <span class='ocrx_word' id='word_1_99' title='bbox 437 1709 633 1796; x_wconf 81' lang='grc' dir='ltr'>Ἀντιμάχοιο</span> <span class='ocrx_word' id='word_1_100' title='bbox 649 1711 751 1790; x_wconf 89' lang='grc' dir='ltr'>δόμοις</span> <span class='ocrx_word' id='word_1_101' title='bbox 767 1710 907 1790; x_wconf 88' lang='grc' dir='ltr'>κειμήλια</span> <span class='ocrx_word' id='word_1_102' title='bbox 923 1718 1028 1789; x_wconf 84' lang='grc' dir='ltr'>κεῖται,</span> 
     </span>
     <span class='ocr_line' id='line_1_15' title="bbox 230 1813 971 1897; baseline 0.004 -20"><span class='ocrx_word' id='word_1_103' title='bbox 230 1815 346 1896; x_wconf 89' lang='grc' dir='ltr'>χαλκός</span> <span class='ocrx_word' id='word_1_104' title='bbox 362 1839 394 1878; x_wconf 91' lang='grc' dir='ltr'>τε</span> <span class='ocrx_word' id='word_1_105' title='bbox 409 1816 522 1897; x_wconf 89' lang='grc' dir='ltr'>χρυσός</span> <span class='ocrx_word' id='word_1_106' title='bbox 537 1839 570 1879; x_wconf 92' lang='grc' dir='ltr'>τε</span> <span class='ocrx_word' id='word_1_107' title='bbox 585 1813 776 1894; x_wconf 81' lang='grc' dir='ltr'>πολύκμητός</span> <span class='ocrx_word' id='word_1_108' title='bbox 790 1840 823 1879; x_wconf 90' lang='grc' dir='ltr'>τε</span> <span class='ocrx_word' id='word_1_109' title='bbox 839 1815 971 1896; x_wconf 91' lang='grc' dir='ltr'>σίδηρος,</span> 
     </span>
     <span class='ocr_line' id='line_1_16' title="bbox 230 1913 1004 2000; baseline 0.003 -22"><span class='ocrx_word' id='word_1_110' title='bbox 230 1923 289 1981; x_wconf 81' lang='grc' dir='ltr'>τῶν</span> <span class='ocrx_word' id='word_1_111' title='bbox 306 1913 356 1980; x_wconf 86' lang='grc' dir='ltr'>κέν</span> <span class='ocrx_word' id='word_1_112' title='bbox 372 1942 418 1980; x_wconf 93' lang='grc' dir='ltr'>τοι</span> <span class='ocrx_word' id='word_1_113' title='bbox 433 1917 594 2000; x_wconf 76' lang='grc' dir='ltr'>χαρίσαιτο</span> <span class='ocrx_word' id='word_1_114' title='bbox 609 1917 706 1998; x_wconf 78' lang='grc' dir='ltr'>πατὴρ</span> <span class='ocrx_word' id='word_1_115' title='bbox 722 1916 867 1998; x_wconf 85' lang='grc' dir='ltr'>ἀπερείσι’</span> <span class='ocrx_word' id='word_1_116' title='bbox 884 1918 1004 1992; x_wconf 80' lang='grc' dir='ltr'>ἄποινα,</span> 
     </span>
     <span class='ocr_line' id='line_1_17' title="bbox 231 2018 1173 2104; baseline 0 -20"><span class='ocrx_word' id='word_1_117' title='bbox 231 2023 257 2084; x_wconf 83' lang='grc' dir='ltr'>εί</span> <span class='ocrx_word' id='word_1_118' title='bbox 272 2025 326 2084; x_wconf 84' lang='grc' dir='ltr'>νῶῖ</span> <span class='ocrx_word' id='word_1_119' title='bbox 342 2018 432 2097; x_wconf 82' lang='grc' dir='ltr'>ζωοὺς</span> <span class='ocrx_word' id='word_1_120' title='bbox 446 2018 600 2084; x_wconf 82' lang='grc' dir='ltr'>πεπύθοιτ’</span> <span class='ocrx_word' id='word_1_121' title='bbox 618 2019 667 2083; x_wconf 80' lang='grc' dir='ltr'>ἐπὶ</span> <span class='ocrx_word' id='word_1_122' title='bbox 683 2021 789 2098; x_wconf 84' lang='grc' dir='ltr'>νηυσὶν</span> <span class='ocrx_word' id='word_1_123' title='bbox 801 2018 965 2104; x_wconf 86' lang='grc' dir='ltr'>Ἀχαιῶν.”</span> <span class='ocrx_word' id='word_1_124' title='bbox 1125 2047 1173 2098; x_wconf 82' lang='lat'>135</span> 
     </span>
     <span class='ocr_line' id='line_1_18' title="bbox 265 2120 972 2206; baseline 0.004 -21"><span class='ocrx_word' id='word_1_125' title='bbox 265 2121 328 2189; x_wconf 86' lang='grc' dir='ltr'>Ὣς</span> <span class='ocrx_word' id='word_1_126' title='bbox 344 2124 384 2187; x_wconf 84' lang='grc' dir='ltr'>τιό</span> <span class='ocrx_word' id='word_1_127' title='bbox 398 2150 434 2206; x_wconf 91' lang='grc' dir='ltr'>γε</span> <span class='ocrx_word' id='word_1_128' title='bbox 451 2124 590 2189; x_wconf 88' lang='grc' dir='ltr'>κλαίοντε</span> <span class='ocrx_word' id='word_1_129' title='bbox 606 2120 817 2205; x_wconf 80' lang='grc' dir='ltr'>προσαυδήτην</span> <span class='ocrx_word' id='word_1_130' title='bbox 831 2128 972 2203; x_wconf 81' lang='grc' dir='ltr'>βασιλῆα</span> 
     </span>
    </p>
   </div>
   <div class='ocr_carea' id='block_1_3' title="bbox 227 2326 1229 3747">
    <p class='ocr_par' dir='ltr' id='par_1_3' title="bbox 229 2326 1173 2821">
     <span class='ocr_line' id='line_1_19' title="bbox 231 2326 1006 2411; baseline 0.001 -18"><span class='ocrx_word' id='word_1_131' title='bbox 231 2340 249 2364; x_wconf 90' lang='grc'>“</span> <span class='ocrx_word' id='word_1_132' title='bbox 261 2331 286 2393; x_wconf 82' lang='grc' dir='ltr'>εἰ</span> <span class='ocrx_word' id='word_1_133' title='bbox 300 2330 355 2408; x_wconf 76' lang='grc' dir='ltr'>μὲν</span> <span class='ocrx_word' id='word_1_134' title='bbox 371 2330 407 2408; x_wconf 77' lang='grc' dir='ltr'>δη</span> <span class='ocrx_word' id='word_1_135' title='bbox 422 2326 619 2411; x_wconf 86' lang='grc' dir='ltr'>Ἀντιμάχοιο</span> <span class='ocrx_word' id='word_1_136' title='bbox 635 2326 797 2409; x_wconf 79' lang='grc' dir='ltr'>δαΐφρονος</span> <span class='ocrx_word' id='word_1_137' title='bbox 812 2328 890 2395; x_wconf 86' lang='grc' dir='ltr'>υἱέες</span> <span class='ocrx_word' id='word_1_138' title='bbox 906 2331 1006 2405; x_wconf 75' lang='grc' dir='ltr'>ἐστόν,</span> 
     </span>
     <span class='ocr_line' id='line_1_20' title="bbox 230 2428 959 2516; baseline 0.004 -21"><span class='ocrx_word' id='word_1_139' title='bbox 230 2435 262 2498; x_wconf 85' lang='grc' dir='ltr'>ὅς</span> <span class='ocrx_word' id='word_1_140' title='bbox 278 2431 343 2495; x_wconf 85' lang='grc' dir='ltr'>ποτ’</span> <span class='ocrx_word' id='word_1_141' title='bbox 360 2431 404 2495; x_wconf 76' lang='grc' dir='ltr'>ἒνὶ</span> <span class='ocrx_word' id='word_1_142' title='bbox 419 2431 530 2512; x_wconf 86' lang='grc' dir='ltr'>Τριόων</span> <span class='ocrx_word' id='word_1_143' title='bbox 547 2428 639 2516; x_wconf 78' lang='grc' dir='ltr'>ἀγορῇ</span> <span class='ocrx_word' id='word_1_144' title='bbox 658 2430 818 2495; x_wconf 87' lang='grc' dir='ltr'>Μενέλαον</span> <span class='ocrx_word' id='word_1_145' title='bbox 833 2431 959 2515; x_wconf 87' lang='grc' dir='ltr'>άνιογευ,</span> 
     </span>
     <span class='ocr_line' id='line_1_21' title="bbox 231 2532 1173 2618; baseline 0.003 -21"><span class='ocrx_word' id='word_1_146' title='bbox 231 2535 377 2617; x_wconf 82' lang='grc' dir='ltr'>ἀγγελίην</span> <span class='ocrx_word' id='word_1_147' title='bbox 393 2534 521 2598; x_wconf 78' lang='grc' dir='ltr'>ἐλθόντα</span> <span class='ocrx_word' id='word_1_148' title='bbox 537 2532 594 2599; x_wconf 81' lang='grc' dir='ltr'>σὺν</span> <span class='ocrx_word' id='word_1_149' title='bbox 606 2533 731 2618; x_wconf 78' lang='grc' dir='ltr'>ἀντιθέῳ</span> <span class='ocrx_word' id='word_1_150' title='bbox 746 2534 884 2612; x_wconf 82' lang='grc' dir='ltr'>Ὀδυσῆϊ,</span> <span class='ocrx_word' id='word_1_151' title='bbox 1125 2563 1173 2614; x_wconf 86' lang='lat'>¹40</span> 
     </span>
     <span class='ocr_line' id='line_1_22' title="bbox 230 2633 977 2721; baseline 0.005 -21"><span class='ocrx_word' id='word_1_152' title='bbox 230 2637 297 2700; x_wconf 76' lang='grc' dir='ltr'>αὖθι</span> <span class='ocrx_word' id='word_1_153' title='bbox 312 2641 500 2701; x_wconf 81' lang='grc' dir='ltr'>κατακτεῖναι</span> <span class='ocrx_word' id='word_1_154' title='bbox 513 2633 582 2716; x_wconf 89' lang='grc' dir='ltr'>μηδ’</span> <span class='ocrx_word' id='word_1_155' title='bbox 599 2635 702 2715; x_wconf 81' lang='grc' dir='ltr'>ἐξέμεν</span> <span class='ocrx_word' id='word_1_156' title='bbox 717 2636 765 2718; x_wconf 78' lang='grc' dir='ltr'>ἂψ</span> <span class='ocrx_word' id='word_1_157' title='bbox 781 2641 811 2703; x_wconf 80' lang='grc' dir='ltr'>ἐς</span> <span class='ocrx_word' id='word_1_158' title='bbox 825 2637 977 2721; x_wconf 89' lang='grc' dir='ltr'>Ἀχαιούς,</span> 
     </span>
     <span class='ocr_line' id='line_1_23' title="bbox 229 2739 978 2821; baseline 0.001 -17"><span class='ocrx_word' id='word_1_159' title='bbox 229 2745 282 2804; x_wconf 82' lang='grc' dir='ltr'>νῦν</span> <span class='ocrx_word' id='word_1_160' title='bbox 295 2742 351 2819; x_wconf 80' lang='grc' dir='ltr'>μὲν</span> <span class='ocrx_word' id='word_1_161' title='bbox 366 2740 401 2820; x_wconf 76' lang='grc' dir='ltr'>δὴ</span> <span class='ocrx_word' id='word_1_162' title='bbox 418 2745 469 2802; x_wconf 82' lang='grc' dir='ltr'>τοῦ</span> <span class='ocrx_word' id='word_1_163' title='bbox 485 2740 595 2821; x_wconf 85' lang='grc' dir='ltr'>πατρὸς</span> <span class='ocrx_word' id='word_1_164' title='bbox 611 2739 713 2804; x_wconf 85' lang='grc' dir='ltr'>ἀεικέα</span> <span class='ocrx_word' id='word_1_165' title='bbox 727 2741 829 2804; x_wconf 84' lang='grc' dir='ltr'>τίσετε</span> <span class='ocrx_word' id='word_1_166' title='bbox 844 2741 978 2820; x_wconf 83' lang='grc' dir='ltr'>λόβην.”</span> 
     </span>
    </p>

    <p class='ocr_par' dir='ltr' id='par_1_4' title="bbox 227 2841 1229 3747">
     <span class='ocr_line' id='line_1_24' title="bbox 268 2841 1055 2931; baseline 0.005 -27"><span class='ocrx_word' id='word_1_167' title='bbox 268 2841 322 2922; x_wconf 90' lang='grc' dir='ltr'>Ἦ,</span> <span class='ocrx_word' id='word_1_168' title='bbox 339 2844 386 2906; x_wconf 84' lang='grc' dir='ltr'>καὶ</span> <span class='ocrx_word' id='word_1_169' title='bbox 401 2845 591 2931; x_wconf 79' lang='grc' dir='ltr'>Πείσανδρον</span> <span class='ocrx_word' id='word_1_170' title='bbox 604 2845 661 2923; x_wconf 76' lang='grc' dir='ltr'>μὲν</span> <span class='ocrx_word' id='word_1_171' title='bbox 677 2843 729 2923; x_wconf 85' lang='grc' dir='ltr'>ἀφ’</span> <span class='ocrx_word' id='word_1_172' title='bbox 745 2844 846 2908; x_wconf 83' lang='grc' dir='ltr'>ίππων</span> <span class='ocrx_word' id='word_1_173' title='bbox 861 2841 924 2908; x_wconf 83' lang='grc' dir='ltr'>ὦσε</span> <span class='ocrx_word' id='word_1_174' title='bbox 939 2845 1055 2928; x_wconf 79' lang='grc' dir='ltr'>χαμᾶζε</span> 
     </span>
     <span class='ocr_line' id='line_1_25' title="bbox 229 2945 1102 3028; baseline 0 -19"><span class='ocrx_word' id='word_1_175' title='bbox 229 2947 310 3026; x_wconf 85' lang='grc' dir='ltr'>δουρὶ</span> <span class='ocrx_word' id='word_1_176' title='bbox 326 2946 434 3025; x_wconf 76' lang='grc' dir='ltr'>βαλὸν</span> <span class='ocrx_word' id='word_1_177' title='bbox 449 2945 523 3028; x_wconf 84' lang='grc' dir='ltr'>πρὸς</span> <span class='ocrx_word' id='word_1_178' title='bbox 540 2947 658 3022; x_wconf 79' lang='grc' dir='ltr'>στῆθος·</span> <span class='ocrx_word' id='word_1_179' title='bbox 681 2947 698 3009; x_wconf 87' lang='grc' dir='ltr'>ὀ</span> <span class='ocrx_word' id='word_1_180' title='bbox 713 2945 738 3009; x_wconf 86' lang='grc' dir='ltr'>δ’</span> <span class='ocrx_word' id='word_1_181' title='bbox 753 2946 858 3012; x_wconf 82' lang='grc' dir='ltr'>ὕπτιος</span> <span class='ocrx_word' id='word_1_182' title='bbox 874 2946 954 3011; x_wconf 90' lang='grc' dir='ltr'>ούδει</span> <span class='ocrx_word' id='word_1_183' title='bbox 971 2947 1102 3028; x_wconf 74' lang='grc' dir='ltr'>ἐρείσθη.</span> 
     </span>
     <span class='ocr_line' id='line_1_26' title="bbox 227 3047 1172 3132; baseline 0.002 -22"><span class='ocrx_word' id='word_1_184' title='bbox 227 3047 413 3132; x_wconf 84' lang='grc' dir='ltr'>Ἱππόλοχος</span> <span class='ocrx_word' id='word_1_185' title='bbox 428 3049 452 3112; x_wconf 87' lang='grc' dir='ltr'>δ’</span> <span class='ocrx_word' id='word_1_186' title='bbox 469 3050 630 3130; x_wconf 88' lang='grc' dir='ltr'>ἀπόρουσε,</span> <span class='ocrx_word' id='word_1_187' title='bbox 646 3047 698 3113; x_wconf 90' lang='grc' dir='ltr'>τδν</span> <span class='ocrx_word' id='word_1_188' title='bbox 714 3049 750 3112; x_wconf 78' lang='grc' dir='ltr'>αὖ</span> <span class='ocrx_word' id='word_1_189' title='bbox 764 3051 860 3132; x_wconf 81' lang='grc' dir='ltr'>χαμαὶ</span> <span class='ocrx_word' id='word_1_190' title='bbox 876 3048 1037 3132; x_wconf 78' lang='grc' dir='ltr'>ἐξενάριξε,</span> <span class='ocrx_word' id='word_1_191' title='bbox 1126 3079 1172 3130; x_wconf 87' lang='lat'>¹45</span> 
     </span>
     <span class='ocr_line' id='line_1_27' title="bbox 229 3149 1005 3235; baseline 0.004 -20"><span class='ocrx_word' id='word_1_192' title='bbox 229 3157 332 3234; x_wconf 83' lang='grc' dir='ltr'>χεῖρας</span> <span class='ocrx_word' id='word_1_193' title='bbox 348 3150 406 3214; x_wconf 89' lang='grc' dir='ltr'>ἀπὸ</span> <span class='ocrx_word' id='word_1_194' title='bbox 422 3149 506 3232; x_wconf 83' lang='grc' dir='ltr'>ξίφεϊ</span> <span class='ocrx_word' id='word_1_195' title='bbox 523 3150 635 3232; x_wconf 82' lang='grc' dir='ltr'>τμήξας</span> <span class='ocrx_word' id='word_1_196' title='bbox 651 3152 714 3216; x_wconf 86' lang='grc' dir='ltr'>ἀπό</span> <span class='ocrx_word' id='word_1_197' title='bbox 727 3151 752 3214; x_wconf 85' lang='grc' dir='ltr'>τ’</span> <span class='ocrx_word' id='word_1_198' title='bbox 769 3151 883 3235; x_wconf 82' lang='grc' dir='ltr'>αὐχένα</span> <span class='ocrx_word' id='word_1_199' title='bbox 898 3154 1005 3235; x_wconf 81' lang='grc' dir='ltr'>κόψας,</span> 
     </span>
     <span class='ocr_line' id='line_1_28' title="bbox 229 3253 941 3334; baseline 0.003 -18"><span class='ocrx_word' id='word_1_200' title='bbox 229 3258 324 3332; x_wconf 87' lang='grc' dir='ltr'>ὅλμον</span> <span class='ocrx_word' id='word_1_201' title='bbox 339 3253 364 3317; x_wconf 89' lang='grc' dir='ltr'>δ’</span> <span class='ocrx_word' id='word_1_202' title='bbox 382 3255 421 3320; x_wconf 81' lang='grc' dir='ltr'>ὣς</span> <span class='ocrx_word' id='word_1_203' title='bbox 437 3255 545 3319; x_wconf 82' lang='grc' dir='ltr'>ἔσσευε</span> <span class='ocrx_word' id='word_1_204' title='bbox 561 3254 755 3319; x_wconf 88' lang='grc' dir='ltr'>κυλίνδεσθαι</span> <span class='ocrx_word' id='word_1_205' title='bbox 770 3254 807 3317; x_wconf 90' lang='grc' dir='ltr'>δι’</span> <span class='ocrx_word' id='word_1_206' title='bbox 824 3256 941 3334; x_wconf 86' lang='grc' dir='ltr'>ὁμίλου.</span> 
     </span>
     <span class='ocr_line' id='line_1_29' title="bbox 228 3352 1229 3440; baseline 0.003 -20"><span class='ocrx_word' id='word_1_207' title='bbox 228 3358 296 3422; x_wconf 84' lang='grc' dir='ltr'>τοὺς</span> <span class='ocrx_word' id='word_1_208' title='bbox 309 3359 366 3436; x_wconf 76' lang='grc' dir='ltr'>μὲν</span> <span class='ocrx_word' id='word_1_209' title='bbox 382 3352 458 3419; x_wconf 83' lang='grc' dir='ltr'>ἔασ’·</span> <span class='ocrx_word' id='word_1_210' title='bbox 483 3357 499 3419; x_wconf 87' lang='grc' dir='ltr'>ὁ</span> <span class='ocrx_word' id='word_1_211' title='bbox 515 3355 539 3420; x_wconf 80' lang='grc' dir='ltr'>δ’</span> <span class='ocrx_word' id='word_1_212' title='bbox 557 3357 605 3420; x_wconf 82' lang='grc' dir='ltr'>ὅθι</span> <span class='ocrx_word' id='word_1_213' title='bbox 621 3361 763 3420; x_wconf 84' lang='grc' dir='ltr'>πλεῖσται</span> <span class='ocrx_word' id='word_1_214' title='bbox 780 3356 941 3422; x_wconf 90' lang='grc' dir='ltr'>κλονέοντο</span> <span class='ocrx_word' id='word_1_215' title='bbox 957 3355 1128 3440; x_wconf 88' lang='grc' dir='ltr'>φάλαγγες,</span> <span class='ocrx_word' id='word_1_216' title='bbox 1222 3405 1229 3414; x_wconf 88' lang='grc'>-</span> 
     </span>
     <span class='ocr_line' id='line_1_30' title="bbox 229 3458 1029 3545; baseline 0.003 -24"><span class='ocrx_word' id='word_1_217' title='bbox 229 3461 263 3545; x_wconf 76' lang='grc' dir='ltr'>τῇ</span> <span class='ocrx_word' id='word_1_218' title='bbox 278 3459 309 3543; x_wconf 83' lang='grc' dir='ltr'>ῥ’</span> <span class='ocrx_word' id='word_1_219' title='bbox 327 3459 470 3540; x_wconf 83' lang='grc' dir='ltr'>ἐνόρουσ’,</span> <span class='ocrx_word' id='word_1_220' title='bbox 487 3458 548 3539; x_wconf 85' lang='grc' dir='ltr'>ἀμα</span> <span class='ocrx_word' id='word_1_221' title='bbox 563 3459 587 3523; x_wconf 91' lang='grc' dir='ltr'>δ’</span> <span class='ocrx_word' id='word_1_222' title='bbox 604 3459 696 3524; x_wconf 83' lang='grc' dir='ltr'>ἄλλοι</span> <span class='ocrx_word' id='word_1_223' title='bbox 711 3460 883 3539; x_wconf 81' lang='grc' dir='ltr'>ἐϋκνήμιδες</span> <span class='ocrx_word' id='word_1_224' title='bbox 898 3459 1029 3543; x_wconf 86' lang='grc' dir='ltr'>Ἀχαιοί,</span> 
     </span>
     <span class='ocr_line' id='line_1_31' title="bbox 228 3560 1172 3650; baseline 0.003 -25"><span class='ocrx_word' id='word_1_225' title='bbox 228 3563 311 3641; x_wconf 81' lang='grc' dir='ltr'>πεζοὶ</span> <span class='ocrx_word' id='word_1_226' title='bbox 325 3563 381 3642; x_wconf 73' lang='grc' dir='ltr'>μὲν</span> <span class='ocrx_word' id='word_1_227' title='bbox 396 3563 501 3639; x_wconf 80' lang='grc' dir='ltr'>πεζοὺς</span> <span class='ocrx_word' id='word_1_228' title='bbox 517 3565 625 3626; x_wconf 88' lang='grc' dir='ltr'>ὄλεκον</span> <span class='ocrx_word' id='word_1_229' title='bbox 641 3563 809 3646; x_wconf 88' lang='grc' dir='ltr'>φεύγοντας</span> <span class='ocrx_word' id='word_1_230' title='bbox 824 3560 948 3650; x_wconf 81' lang='grc' dir='ltr'>ἀνάγκη,</span> <span class='ocrx_word' id='word_1_231' title='bbox 1124 3591 1133 3627; x_wconf 89' lang='grc' dir='ltr'>ι</span> <span class='ocrx_word' id='word_1_232' title='bbox 1139 3595 1172 3643; x_wconf 82' lang='lat'>50</span> 
     </span>
     <span class='ocr_line' id='line_1_32' title="bbox 229 3663 967 3747; baseline 0.004 -20"><span class='ocrx_word' id='word_1_233' title='bbox 229 3667 330 3732; x_wconf 78' lang='grc' dir='ltr'>ἱππεῖς</span> <span class='ocrx_word' id='word_1_234' title='bbox 345 3665 369 3729; x_wconf 77' lang='grc' dir='ltr'>δ’</span> <span class='ocrx_word' id='word_1_235' title='bbox 387 3663 600 3744; x_wconf 77' lang='grc' dir='ltr'>ἱππῆας-ὑπὸ</span> <span class='ocrx_word' id='word_1_236' title='bbox 615 3666 649 3730; x_wconf 87' lang='grc' dir='ltr'>δέ</span> <span class='ocrx_word' id='word_1_237' title='bbox 664 3675 775 3746; x_wconf 90' lang='grc' dir='ltr'>σφισιν</span> <span class='ocrx_word' id='word_1_238' title='bbox 790 3664 867 3746; x_wconf 81' lang='grc' dir='ltr'>ὦρτο</span> <span class='ocrx_word' id='word_1_239' title='bbox 883 3669 967 3747; x_wconf 86' lang='grc' dir='ltr'>κονίη</span> 
     </span>
    </p>
   </div>
   <div class='ocr_carea' id='block_1_4' title="bbox 0 0 1374 4226">
    <p class='ocr_par' dir='ltr' id='par_1_5' title="bbox 0 0 1374 4226">
     <span class='ocr_line' id='line_1_33' title="bbox 0 0 1374 4226; baseline 0 1"><span class='ocrx_word' id='word_1_240' title='bbox 0 0 1374 4226; x_wconf 95' lang='lat' dir='ltr'> </span> 
     </span>
    </p>
   </div>
  </div>
 </body>
</html>
