2874 4234
525 336 552 398 8.
584 339 818 401 οκςςνυιις
850 339 889 398 ο.
1117 337 1181 419 629

232 507 348 585 πρῶτός
365 503 389 567 κ’
405 506 498 587 ἄνδρα
512 507 641 587 βάλοιμι
657 505 819 571 ὀϊστεύσας
833 507 867 568 ἐν
883 507 977 589 ὁμίλῳ

231 610 350 688 ἀνδρῶν
360 611 541 690 δυσμενέων,
559 613 585 674 εί
598 612 646 674 καὶ
662 609 745 690 μάλα
760 606 873 672 πολλοὶ
888 612 1000 690 ἑταϊροι

231 713 304 796 ἀγχι
321 715 508 796 παρασταῖεν
524 711 572 778 καὶ
587 711 762 792 τοξαζοίατο
778 719 898 793 φωτῶν.

231 817 292 882 οἶος
308 815 343 896 δή
360 843 397 896 με
413 816 602 896 Φιλοκτήτης
617 819 796 880 ἀπεκαίνυτο
811 813 890 900 τόξῳ

230 919 311 1004 δήμῳ
328 922 373 984 ένι
387 921 509 1002 Τρώων,
526 923 578 985 ότε
592 920 778 1000 τοξαζοίμεθ’
794 919 925 1004 Ἀχαιοί.
1132 949 1180 984 220

229 1029 288 1087 τῶν
304 1023 329 1088 δ’
345 1025 451 1090 ἄλλων
466 1025 520 1104 ἐμέ
535 1034 613 1106 φημι
632 1025 711 1088 πολὺ
725 1023 970 1105 προφερέστερον
985 1023 1073 1101 εἶναι,

229 1129 320 1190 ὅσσοι
335 1134 387 1192 νῦν
403 1130 513 1209 βροτοί
525 1132 605 1194 εἰσιν
620 1131 670 1192 ἐπὶ
686 1126 773 1211 χθονὶ
790 1133 875 1192 σϊτσν
891 1130 1017 1192 ἔδοντες.

231 1230 358 1312 ἀνδράσι
373 1235 406 1295 δὲ
423 1231 615 1313 προτέροισιν
629 1232 762 1313 ἐριζέμεν
778 1233 829 1295 οὐκ
845 1229 993 1310 ἐθελήσω,

232 1332 293 1397 οὔθ’
307 1333 459 1416 Ἡρακλῆϊ
475 1336 535 1398 οὔτ’
553 1336 672 1420 Εὐρύτῳ
688 1337 847 1418 Οίχαλιῆϊ,

230 1439 261 1501 οἵ
273 1441 311 1520 ῥα
327 1441 376 1503 καὶ
393 1440 588 1504 ἀθανάτοισιν
603 1441 757 1520 ἐρίζεσκον
773 1439 841 1518 περὶ
857 1436 961 1515 τόξων.
1132 1467 1179 1517 ²25

230 1544 270 1625 τῷ
286 1545 324 1624 ῥα
341 1545 389 1606 καὶ
405 1541 473 1625 αἶψ’
490 1543 596 1607 έθανεν
611 1543 704 1625 μέγας
720 1543 859 1624 Εὔρυτος,
876 1540 935 1605 οὐδ’
951 1540 1000 1606 ἐπὶ
1016 1546 1108 1624 γήρας

230 1646 302 1710 ἵκετ’
318 1648 363 1710 ε’νὶ
379 1649 549 1730 μεγάροισι·
578 1646 796 1728 χολωσάμενος
811 1649 869 1727 γάρ
883 1643 1047 1710 Ἀπόλλων

229 1749 362 1828 ἔκτανεν,
380 1751 486 1815 αύνεκά
500 1777 552 1826 μιν
567 1751 764 1832 προκαλίζετο
778 1748 968 1828 τοξάζεσθαι.

229 1855 311 1935 δουρὶ
326 1852 352 1917 δ’
368 1856 512 1932 ἀκοντίζω
528 1856 603 1918 ὅσον
618 1854 670 1917 ούκ
686 1855 781 1918 ἀλλος
796 1878 841 1917 τις
859 1854 962 1936 ὀϊστῷ.

228 1959 342 2021 οἵοισιν
357 1958 490 2021 δείδοικα
505 1956 598 2022 ποσὶν
612 1957 652 2037 μή
668 1960 713 2022 τίς
727 1981 765 2034 με
781 1957 917 2042 παρέλθῃ
1131 1983 1179 2033 230

228 2060 378 2139 Φαιήκων·
408 2062 478 2140 λίην
493 2064 550 2142 γὰρ
566 2061 722 2126 ἀεικελίως
737 2059 911 2140 ἐδαμάσθην

228 2163 356 2241 κύμασιν
371 2167 404 2228 ἐν
420 2171 559 2242 πολλοῖς,
576 2161 642 2228 ἐπεὶ
659 2165 691 2228 οὐ
707 2164 813 2252 κομιδὴ
830 2162 905 2227 κατὰ
922 2167 980 2242 νῆα

227 2266 281 2345 ἦεν
296 2270 468 2346 ἐπηετανός·
500 2269 542 2353 τῳ
556 2293 608 2347 μοι
623 2269 701 2347 φίλα
715 2273 785 2349 γυῖα
800 2264 974 2332 λέλυνται.”

264 2369 328 2437 Ὧς
343 2369 441 2452 ἔφαθ’,
457 2373 486 2434 οἱ
502 2369 528 2434 δ’
543 2372 601 2453 ἀρα
617 2371 728 2437 πάντες
744 2371 818 2450 ἀκὴν
834 2370 975 2454 ἐγένοντο
991 2375 1101 2458 σιωπῇ·

228 2475 385 2542 Ἀλκίνοος
401 2475 434 2539 δέ
448 2502 499 2557 μιν
516 2477 579 2542 οἶος
593 2477 794 2557 ἀμειβόμενος
810 2475 983 2555 προσέειπε·
1131 2505 1177 2553 235

272 2587 292 2616 “
303 2579 396 2658 Ξεῖν’,
414 2581 481 2644 ἐπεὶ
496 2579 548 2643 οὐκ
565 2580 715 2662 ἀχάριστα
730 2578 794 2658 μεθ’
809 2579 881 2658 ἡμῖν
896 2578 976 2643 ταῦτ’
992 2581 1154 2663 ἀγορεύεις,

228 2680 299 2745 ἀλλ’
314 2684 428 2749 ἐθέλεις
442 2683 552 2764 ἀρετήν
568 2684 627 2762 σὴν
641 2683 799 2764 φαινέμεν,
814 2685 833 2761 ἥ
849 2709 895 2747 τοι
911 2684 1026 2762 ἀπηδεϊ,

215 2787 382 2869 ἱχωόμενος
398 2789 445 2851 ότι
461 2786 489 2848 σ’
506 2787 592 2852 οὗτος
604 2786 679 2867 ἀνὴρ
695 2789 729 2851 έν
744 2788 837 2866 ἀγῶνι
857 2790 1011 2867 παραστδς

229 2892 372 2966 νείκεσεν,
388 2890 427 2957 ὣς
443 2889 481 2954 ἀν
497 2890 556 2969 σήν
571 2890 682 2970 ἀρετὴν
696 2890 809 2971 βροτὸς
823 2890 858 2953 ού
873 2915 917 2956 τις
934 2892 1035 2956 όνοιτο

228 2991 262 3058 ός
276 3019 321 3059 τις
337 2994 495 3057 ἐπίσταιτο
509 2991 563 3079 ᾖσι
579 2993 690 3073 φρεσὶν
704 2993 792 3073 ἀρτια
805 2992 921 3073 βάζειν·
1128 3022 1178 3072 ²40

230 3097 300 3159 ἀλλ’
318 3096 374 3178 ἀγε
388 3103 441 3160 νῦν
457 3098 562 3178 ἐμέθεν
577 3096 671 3175 ξυνίει
688 3096 769 3170 ἐπος,
785 3097 866 3178 ὄφρα
883 3096 930 3161 καὶ
946 3097 1032 3181 ἀλλῳ

228 3203 315 3287 εἴπης
329 3200 442 3281 ἡρώων,
456 3199 507 3264 ότε
523 3225 574 3264 κεν
589 3206 655 3267 σοῖς
670 3203 703 3264 έν
717 3199 878 3282 μεγάροισι

228 3305 332 3390 δαινύῃ
348 3304 428 3385 παρὰ
443 3307 483 3390 σῇ
500 3302 524 3368 τ’
541 3305 644 3388 ἀλόχῳ
662 3305 711 3367 καὶ
728 3309 811 3366 σοϊσι
828 3303 980 3382 τέκεσσιν,

227 3407 373 3488 ἡμετέρης
389 3409 494 3489 ἀρετῆς
510 3409 705 3489 μεμνημένος,
723 3409 772 3471 οία
788 3406 835 3472 καὶ
850 3409 922 3490 ήμϊν

229 3511 305 3577 Ζεὺς
320 3512 369 3574 ἐπὶ
385 3512 458 3594 ἐργα
473 3513 575 3591 τίθησι
590 3512 749 3592 διαμπερὲς
764 3510 840 3589 ἐξέτι
856 3518 987 3593 πατρῶν.
1131 3537 1178 3590 ²4⁵

229 3615 335 3697 οὐγὰρ
351 3615 503 3700 πυγμάχοι
520 3618 603 3694 εϊμέν
617 3616 764 3696 ἀμύμονες
780 3617 848 3680 οὐδὲ
862 3620 1040 3696 παλαισταί,

229 3717 312 3784 ἀλλά
327 3717 402 3783 ποσί
418 3724 565 3799 κραιπνῶς
581 3720 688 3800 θέομεν
704 3715 753 3782 καὶ
769 3721 877 3798 νηυσὶν
891 3722 1020 3803 άριστοι,
