2738 4226
284 317 345 401 ²3⁶
599 338 646 382 12.
674 324 841 382 ΙΛΙΑΔΟΣ
866 324 909 382 M.

284 488 375 566 ἀντην
388 486 600 568 βαλλομένων·
623 487 706 567 μάλα
720 493 779 572 γάρ
795 495 940 570 κρατερῶς
956 486 1116 572 ἐμάχοντο,

281 596 404 654 λαοῖσιν
420 591 586 672 καθύπερθε
601 594 781 659 πεποιθότες
795 593 849 672 ήδέ
863 594 984 674 βίηφιν.

282 696 310 757 οἱ
326 693 350 755 δ’
367 694 424 775 ἀρα
438 694 649 776 χερμαδίοισιν
664 695 817 775 ἐϋδμήτων
832 695 892 759 ἀπὸ
908 694 1028 778 πύργων

280 794 412 875 βάλλον,
430 798 608 877 ἀμυνόμενοι
623 803 714 879 σφῦν
728 797 752 860 τ’
771 798 932 862 αὐτῶνκαὶ
949 797 1097 863 κλισιάων
1181 823 1228 872 155

281 904 360 976 νηῶν
376 900 400 962 τ’
417 900 586 982 ὠκυπόρων·
611 901 736 983 νιφάδες
751 901 776 965 δ’
794 902 833 967 ὧς
849 906 960 965 πῖπτον
976 901 1072 982 ἔραζε,

281 1000 316 1066 άς
331 1000 355 1064 τ’
372 1003 480 1084 ἀνεμος
497 1003 576 1084 ζαής,
594 1004 689 1086 νέφεα
711 1003 851 1068 σκιόεντα
867 1002 1009 1082 δονήσας,

281 1109 425 1187 ταρφειὰς
437 1106 602 1189 κατέχευεν
617 1109 666 1172 ἐπὶ
681 1106 769 1191 χθονὶ
785 1107 1018 1191 πουλυβοτείρῃ·

221 1263 225 1272 .
282 1208 321 1272 ὣς
336 1215 395 1272 τῶν
411 1211 444 1272 ἐκ
458 1217 568 1292 χειρῶν
583 1209 681 1290 βέλεα
695 1209 773 1292 ῥέον,
788 1210 863 1289 ἠμὲν
877 1209 1012 1291 Ἀχαιῶν

281 1312 333 1388 ἠδὲ
349 1314 397 1375 καὶ
416 1315 448 1376 ἐκ
464 1314 583 1394 Τρώων·
607 1313 728 1395 κόρυθες
743 1313 767 1376 δ’
785 1312 859 1395 ἀμφ’
876 1312 948 1377 αῦον
964 1309 1070 1377 ἀύτευν
1179 1325 1227 1376 ιόο

281 1416 472 1494 βαλλόμεναι
486 1415 658 1496 μυλάκεσσι
675 1417 723 1480 καὶ
739 1417 866 1484 ἀσπίδες
883 1415 1109 1496 ὀμφαλόεσσαι.

282 1515 321 1594 δή·
332 1520 370 1599 ῥα
386 1519 445 1582 τότ’
463 1519 587 1604 ᾤμωξέν
602 1545 635 1584 τε
651 1520 699 1583 καὶ
715 1521 738 1582 ὣ
755 1518 929 1601 πεπλήγετο
944 1520 1026 1598 μηρὼ

279 1617 387 1687 Ἀσιος
400 1620 587 1703 Ὑρτακίδης,
604 1623 652 1684 καὶ
668 1620 846 1698 ἀλαστήσας
862 1622 935 1686 έπος
950 1621 1032 1700 ηὔδα·

282 1730 301 1755 “
311 1726 369 1787 Ζεῦ
384 1722 487 1804 πάτερ,
505 1723 523 1802 ή
537 1723 576 1809 ῥά
591 1748 625 1786 νυ
641 1723 690 1786 καὶ
707 1721 745 1785 σὺ
761 1723 952 1805 φιλοψευδὴς
967 1721 1071 1800 ἐτέτυξ
1090 1763 1091 1770 1

281 1823 383 1910 πάγχυ
397 1825 479 1906 μάλ’·
503 1828 609 1908 οὐγὰρ
625 1825 712 1908 ἔγωγ’
731 1824 851 1907 ἐφάμην
865 1826 964 1906 ήρωας
977 1825 1120 1908 Ἀχαιοὺς
1179 1836 1225 1899 165

282 1927 412 2011 σχήσειν
426 1927 570 2011 ἡμέτερόν
584 1956 620 2012 γε
634 1927 723 2010 μένος
739 1931 788 1994 καὶ
803 1934 907 2013 χεῖρας
923 1927 1065 1994 ἀάπτους.

281 2034 310 2094 οἱ
326 2031 361 2106 δ’,
377 2033 418 2097 ὥς
433 2057 467 2096 τε
483 2034 599 2114 σφῆκες
614 2031 710 2113 μέσον
725 2034 825 2100 αἰόλοι
840 2033 875 2112 ήὲ
890 2030 1038 2114 μέλισσαι

282 2135 361 2197 οἰκία
377 2133 562 2214 ποιήσωνται
577 2137 636 2221 ὀδῷ
654 2135 703 2201 ἔπι
721 2135 946 2222 παιπαλοέσσῃ,

282 2235 341 2301 οὐδ’
358 2238 577 2302 ἀπολείπουσιν
593 2243 697 2302 κοῖλον
708 2239 814 2317 δόμον,
830 2239 912 2303 ἀλλά
926 2235 1067 2317 μένοντες

281 2340 389 2421 ἀνδρας
404 2345 570 2421 θηρητῆρας
585 2340 746 2420 ἀμύνονται
762 2343 830 2423 περὶ
846 2340 968 2420 τέκνων,
1179 2365 1227 2416 170

282 2443 320 2508 ὣς
336 2443 406 2525 οἵγ’
422 2444 474 2506 οῦκ
491 2442 633 2506 ἐθέλουσι
648 2442 772 2508 πυλάων
788 2445 837 2508 καὶ
852 2445 894 2508 δύ’
913 2445 997 2508 ἐόντε

281 2543 460 2628 χάσσασθαι
476 2547 546 2626 πρίν
560 2547 588 2629 γ’
605 2547 641 2625 ήέ
657 2547 842 2628 κατακτάμεν
857 2546 892 2627 ἠὲ
907 2544 1050 2612 ἀλῶναι.”

317 2648 380 2716 Ὣς
396 2649 493 2731 ἔφατ’,
511 2650 579 2713 οῦδὲ
595 2649 670 2716 Διὸς
686 2655 771 2714 πεῖθε
786 2649 884 2733 φρένα
899 2650 978 2714 ταῦτ’
996 2648 1158 2732 ἀγορεύων·

278 2752 400 2834 Ἕκτορι
415 2753 472 2835 γάρ
489 2756 516 2816 οἱ
532 2753 623 2833 θυμὸς
639 2753 785 2834 ἐβούλετο
801 2759 887 2820 κῦδος
902 2750 974 2834 ἀρέξ
1006 2799 1014 2814 .

322 2855 434 2921 Ἀλλοι
450 2857 474 2922 δ’
491 2857 565 2939 ἀμφ’
582 2858 697 2945 ἄλλῃσι
712 2855 813 2940 μάχην
828 2857 977 2941 ἐμάχοντο
993 2856 1135 2940 πύλῃσιν·
1177 2879 1224 2934 175

281 2962 431 3044 ἀργαλέον
446 2961 478 3026 δέ
493 2989 530 3042 με
545 2967 637 3025 ταῦτα
653 2960 722 3025 θεὸν
739 2962 778 3027 δς
794 2961 880 3026 πάντ’
898 2963 1070 3044 ἀγορεῦσαι·

280 3065 376 3151 πάντῃ
392 3065 449 3148 γάρ
464 3066 532 3146 περὶ
547 3069 647 3147 τεῖχος
663 3064 768 3145 ὀρώρει
784 3066 946 3130 θεσπιδαὲς
961 3069 1019 3144 πῦρ

280 3169 395 3233 λάϊνον·
417 3170 550 3251 Ἀργεῖοι
565 3170 598 3232 δὲ
614 3168 662 3231 καὶ
678 3168 841 3251 ἀχνύμενοί
854 3194 910 3248 περ
925 3164 1040 3251 ἀνάγκῃ

281 3279 359 3350 νηῶν
375 3272 529 3351 ἠμύνοντο·
554 3271 617 3335 θεοὶ
633 3270 657 3334 δ’
675 3270 829 3356 ἀκαχήατο
845 3270 938 3349 θυμὸν

281 3375 399 3450 πάντες,
417 3377 485 3438 ὅσοι
502 3379 650 3438 Δαναοῖσι
664 3373 764 3457 μάχης
781 3373 970 3454 ἐπιτάρροθοι
987 3372 1075 3451 ἦσαν.
1180 3389 1225 3438 ι8ο

283 3479 339 3544 σδν
354 3478 378 3542 δ’
396 3478 512 3559 ἔβαλον
527 3479 660 3542 Λαπίθαι
676 3477 811 3555 πόλεμον
828 3477 876 3540 καὶ
892 3479 1041 3553 δηϊοτῆτα.

322 3580 405 3648 Ἔνθ’
422 3581 459 3644 αῦ
474 3582 635 3660 Πειριθόου
650 3582 724 3651 υἱός,
741 3578 879 3660 κρατερὸς
895 3579 1099 3655 Πολυποίτης,

284 3689 365 3769 δουρὶ
380 3684 479 3767 βάλεν
496 3682 643 3764 Δάμασον
664 3682 768 3762 κυνέης
784 3684 833 3746 διὰ
848 3680 1074 3767 χαλκοπαρῄου·
