2848 4296
250 465 313 524 412
575 462 625 508 20.
649 450 818 509 ιΛιΑΔοΣ
841 453 877 510 τ.

252 617 397 700 “Ἐκτορ,
413 618 519 698 μηκέτι
535 617 660 697 πάμπαν
674 617 822 701 Ἀχιλλῆϊ
838 617 1013 703 προμάχιζε,

251 722 332 786 ἀλλὰ
349 723 424 786 κατὰ
440 723 558 801 πληθύν
572 746 604 786 τε
621 723 669 786 καὶ
687 726 720 786 ἐκ
736 724 906 804 φλοίσβοιο
922 722 1036 803 δέδεξο,

249 823 290 903 μή
307 827 370 892 πώς
386 825 415 888 σ’
433 825 467 904 ῆὲ
481 824 566 911 βόλη
583 825 618 904 ἠὲ
632 825 746 907 σχεδὸν
761 829 828 908 ἄορι
844 826 957 914 τύψη.”

287 927 351 994 Ὠς
366 927 465 1009 ἔφαθ’,
477 926 595 1009 Ἕκτωρ
612 928 636 992 δ’
654 928 735 995 αὖτις
752 930 877 993 ἐδύσετο
893 931 1027 1009 ούλαμδν
1042 931 1159 1011 ἀνδρῶν

251 1031 416 1112 ταρβήσας,
433 1031 475 1094 ὅτ’
492 1031 603 1094 ἄκουσε
620 1035 690 1094 θεοῦ
706 1034 766 1096 ότα
782 1033 991 1114 φωνήσαντος.
1154 1050 1202 1107 380

251 1137 284 1198 ἐν
300 1135 324 1198 δ’
342 1132 484 1218 Ἀχιλεὺς
498 1135 640 1216 Τρώεσσι
657 1136 727 1216 θόρε
746 1137 858 1217 φρεσὶν
873 1137 990 1216 εἱμένος
1005 1135 1110 1215 ἀλκήν,

252 1236 424 1320 σμερδαλέα
440 1236 544 1320 ἰάχων,
561 1244 680 1319 πρῶτον
696 1239 720 1302 δ’
736 1239 807 1302 έλεν
822 1239 985 1320 Ἰφιτίωνα,

251 1342 365 1407 ἐσθλδν
382 1339 600 1422 Ὀτρυντείδην,
618 1341 739 1406 πολέων
754 1342 888 1426 ἡγήτορα
903 1350 997 1416 λαῶν,

252 1441 287 1506 δν
302 1442 402 1522 νύμφη
419 1440 487 1505 τέκε
503 1441 567 1521 νηῒς
581 1441 742 1523 Ὀτρυντῆϊ
758 1445 952 1528 πτολιπόρθῳ

250 1545 368 1629 Τμώλῳ
384 1546 442 1607 ὕπο
460 1545 605 1626 νιφόεντι,
619 1543 712 1624 ’Ὕδης
727 1547 761 1610 ἐν
776 1548 857 1610 πίονι
873 1545 964 1632 δήμῳ·
1154 1562 1201 1622 ³85

251 1648 303 1712 τὸν
319 1648 343 1712 δ’
361 1647 424 1714 ἰθὺς
439 1655 581 1728 μεμαῶτα
596 1646 671 1728 βάλ’
687 1649 773 1732 ἔγχεϊ
788 1655 851 1716 δῖος
866 1650 1031 1732 Ἀχιλλεὺς

250 1751 370 1831 μέσσην
385 1752 440 1815 κὰκ
457 1750 604 1833 κεφαλήν·
626 1752 645 1830 ῆ
662 1751 687 1817 δ’
704 1752 814 1835 ἄνδιχα
830 1758 914 1817 πᾶσα
930 1754 1054 1833 κεάσθη,

251 1856 403 1934 δούπησεν
419 1858 451 1919 δὲ
467 1856 580 1928 πεσών,
598 1856 614 1918 ὁ
630 1854 654 1918 δ’
673 1854 819 1935 ἐπεύξατο
834 1861 897 1922 δῖος
911 1855 1084 1940 Ἀχιλλεύς·

251 1966 267 1993 “
280 1965 388 2034 κεῖσαι,
405 1959 608 2041 Ὀτρυντεΐδη,
625 1957 745 2025 πάντων
762 1960 963 2042 ἐκπαγλότατ’
980 1963 1104 2042 ἀνδρῶν·

252 2063 357 2130 ἐνθάδε
372 2089 419 2128 τοι
436 2062 571 2139 θάνατος,
588 2064 677 2145 γενεῆ
694 2064 728 2128 δέ
741 2066 790 2128 τοί
803 2067 866 2128 ἐστ’
881 2065 931 2129 ἐπὶ
944 2065 1038 2152 λίμνῃ
1150 2085 1203 2143 390

251 2171 371 2256 Γυγαίῃ,
389 2170 436 2232 ὅθι
452 2194 499 2232 τοι
515 2168 638 2248 τέμενος
654 2170 804 2251 πατρώϊόν
820 2171 913 2247 ἐστιν,

247 2267 353 2355 Ὕλλῳ
371 2268 416 2332 ἐπ’
434 2271 586 2351 ἰχθυόεντι
604 2270 652 2332 καὶ
663 2267 766 2353 Ἕρμῳ
782 2266 942 2347 δινήεντι.”

288 2369 351 2435 Ὣς
367 2366 454 2450 ἔφατ’
471 2368 641 2448 εὐχόμενος,
661 2374 713 2431 τὸν
729 2368 761 2430 δὲ
777 2369 886 2434 σκότος
903 2370 980 2432 ὄσσε
996 2366 1126 2449 κάλυψε.

251 2473 303 2535 τὸν
317 2473 373 2551 μὲν
386 2472 522 2556 Ἀχαιῶν
536 2474 624 2535 ίπποι
641 2471 841 2550 ἐπισσώτροις
857 2469 999 2536 δατέοντο

251 2577 352 2661 πρώτῃ
368 2578 401 2639 ἐν
414 2575 535 2662 ὑσμίνῃ·
560 2577 576 2638 ό
593 2575 617 2638 δ’
635 2572 681 2638 ἐπ’
698 2575 776 2658 αὐτῷ
793 2574 1000 2654 Δημολέοντα,
1150 2599 1200 2652 ,395

251 2681 365 2745 ἐσθλὸν
380 2678 550 2761 ἀλεξητῆρα
563 2679 671 2759 μάχης,
686 2678 866 2759 Ἀντήνορος
881 2678 956 2749 υἱόν,

251 2781 319 2862 νύξε
336 2785 410 2848 κατὰ
427 2785 588 2866 κρόταφον,
606 2782 709 2861 κυνέης
725 2783 774 2846 διὰ
789 2779 1013 2868 χαλκοπαρῄου.

250 2887 313 2950 οὐδ’
326 2889 383 2969 ἄρα
398 2890 524 2970 χαλκείη
542 2889 629 2969 κόρυς
646 2888 784 2967 ἔσχεθεν,
801 2871 883 2949 άλλὰ
899 2882 935 2949 δι’
954 2887 1045 2965 αὐτῆς

250 2992 343 3073 αἰχμή
360 2991 460 3072 ἱεμένη
475 2990 540 3074 ῥῆξ’
557 2989 675 3067 ὀστέον,
692 2988 863 3072 ἐγκέφαλος
878 2991 911 3054 δέ

251 3097 337 3160 ἔνδον
353 3096 431 3162 ἅπας
447 3094 632 3161 πεπάλακτο·
656 3092 795 3174 δάμασσε
811 3092 844 3157 δέ
859 3118 910 3174 μιν
927 3098 1079 3173 μεμαῶτα
1150 3119 1200 3165 ⁴⁰0

249 3198 474 3278 Ἱπποδάμαντα
489 3198 513 3264 δ’
531 3200 636 3263 ἔπειτα
653 3196 716 3260 καθ’
735 3199 836 3262 ἵππων
851 3194 987 3274 ἀίξαντα,

249 3305 383 3384 πρόσθεν
398 3303 466 3367 έθεν
481 3303 643 3385 φεύγοντα,
659 3299 848 3382 μετάφρενον
864 3301 974 3364 οὔτασε
990 3300 1082 3380 δουρί.

249 3405 341 3486 αὐτὰρ
357 3407 374 3468 ὁ
390 3406 483 3486 θυμὸν
498 3407 587 3470 ἄϊσθε
603 3405 652 3468 καὶ
667 3403 785 3487 ἤρυγεν,
803 3405 842 3470 ῶς
860 3406 911 3468 ὅτε
925 3409 1032 3486 ταῦρος

248 3509 358 3591 ἤρυγεν
372 3510 533 3588 ἑλκόμενος
548 3508 728 3572 Ἑλικώνιον
742 3509 821 3589 ἀμφὶ
837 3508 951 3576 avam

249 3613 362 3694 κούρων
378 3614 536 3677 ἑλκόντων·
557 3611 683 3695 γάνυται
698 3610 731 3676 δέ
746 3637 779 3676 τε
794 3615 858 3678 τοῖς
874 3612 1053 3693 ἐνοσίχθων·
1146 3629 1197 3689 405

249 3719 288 3784 ῶς
304 3718 361 3799 ἄρα
375 3717 429 3782 τόν
443 3717 472 3799 γ’
486 3716 631 3799 ἐρυγόντα
644 3715 710 3780 λίπ’
727 3715 820 3780 ὀστέα
836 3715 927 3794 θυμδς
943 3714 1072 3798 ἀγήνωρ·

248 3823 340 3904 αὐτὰρ
357 3823 373 3885 ὁ
387 3824 431 3901 βῆ
447 3819 504 3885 σὺν
518 3822 600 3904 δουρὶ
615 3819 678 3900 μετ’
696 3821 834 3886 ἀντίθεον
850 3819 1033 3903 Πολύδωρον
