2788 4230
467 361 514 425 19·
539 343 774 404 οατνναικν
804 343 839 402 T.
1062 337 1122 418 827

179 518 200 549 “
210 516 346 596 γαμβρὸς
364 511 434 592 ἐμὸς
450 509 580 595 θυγάτηρ
594 536 636 588 τε,
653 508 766 573 τίθεσθ’
782 508 864 588 ὄνομ’
881 511 943 572 ὅττι
960 536 1011 574 κεν
1027 511 1111 573 εἴπω·

180 623 346 680 πολλοῖσιν
361 614 417 697 γάρ
433 617 492 698 ἐγώ
507 641 543 698 γε
558 612 764 693 ὀδυσσάμενος
780 613 841 676 τόδ’
858 612 958 688 ἱκάνω,

180 719 325 801 ἀνδράσιν
339 719 392 798 ήδὲ
407 715 544 799 γυναιξίν
559 717 616 780 ἀνά
632 718 728 798 χθόνα
742 716 992 797 πουλυβότειραν·

178 823 221 907 τῷ
236 823 261 885 δ’
273 821 418 888 Ὀδυσεὺς
435 820 517 903 ὄνομ’
533 822 611 886 έστω
628 821 792 900 ἐπώνυμον.
837 819 930 900 αὐτὰρ
949 820 1007 901 ἐγιθ
1020 846 1064 901 γε,

182 927 290 989 ὁππότ’
305 925 343 990 ἂν
357 923 479 1005 ἡβήσας
493 925 643 1007 μητρώϊον
659 926 690 989 ἐς
705 922 781 1003 μέγα
798 927 882 1000 δῶμα
1078 949 1128 1000 410

183 1029 257 1114 ἔλθῃ
275 1027 475 1110 Παρνησόνδ’,
491 1029 539 1092 όθι
555 1027 613 1106 πού
628 1052 678 1107 μοι
695 1024 816 1106 κτήματ’
833 1027 910 1101 ἔασι,

181 1156 240 1194 των
256 1156 284 1194 οι
300 1133 359 1214 ἐγω
376 1136 464 1194 δωσιο
481 1131 532 1193 καί
545 1156 597 1210 μιν
611 1125 745 1212 χαίροντ’
761 1126 964 1210 ιἰποπέμψω.”

222 1238 294 1298 Τῶν
309 1230 384 1298 ἕνεκ’
400 1233 468 1313 ἦλθ’
483 1233 637 1306 Ὀδυσεύς,
653 1234 702 1297 ἵνα
718 1233 747 1294 οἱ
764 1231 850 1313 πόροι
866 1231 967 1313 ἀγλαὰ
982 1238 1069 1312 δῶρα.

180 1343 232 1400 τὸν
246 1338 301 1414 μέν
317 1337 362 1418 ἄρ’
378 1337 549 1402 Αὐτόλυκός
565 1361 597 1398 τε
614 1337 661 1399 καὶ
675 1333 753 1400 υἱέες
770 1334 956 1400 Αὐτολύκοιο

180 1442 288 1520 χερσίν
303 1439 328 1501 τ’
343 1438 515 1516 ἠσπάζοντο
532 1437 644 1502 ἔπεσσί
658 1460 690 1501 τε
705 1437 895 1518 μειλιχίοισι·
1079 1464 1127 1515 415

180 1541 275 1621 μήτηρ
291 1542 316 1606 δ’
331 1540 486 1621 Ἀμφιθέη
502 1541 612 1621 μητρὸς
627 1541 770 1622 περιφῦσ’
785 1541 913 1620 Ὀδυσῆϊ

183 1645 270 1707 κύσσ’
286 1645 343 1726 ἄρα
358 1671 410 1725 μιν
426 1642 564 1725 κεφαλήν
580 1671 612 1709 τε
630 1645 677 1708 καὶ
692 1644 783 1725 άμφω
800 1645 883 1724 φάεα
898 1645 984 1710 καλά

120 1786 124 1794 ,
182 1749 353 1814 Αὐτόλυκος
368 1746 393 1812 δ’
409 1751 520 1812 υἱοῖσιν
536 1749 676 1812 ἐκέκλετο
692 1750 882 1828 κυδαλίμοισι

182 1856 306 1915 δεῖπνον
322 1853 522 1931 ἐφοπλίσσαι·
552 1853 598 1914 τοὶ
614 1851 638 1915 δ’
653 1852 827 1932 ὀτρύνοντος
843 1853 985 1930 ἄκουσαν,

182 1955 287 2019 αὐτίκα
302 1952 328 2016 δ’
345 1955 511 2036 εἰσάγαγον
527 1959 605 2034 βοῦν
619 1953 733 2035 άρσενα
748 1954 957 2034 πενταέτηρον·
1081 1981 1131 2032 4²0

182 2063 235 2121 τδν
250 2057 337 2137 δέρον
353 2058 432 2138 ἀμφί
446 2055 473 2120 θ’
488 2057 571 2132 ἕπον,
587 2059 639 2120 καί
651 2082 703 2134 μιν
718 2056 857 2140 διέχευαν
873 2057 1001 2133 ἅπαντα,

182 2161 351 2239 μίστυλλόν
366 2160 392 2222 τ’
407 2157 453 2240 ἄρ’
469 2159 675 2240 ἐπισταμένως
692 2159 797 2240 πεῖράν
813 2158 839 2222 τ’
856 2161 1025 2239 ὀβελοῖσιν,
1040 2216 1043 2224 .

184 2263 328 2342 ὤπτησάν
343 2289 375 2328 τε
391 2263 598 2344 περιφραδέως
613 2261 769 2326 δάσσαντό
784 2289 817 2327 τε
831 2264 947 2344 μοίρας.

184 2369 222 2433 δς
239 2370 308 2431 τότε
321 2370 377 2446 μὲν
392 2367 511 2447 τρόπον
527 2366 605 2448 ἦμαρ
621 2368 651 2432 ἐς
666 2365 771 2445 ἠέλιον
787 2368 950 2430 καταδύντα

183 2471 320 2548 δαίνυντ’,
337 2470 405 2535 οὐδέ
420 2496 449 2534 τι
465 2476 555 2549 θυμός
571 2471 689 2534 ἐδεύετο
707 2471 807 2536 δαιτὸς
823 2469 917 2548 ἐίσης·
1082 2499 1131 2548 4²5

184 2574 257 2654 ἦμος
273 2573 299 2638 δ’
314 2574 415 2653 ἠέλιος
431 2575 537 2638 κατέδυ
552 2575 601 2638 καὶ
618 2575 667 2638 ἐπὶ
683 2572 794 2654 κνέφας
809 2573 893 2652 ἦλθε,

184 2681 219 2755 δὴ
235 2679 302 2742 τότε
318 2677 501 2759 κοιμήσαντο
519 2675 567 2742 καὶ
583 2665 677 2742 ὕπνον
691 2683 785 2758 δῶρον
800 2677 916 2742 ἕλοντο.

224 2779 324 2861 Ἦμος
338 2780 364 2844 δ’
380 2781 531 2863 ἠριγένεια
547 2779 627 2860 φάνη
642 2780 860 2863 ῥοδοδάκτυλος
876 2781 966 2857 Ἠώς,

183 2885 246 2964 βάν
260 2883 290 2967 ῥ’
305 2875 372 2965 ’ίμεν
388 2889 420 2950 ἐς
437 2882 539 2965 θήρην,
554 2884 628 2963 ἠμὲν
645 2885 728 2950 κύνες
743 2885 796 2964 ἠδὲ
813 2885 861 2948 καὶ
877 2886 960 2948 αὐτοὶ

183 2989 261 3054 υἱέες
277 2990 459 3053 Αὐτολύκου·
490 2995 563 3068 μετὰ
579 2993 660 3052 τοῖσι
676 2992 708 3052 δέ
725 2993 788 3055 δῖος
802 2987 970 3054 Ὀδυσσεὺς
1082 3015 1134 3064 430

184 3091 259 3170 ἤϊεν·
291 3092 363 3156 αἰπὺ
379 3089 405 3156 δ’
420 3094 489 3172 ὄρος
505 3091 665 3173 προσέβαν
681 3091 876 3169 καταειμένον
891 3094 949 3177 ὕλῃ

186 3200 359 3277 Παρνησοῦ,
375 3195 455 3279 τάχα
470 3193 495 3258 δ’
510 3198 615 3259 ἵκανον
630 3194 746 3277 πτύχας
762 3194 960 3273 ἠνεμοέσσας.

185 3297 309 3364 Ἠέλιος
324 3303 380 3378 μὲν
395 3300 499 3363 ἐτειτα
515 3297 584 3362 νέον
602 3297 820 3379 προσέβαλλεν
836 3299 962 3379 ἀρούρας

186 3400 222 3480 ἐξ
236 3403 450 3482 ἀκαλαρρείταο
465 3402 635 3484 βαθυρρόου
650 3401 821 3476 Ὠκεανοῖο,

188 3508 216 3570 οἱ
232 3505 257 3568 δ’
274 3507 305 3572 ἐς
319 3509 446 3585 βῆσσαν
461 3507 566 3570 ἵκανον
581 3507 754 3586 ἐπακτῆρες·
778 3512 835 3588 πρὸ
850 3505 875 3569 δ’
892 3505 938 3588 ἄρ’
954 3506 1051 3572 αὐτῶν
1084 3533 1133 3584 435

185 3609 258 3692 ἴχνι’
274 3612 448 3690 ἐρευνῶντες
465 3611 549 3678 κύνες
565 3607 667 3688 ἤϊσαν,
684 3610 776 3692 αὐτὰρ
791 3611 919 3674 ὄπισθεν

186 3714 265 3779 υἱέες
281 3714 459 3777 Αὐτολύκου·
491 3717 567 3794 μετὰ
582 3718 663 3778 τοῖσι
679 3716 711 3778 δὲ
727 3718 790 3780 δῖος
803 3714 973 3782 Ὀδυσσεὺς
