2908 4232
328 336 392 416 54⁶
626 353 657 418 3·
677 339 910 398 οοτνςοιιν
941 340 974 400 r.

329 506 424 586 οὖρος,
441 505 506 570 ἐπεὶ
523 506 557 585 δὴ
574 513 675 587 πρῶτα
692 511 760 572 θεὸς
777 508 921 588 προέηκεν
936 508 1034 585 ἀῆναι.

328 610 367 676 ῶς
383 608 488 688 ἦλθον,
502 610 577 691 φίλε
592 610 705 688 τέκνον,
725 609 865 690 ἀπευθής,
880 609 949 674 οὑδέ
964 635 991 672 τι
1007 610 1074 674 οἶδα

328 713 490 792 κείνων,οί
506 712 531 777 τ’
547 713 682 778 ἐσάωθεν
696 713 831 797 Ἀχαιῶν
847 718 878 778 οἵ
891 713 916 777 τ’
933 714 1091 778 ἀπόλοντο.

328 816 410 879 όσσα
425 815 451 881 δ’
467 814 510 880 ἐνὶ
524 816 683 900 μεγάροισι
699 816 862 898 καθήμενος
877 816 1050 898 ἡμετέροισι

328 920 484 1000 πεύθομαι,
499 917 517 1000 ἦ
535 920 618 1000 θέμις
634 923 711 1000 ἐστί,
722 921 857 1000 δαήσεαι,
874 921 942 985 οὐδέ
958 946 995 984 σε
1011 921 1116 985 κεύσω.

327 1023 359 1088 εὑ
373 1025 430 1102 μὲν
445 1026 637 1106 Μυρμιδόνας
652 1023 728 1106 φάσ’
745 1024 871 1104 ἐλθέμεν
887 1025 1122 1107 ἐγχεσιμώρους,

327 1125 377 1193 οὑς
392 1125 440 1211 ἄγ’
456 1127 624 1210 Ἀχιλλῆος
638 1129 812 1209 μεγαθύμου
828 1129 969 1210 φαίδιμος
984 1129 1059 1202 υἱός,

327 1231 359 1294 εὑ
375 1234 406 1295 δέ
423 1231 623 1310 Φιλοκτήτην,
638 1231 803 1300 Ποιάντιον
820 1234 937 1314 ἀγλαὸν
952 1234 1028 1296 υἱόν.
1227 1259 1276 1310 190

325 1333 439 1401 πάντας
455 1335 479 1400 δ’
495 1334 661 1413 Ἰδομενεὺς
678 1335 796 1416 Κρήτην
811 1333 949 1418 εἰσήγαγ’
967 1335 1111 1416 ἑταίρους,

326 1437 354 1500 οἳ
369 1439 469 1521 φύγον
485 1442 516 1503 ἐκ
532 1439 678 1520 πολέμου,
692 1440 802 1506 πόντος
817 1437 852 1503 δέ
866 1442 895 1502 οἱ
911 1438 1016 1502 οὔτιν’
1033 1439 1160 1519 ἀπηύρα.

323 1539 482 1622 Ἀτρείδην
497 1544 530 1606 δέ
546 1541 594 1606 καὶ
609 1543 694 1606 αὐτοὶ
710 1545 832 1608 ἀκούετε
847 1546 961 1623 νόσφιν
977 1545 1090 1620 ἐόντες,

325 1645 365 1710 ῶς
381 1643 406 1708 τ’
423 1644 491 1725 ἦλθ’
507 1647 547 1712 ῶς
562 1644 588 1708 τ’
605 1649 751 1730 Αἴγισθος
768 1645 901 1727 ἐμήσατο
913 1652 1025 1729 λυγρὸν
1041 1643 1178 1727 ὄλεθρον.

325 1747 396 1811 ἀλλ’
413 1748 490 1828 ἤτοι
506 1754 601 1815 κεῖνος
616 1752 672 1829 μὲν
686 1751 894 1832 ἐπισμυγερῶς
909 1748 1065 1827 ἀπέτισεν,
1228 1766 1274 1828 '195

325 1851 364 1918 ὡς
381 1851 558 1935 ἀγαθὸνκαὶ
574 1859 665 1917 παῖδα
681 1854 914 1934 καταφθιμένοιο
928 1851 1074 1918 λιπέσθαι

325 1956 440 2037 ἀνδρός,
457 1953 522 2020 ἐπεὶ
538 1958 586 2021 καὶ
603 1963 699 2023 κεῖνος
715 1957 836 2020 ἐτίσατο
851 1957 1057 2036 πατροφονῆα,

325 2062 474 2141 Αἴγισθον
490 2062 662 2141 δολόμητιν,
679 2061 696 2122 ὅ
711 2061 740 2123 οἱ
756 2058 868 2140 πατέρα
885 2059 994 2124 κλντδν
1009 2060 1088 2122 έκτο.

327 2165 377 2227 καὶ
394 2164 444 2242 σύ,
458 2164 561 2244 φίλος,
576 2163 660 2243 μάλα
674 2163 732 2246 γάρ
748 2164 777 2226 σ’
794 2164 871 2246 ὁρόω
888 2163 982 2226 καλόν
997 2187 1030 2226 τε
1044 2162 1141 2245 μέγαν
1155 2188 1197 2241 τε,

324 2267 450 2346 άλκιμος
466 2265 546 2345 έσσ’,
561 2269 610 2332 ἵνα
624 2269 669 2334 τίς
685 2293 721 2330 σε
737 2263 785 2330 καί
801 2268 957 2349 ὀψιγόνων
970 2264 1002 2330 ἐὺ
1018 2263 1118 2351 (ivry-'¹
1225 2280 1274 2330 ’τοο

366 2375 430 2434 Τὸν
446 2369 471 2435 δ’
488 2371 525 2434 αὑ
538 2371 717 2456 Τηλέμαχος
732 2370 915 2450 πεπνυμένος
931 2371 1033 2435 ἀντίον
1048 2368 1132 2448 ηὔδα·

324 2471 377 2536 ίίῶ
395 2475 515 2556 Νέστορ
531 2473 700 2554 Νηληϊάδη,
712 2473 788 2556 μέγα
805 2480 891 2540 κὺδος
906 2473 1051 2555 Ἀχαιῶν,

324 2574 372 2640 καὶ
387 2580 457 2655 λίην
473 2583 569 2644 κεῖνος
584 2582 641 2660 μὲν
656 2579 791 2657 ἐτίσατο,
806 2580 855 2642 καί
870 2579 899 2640 οἱ
915 2576 1037 2659 Ἀχαιοὶ

324 2684 444 2746 οίσουσι
459 2680 547 2749 κλέος
563 2683 632 2764 εὑρὺ
648 2681 696 2746 καὶ
713 2681 907 2763 ἐσσομένοισι
923 2681 1081 2745 πυθέσθαι.

323 2787 354 2850 οἲ
368 2789 427 2868 γὰρ
443 2784 509 2865 ἐμοὶ
524 2785 672 2865 τοσσήνδε
688 2789 751 2851 θεοὶ
767 2786 889 2865 δύναμιν
906 2788 1064 2864 περιθεῖεν,
1223 2811 1271 2862 205

323 2891 467 2954 τίσασθαι
482 2893 655 2971 μνηστῆρας
669 2890 858 2972 ὑπερβασίης
875 2890 1045 2971 ἀλεγεινῆς,

323 2996 355 3058 οἵ
367 2993 401 3057 τέ
415 3021 467 3072 μοι
480 2996 654 3077 ὑβρίζοντες
670 2992 828 3057 ἀτάσθαλα
844 2993 1063 3078 μηχανόωνται.

323 3096 393 3160 ἀλλ’
409 3098 445 3161 οὑ
458 3125 509 3178 μοι
524 3104 658 3163 τοιοῦτον
672 3097 850 3161 ἐπέκλωσαν
866 3094 930 3160 θεοὶ
946 3098 1053 3175 ὄλβον,

322 3203 413 3288 πατρί
427 3201 452 3264 τ’
470 3202 529 3288 ἐμῷ
548 3199 596 3266 καὶ
613 3201 688 3282 ἐμοί·
713 3191 765 3264 νὺν
780 3201 813 3263 δὲ
828 3199 885 3282 χρὴ
901 3198 1049 3277 τετλάμεν
1065 3199 1190 3280 έμπης.”

364 3309 427 3370 Τὸν
445 3304 469 3369 δ’
486 3303 622 3386 ἠμείβετ’
639 3304 742 3368 ἔπειτα
757 3301 896 3384 Γερήνιος
912 3303 1024 3367 ίππότα
1039 3304 1177 3385 Νέστωρ·
1223 3333 1271 3370 ιιο

323 3407 376 3472 “‹T›
393 3407 471 3489 φίλ’,
488 3406 552 3474 ἐπεὶ
569 3409 604 3488 δὴ
620 3407 712 3471 τοὺτά
725 3405 756 3486 μ’
772 3408 942 3486 ἀνέμνησας
959 3405 1007 3471 καὶ
1023 3409 1132 3485 ἔειπες,

323 3512 402 3588 φασὶ
416 3516 589 3593 μνηστῆρος
603 3516 659 3592 σῆς
673 3511 799 3593 μητέρος
815 3513 913 3575 εἵνεκα
928 3511 1061 3580 πολλοὺς

322 3619 355 3682 ἐν
370 3616 511 3698 μεγάροις
526 3615 629 3693 ἀέκητι
644 3617 735 3680 σέθεν
750 3618 826 3678 κακὰ
840 3615 1064 3697 μηχανάασθαι.

322 3719 388 3785 είπέ
402 3745 452 3802 μοι
467 3719 501 3798 ήὲ
518 3720 593 3783 ἑκὼν
606 3718 826 3800 ὑποδάμνασαι,
841 3717 859 3797 ή
877 3718 913 3782 σε’
931 3745 967 3803 γε
983 3712 1053 3786 λαοὶ
