2728 4230
280 284 340 347 160
600 283 629 347 8.
654 285 822 349 ΙΛΙΑΔΟΣ
846 290 885 351 Θ.

276 455 384 518 λύσαθ’
399 451 476 532 ὑπὲξ
489 451 595 536 ἀχέων,
611 454 691 538 παρὰ
707 453 740 519 δέ
756 463 849 536 σφισι
864 454 992 535 βάλλετ’
1010 451 1132 534 ἐδωδήν·

277 560 310 620 ἐκ
324 557 433 622 πόλιος
447 557 473 620 δ’
488 555 599 634 ἄξεσθε
612 553 691 637 βόας
706 561 755 622 καὶ
770 563 841 639 ἴφια
857 561 939 638 μῆλα
1170 583 1218 632 505

277 662 478 741 καρπαλίμως,
495 660 576 726 οἶνον
594 663 626 724 δὲ
640 663 811 743 μελίφρονα
827 662 977 738 οἰνίζεσθε

276 764 363 829 σῖτόν
378 763 403 826 τ’
420 765 452 827 ἐκ
466 761 614 845 μεγάρων,
629 765 680 827 ἐπὶ
696 766 730 828 δὲ
745 763 824 843 ξύλα
838 767 943 829 πολλδ
957 762 1098 847 λέγεσθε,

276 869 316 933 ὥς
330 893 381 932 κεν
398 866 557 949 παννύχιοι
570 864 665 946 μέσφ’
680 866 751 945 ήοῦς
765 863 943 949 ἠριγενείης

276 973 404 1050 καίωμεν
418 969 496 1051 πυρὰ
511 967 622 1045 πολλά,
639 969 734 1036 σέλας
749 971 774 1034 δ’
790 971 976 1052 είςόῦρανδν
993 973 1052 1057 ἵκῃ,

274 1074 315 1156 μή
331 1101 393 1140 πως
408 1075 457 1138 καὶ
472 1076 521 1137 διδ
537 1073 626 1137 νύκτα
642 1073 714 1156 κάρη
732 1075 898 1152 κομόωντες
913 1074 1036 1156 Ἀχαιοὶ

275 1177 399 1260 φεύγειν
414 1173 603 1257 ὁρμήσωνται
618 1176 664 1239 ἐπ’
681 1175 768 1256 εὐρέα
782 1182 861 1241 νῶτα
877 1175 1044 1254 θαλάσσης.
1073 1173 1075 1178 ’

273 1282 314 1360 μὴ
329 1282 389 1360 μὰν
404 1281 536 1344 ἀσπουδί
547 1306 584 1362 γε
598 1285 674 1344 νεῦν
689 1282 831 1359 ἐπιβαῖεν
847 1279 962 1357 έκηλοι,

274 1383 344 1447 ἀλλ’
360 1385 401 1449 ὥς
415 1408 460 1449 τις
475 1383 586 1446 τούτων
600 1408 637 1465 γε
651 1381 747 1462 βέλος
763 1382 811 1446 καὶ
826 1384 923 1445 οἴκοθι
941 1379 1053 1468 πέσσῃ,

274 1485 428 1567 βλήμενος
441 1482 459 1564 ἦ
478 1487 512 1570 ἰῷ
526 1483 545 1563 ἢ
562 1485 647 1568 ἔγχεϊ
661 1483 796 1562 ὀξυόεντι

273 1589 343 1668 νηὸς
358 1589 560 1674 ἐπιθρῴσκων,
577 1590 627 1654 ἵνα
641 1612 687 1654 τις
702 1587 848 1674 στυγέῃσι
863 1589 913 1651 καὶ
929 1588 1025 1652 ἀλλος
1042 1637 1044 1642 -

271 1694 393 1774 Τρωσὶν
408 1691 457 1773 ἐφ’
475 1689 672 1769 ἱπποδάμοισι
688 1689 793 1771 φέρειν
807 1689 996 1770 πολύδακρυν
1008 1688 1116 1769 Ἀρηα.

273 1793 395 1877 κήρυκες
409 1794 434 1858 δ’
451 1794 509 1857 ἀνὰ
523 1793 600 1855 ἄστυ
615 1792 745 1873 διίφιλοι
761 1793 977 1875 ἀγγελλόντων

272 1904 380 1964 παῖδας
394 1894 559 1978 πρωθήβας
574 1894 833 1978 πολιοκροτάφους
848 1921 881 1960 τε
894 1894 1039 1978 γέροντας

270 2001 420 2081 λέξασθαι
434 2000 502 2079 περὶ
517 1997 594 2062 άστυ
609 1997 781 2078 θεοδμήτων
796 2000 846 2062 ἐπὶ
862 1997 992 2080 πύργων·

271 2103 430 2186 θηλύτεραι
445 2104 478 2166 δὲ
492 2105 630 2183 γυναῖκες
645 2103 689 2166 ἐνὶ
703 2101 883 2184 μεγάροισιν
899 2100 1012 2180 ἑκάστη

271 2214 328 2290 πῦρ
342 2206 421 2290 μέγα
436 2205 589 2270 καιόντων·
612 2205 733 2286 φυλακὴ
749 2204 783 2268 δέ
797 2230 842 2284 τις
858 2205 985 2284 ἔμπεδος
1002 2203 1090 2274 ἔστω,

268 2313 310 2392 μὴ
325 2311 421 2393 λόχος
437 2306 596 2393 εἰσέλθῃσι
610 2307 702 2370 πόλιν
715 2313 799 2370 λαῶν
814 2307 976 2372 ἀπεόντων.

271 2413 322 2480 ὧδ’
338 2414 425 2490 έστω,
439 2415 540 2492 Τρῶες
554 2407 766 2491 μεγαλήτορες,
782 2410 821 2476 ὦς
840 2410 982 2491 ἀγορεύω·

269 2523 362 2598 μῦθος
377 2514 401 2580 δ’
418 2513 452 2581 δς
465 2515 521 2592 μὲν
536 2517 589 2575 νῦν
602 2511 688 2594 ὑγιὴς
704 2511 858 2595 εἰρημένος
874 2512 964 2588 έστω,

270 2621 323 2684 τὸν
340 2616 366 2682 δ’
381 2617 452 2696 ἠοῦς
465 2615 607 2696 Τρόεσσι
621 2615 685 2702 μεθ’
704 2615 884 2694 ἱπποδάμοις
900 2615 1064 2697 ἀγορεύσω.
1147 2675 1150 2687 ,
1203 2645 1213 2660 ·

271 2724 397 2806 εὔχομαι
412 2718 578 2796 ἐλπόμενος
594 2718 649 2781 Διί
661 2718 687 2780 τ’
703 2719 849 2784 ἄλλοισίν
863 2743 897 2782 τε
912 2721 1030 2784 θεοῖσιν

270 2821 400 2904 ἐξελάαν
415 2819 535 2890 ἐνθένδε
550 2819 638 2886 κύνας
654 2819 942 2902 κηρεσσιφορήτους,

271 2927 321 2992 οῦς
337 2929 423 3006 κῆρες
438 2921 585 3004 φορέουσι
598 2920 769 3003 μελαινάων
787 2924 837 2986 ἐπὶ
851 2929 939 3004 νηῶν.

271 3027 341 3094 ἀλλ’
357 3026 376 3108 ἦ
391 3050 437 3090 τοι
452 3027 503 3089 ἐπὶ
518 3027 600 3090 νυκτὶ
615 3022 790 3106 φυλάξομεν
804 3025 898 3106 ἡμέας
914 3026 1030 3101 αύτούς,

271 3137 348 3212 πρῶϊ
362 3131 387 3194 δ’
404 3132 524 3208 ὑπηοῖοι
539 3128 596 3192 σὺν
610 3127 733 3210 τεύχεσι
749 3129 954 3213 θωρηχθέντες
1053 3197 1054 3202 1

271 3235 378 3314 νηυσὶν
393 3234 443 3297 έπι
457 3231 652 3317 γλαφυρῇσιν
667 3232 822 3313 ἐγείρομεν
837 3231 909 3311 όξδν
920 3231 1028 3312 Ἀρηα.

271 3344 392 3419 εἵσομαι
406 3336 426 3417 ή
441 3335 475 3401 κέ
488 3333 520 3416 μ’
536 3337 552 3398 ό
566 3332 710 3414 Τυδείδης
725 3336 865 3418 κρατερὸς
882 3332 1036 3415 Διομήδης

270 3445 331 3524 πδιρ
346 3446 425 3521 νηῦν
440 3438 513 3520 πρὸς
527 3442 628 3522 τεῖχος
643 3438 807 3512 άπόσεται,
823 3437 842 3518 ή
858 3463 910 3503 κεν
925 3438 983 3520 ἐγδι
1000 3436 1053 3502 τὸν

270 3547 376 3630 χαλκφ
392 3543 511 3629 δηόσας
525 3541 616 3621 έναρα
629 3542 797 3622 βροτόεντα
812 3538 958 3622 φέρωμαι.

271 3648 374 3728 αὔριον
387 3643 426 3724 ἢν
441 3643 549 3725 ἀρετὴν
564 3646 737 3723 διαείσεται,
754 3645 783 3710 εί
796 3641 822 3707 κ’
838 3641 910 3721 ἐμὸν
925 3643 1016 3728 έγχος
