2746 4228
513 355 540 401 1.
565 340 736 425 ΙΛΙΑΔΟΣ
759 342 797 403 Α.
1081 358 1115 402 11

218 508 259 569 Οί
274 507 331 585 μέν
346 503 437 570 ἔπειτ’
455 505 624 586 ἀναβάντες
638 505 790 573 ἐπέπλεον
804 509 881 590 ὑγρὰ
896 508 1034 582 κέλευθα,

172 609 268 675 λαοὺς
284 609 309 672 δ’
324 607 480 692 Ἀτρείδης
496 610 758 689 ἀπολυμαίνεσθαι
771 611 897 694 ἀνωγεν·

172 715 203 775 οἱ
219 711 245 776 δ’
261 713 502 792 ἀπελυμαίνοντο
518 714 567 777 καὶ
583 715 626 779 είς
642 712 704 776 ἀλα
717 713 824 792 λύματ’
841 715 989 794 ἔβαλλον,

172 816 262 897 ἔρδον
276 815 301 878 δ’
316 815 493 881 Ἀπόλλωνι
507 815 678 894 τεληέσσας
693 816 865 896 ἑκατόμβας
1074 844 1120 894 3¹5

172 919 290 997 ταύρων
303 917 348 997 ἠδ’
365 917 459 1000 αἰγῶν
474 921 554 1000 παρὰ
569 917 626 983 θῖν’
641 919 717 984 ἀλδς
732 919 914 1002 ἀτρυγέτοιο·

173 1022 262 1098 κνίση
280 1020 304 1083 δ’
322 1021 448 1103 οὐρανὸν
462 1023 526 1086 ἷκεν
541 1020 726 1100 ἑλισσομένη
742 1023 810 1103 περὶ
826 1025 938 1108 καπνῷ.

209 1122 274 1190 Ὣς
290 1126 319 1186 οὶ
333 1126 389 1201 μὲν
402 1125 441 1186 τδ
455 1122 582 1188 πένοντο
597 1125 673 1186 κατὰ
684 1125 824 1205 στρατόν·
848 1125 908 1188 οὐδ’
924 1125 1122 1205 Ἀγαμέμνων

171 1224 242 1307 λῆγ’
259 1226 365 1308 ἔριδος,
381 1226 437 1304 τὴν
451 1231 570 1307 πρῶτον
584 1226 764 1304 ἔπηπείλησ’
779 1226 914 1311 Ἀχιλῆϊ,

175 1328 245 1391 ἀλλ’
260 1330 279 1391 ὅ
293 1355 330 1411 γε
343 1329 522 1408 Ταλθύβιόν
536 1354 569 1393 τε
584 1329 634 1391 καὶ
649 1327 829 1410 Εὐρυβάτην
843 1331 1017 1414 προσέειπε,
1073 1359 1120 1408 320

172 1432 213 1495 τιί
230 1433 259 1495 οἱ
275 1432 350 1496 ἔσαν
366 1431 472 1514 κήρυκε
487 1432 536 1494 καὶ
551 1431 664 1513 ὀτρηρὼ
681 1430 854 1513 θεράποντε·

174 1545 194 1570 “
203 1536 353 1618 ἔρχεσθον
368 1535 491 1613 κλισίην
505 1532 686 1613 Πηληϊάδεω
701 1534 870 1617 Ἀχιλῆος·

171 1638 274 1720 χειρὸς
290 1637 387 1703 ἑλόντ’
405 1637 515 1720 ἀγέμεν
530 1635 677 1718 Βρισηίδα
692 1636 909 1724 καλλιπάρῃον·

172 1743 199 1804 εἰ
214 1740 248 1805 δέ
263 1767 297 1805 κε
310 1742 351 1821 μῆ
368 1741 490 1827 διίησιν,
506 1740 565 1822 ἔγιλ
582 1737 615 1802 δέ
630 1765 682 1803 κεν
697 1738 785 1805 αὐτὸς
800 1740 914 1820 έλωμαι

172 1846 271 1910 ἐλθὼν
286 1845 342 1911 σὺν
357 1846 535 1911 πλεόνεσσι·
558 1842 595 1906 τό
609 1844 638 1906 οἱ
653 1841 702 1904 καὶ
716 1843 815 1924 ῥίγιον
830 1843 945 1907 ἔσται.”
1071 1874 1117 1923 325

207 1948 271 2014 Ὣς
287 1951 380 2014 είπιδν
394 1947 502 2032 προίει,
519 1946 662 2030 κρατερὸν
676 1943 701 2008 δ’
718 1945 768 2010 ἐπὶ
782 1950 878 2024 μῦθον
893 1948 1011 2012 ἔτελλε·

171 2051 211 2113 τδ
227 2051 252 2116 δ’
270 2051 392 2118 ἀέκοντε
406 2051 506 2132 βάτην
520 2053 601 2134 παρὰ
616 2047 671 2114 θῖν’
681 2046 762 2113 Ιἀλδς
778 2048 960 2132 ἀτρυγέτοιο,

171 2157 371 2234 Μυρμιδόνων
386 2157 410 2218 δ’
428 2157 479 2219 ἔπί
492 2180 526 2220 τε
541 2154 663 2217 κλισίας
678 2151 728 2215 καὶ
743 2155 816 2229 νῆας
832 2151 965 2231 ἱκέσθην.

171 2257 224 2322 τὸν
238 2256 263 2321 δ’
281 2259 367 2340 εὗρον
381 2257 462 2338 παρά
476 2283 509 2322 τε
525 2257 629 2342 κλισίῃ
645 2255 694 2318 καὶ
709 2252 759 2333 νηί
771 2254 899 2340 μελαίνῃ

170 2361 290 2438 ῆμενον·
314 2360 374 2424 οὐδ’
391 2361 449 2443 άρα
463 2361 503 2423 τιό
521 2385 557 2442 γε
573 2359 645 2423 ίδδν
657 2355 794 2439 γήθησεν
806 2356 981 2440 Ἀχιλλεύς.
1068 2387 1117 2437 330

170 2465 211 2525 τιδ
225 2467 281 2540 μὲν
295 2461 489 2545 ταρβήσαντε
504 2463 553 2526 καὶ
568 2459 714 2540 αἰδομένω
728 2463 868 2539 βασιλῆα

170 2565 294 2644 στήτην,
311 2565 379 2629 αιἰδέ
394 2567 425 2629 τί
437 2591 489 2645 μιν
504 2563 719 2647 προσεφιίνεον
734 2562 793 2626 οὐδ’
810 2561 941 2643 έρέοντο·

170 2668 263 2750 αὐτὰρ
278 2670 295 2731 ὁ
310 2669 387 2751 ἔγνω
402 2667 475 2755 ᾗσιν
491 2669 535 2733 ἔνὶ
550 2668 643 2749 φρεσὶ
658 2664 803 2747 φιίυησέν
817 2684 861 2730 τε·

171 2781 190 2805 “
200 2772 331 2853 χαίρετε,
349 2771 481 2853 κήρυκες,
497 2770 572 2836 Διδς
587 2770 715 2852 ἀγγελοι
728 2768 782 2848 ῆδέ
797 2769 846 2832 καὶ
862 2769 984 2850 ἀνδρῶν,

170 2874 271 2939 ἆσσον
281 2874 330 2938 ἴτ’·
350 2874 424 2937 οὔτι
435 2898 487 2953 μοι
497 2874 590 2953 ὔμμες
601 2873 742 2945 ἔπαίτιοι,
756 2871 825 2935 ἀλλ’
837 2870 1044 2954 Ἀγαμέμνων,
1070 2899 1117 2948 335

170 2976 186 3039 δ
202 2983 287 3058 σφῶΐ
301 2976 399 3059 προίει
414 2975 575 3058 Βρισηίδος
590 2978 691 3041 είνεκα
705 2975 822 3058 κούρης.
856 2965 857 2970 ¹

170 3078 240 3142 ἀλλ’
257 3079 322 3161 άγε,
338 3082 471 3162 διογενὲς
486 3079 688 3160 Πατρόκλεες,
705 3078 795 3161 ἔξαγε
811 3079 920 3160 κοιίρην

169 3183 221 3246 καί
235 3191 337 3265 σφωϊν
351 3182 402 3249 δὸς
417 3183 513 3264 ἄγειν·
542 3183 584 3246 τδ
599 3180 625 3245 δ’
641 3181 719 3246 αὐτὸ
734 3181 877 3264 μάρτυροι
892 3183 990 3248 ἔστων

168 3287 243 3368 πρός
258 3311 292 3350 τε
306 3291 383 3350 θεῶν
396 3283 537 3369 μακάρων
551 3285 626 3368 πρός
639 3310 673 3349 πε
689 3290 804 3365 θνητῶν
818 3287 990 3369 ἀνθρώπων,

169 3390 219 3453 καὶ
233 3389 308 3471 πρὸς
321 3393 375 3452 ποθ
388 3393 542 3468 βασιλῆος
558 3387 697 3467 ἀπηνέος,
714 3391 743 3453 εί
756 3412 831 3454 ποτε
845 3389 881 3468 δὴ
898 3389 968 3452 αθτε
1068 3411 1120 3462 ³40

167 3492 259 3574 χρειιδ
275 3494 358 3571 ἔμεῖο
372 3490 496 3575 γένηται
511 3490 613 3556 ἀεικέα
627 3491 735 3574 λοιγὸν
750 3491 858 3570 άμῦναι

167 3598 231 3659 τοῖς
246 3594 363 3662 άλλοις·
394 3594 486 3677 ήγάρ
501 3594 559 3676 ὅγ’
577 3594 699 3675 όλοιῆσι
718 3596 811 3675 φρεσὶ
827 3595 901 3667 θιίει,

168 3694 236 3759 οὐδέ
251 3721 279 3759 τι
295 3697 357 3761 οἶδε
373 3700 482 3776 νοῆσαι
497 3696 558 3776 ἅμα
573 3696 699 3776 πρόσσω
716 3697 764 3759 καὶ
780 3697 912 3768 ὀπίσσω,
974 3701 980 3723 ’

566 3797 624 3866 ¹35
