<?xml version="1.0" encoding="UTF-8"?>
<!DOCTYPE html PUBLIC "-//W3C//DTD XHTML 1.0 Transitional//EN"
    "http://www.w3.org/TR/xhtml1/DTD/xhtml1-transitional.dtd">
<html xmlns="http://www.w3.org/1999/xhtml" xml:lang="en" lang="en">
 <head>
  <title>
</title>
<meta http-equiv="Content-Type" content="text/html;charset=utf-8" />
  <meta name='ocr-system' content='tesseract 3.04.00' />
  <meta name='ocr-capabilities' content='ocr_page ocr_carea ocr_par ocr_line ocrx_word'/>
</head>
<body>
  <div class='ocr_page' id='page_1' title='image "./homerioperaetre00homegoog_0308.png"; bbox 0 0 2792 4232; ppageno 0'>
   <div class='ocr_carea' id='block_1_1' title="bbox 277 319 899 407">
    <p class='ocr_par' dir='ltr' id='par_1_1' title="bbox 277 319 899 407">
     <span class='ocr_line' id='line_1_1' title="bbox 277 319 899 407; baseline -0.011 -20"><span class='ocrx_word' id='word_1_1' title='bbox 277 342 338 407; x_wconf 71' lang='lat'>2&#39;92</span> <span class='ocrx_word' id='word_1_2' title='bbox 592 328 642 397; x_wconf 87' lang='lat'>15.</span> <span class='ocrx_word' id='word_1_3' title='bbox 668 321 837 380; x_wconf 90' lang='grc' dir='ltr'>ΙΛΙΑΔΟΣ</span> <span class='ocrx_word' id='word_1_4' title='bbox 860 319 899 380; x_wconf 94' lang='lat'>0.</span> 
     </span>
    </p>
   </div>
   <div class='ocr_carea' id='block_1_2' title="bbox 268 487 1082 883">
    <p class='ocr_par' dir='ltr' id='par_1_2' title="bbox 268 487 1082 883">
     <span class='ocr_line' id='line_1_2' title="bbox 273 487 1026 571; baseline -0.004 -19"><span class='ocrx_word' id='word_1_5' title='bbox 273 489 342 571; x_wconf 88' lang='grc' dir='ltr'>ὄφρ’</span> <span class='ocrx_word' id='word_1_6' title='bbox 357 487 376 567; x_wconf 86' lang='grc' dir='ltr'>ή</span> <span class='ocrx_word' id='word_1_7' title='bbox 391 489 446 568; x_wconf 78' lang='grc' dir='ltr'>μὲν</span> <span class='ocrx_word' id='word_1_8' title='bbox 459 489 536 567; x_wconf 87' lang='grc' dir='ltr'>μετδ</span> <span class='ocrx_word' id='word_1_9' title='bbox 550 487 627 552; x_wconf 88' lang='grc' dir='ltr'>λαδν</span> <span class='ocrx_word' id='word_1_10' title='bbox 640 487 775 570; x_wconf 82' lang='grc' dir='ltr'>Ἀχαιῶν</span> <span class='ocrx_word' id='word_1_11' title='bbox 789 487 1026 570; x_wconf 78' lang='grc' dir='ltr'>χαλκοχιτώνων</span> 
     </span>
     <span class='ocr_line' id='line_1_3' title="bbox 274 589 873 678; baseline -0.005 -21"><span class='ocrx_word' id='word_1_12' title='bbox 274 593 357 678; x_wconf 82' lang='grc' dir='ltr'>ἔλθῃ,</span> <span class='ocrx_word' id='word_1_13' title='bbox 375 593 423 655; x_wconf 88' lang='grc' dir='ltr'>καὶ</span> <span class='ocrx_word' id='word_1_14' title='bbox 439 594 542 678; x_wconf 84' lang='grc' dir='ltr'>είπῃσι</span> <span class='ocrx_word' id='word_1_15' title='bbox 558 589 750 656; x_wconf 85' lang='grc' dir='ltr'>Ποσειδάωνι</span> <span class='ocrx_word' id='word_1_16' title='bbox 765 592 873 674; x_wconf 85' lang='grc' dir='ltr'>ἀνακτι</span> 
     </span>
     <span class='ocr_line' id='line_1_4' title="bbox 273 691 1074 776; baseline -0.002 -17"><span class='ocrx_word' id='word_1_17' title='bbox 273 694 467 774; x_wconf 88' lang='grc' dir='ltr'>παυσάμενον</span> <span class='ocrx_word' id='word_1_18' title='bbox 481 692 628 774; x_wconf 89' lang='grc' dir='ltr'>πολέμοιο</span> <span class='ocrx_word' id='word_1_19' title='bbox 643 697 680 757; x_wconf 86' lang='grc' dir='ltr'>τδ</span> <span class='ocrx_word' id='word_1_20' title='bbox 695 695 714 758; x_wconf 85' lang='grc' dir='ltr'>δ</span> <span class='ocrx_word' id='word_1_21' title='bbox 729 695 804 776; x_wconf 81' lang='grc' dir='ltr'>πρὸς</span> <span class='ocrx_word' id='word_1_22' title='bbox 818 694 928 775; x_wconf 89' lang='grc' dir='ltr'>δώμαθ’</span> <span class='ocrx_word' id='word_1_23' title='bbox 947 691 1074 768; x_wconf 79' lang='grc' dir='ltr'>ἱκέσθαι,</span> 
     </span>
     <span class='ocr_line' id='line_1_5' title="bbox 268 795 1082 883; baseline 0 -23"><span class='ocrx_word' id='word_1_24' title='bbox 268 798 400 881; x_wconf 88' lang='grc' dir='ltr'>Ἕκτορα</span> <span class='ocrx_word' id='word_1_25' title='bbox 415 795 441 862; x_wconf 91' lang='grc' dir='ltr'>δ’</span> <span class='ocrx_word' id='word_1_26' title='bbox 457 798 599 883; x_wconf 75' lang='grc' dir='ltr'>ὀτρύνῃσι</span> <span class='ocrx_word' id='word_1_27' title='bbox 613 795 716 879; x_wconf 86' lang='grc' dir='ltr'>μάχην</span> <span class='ocrx_word' id='word_1_28' title='bbox 731 799 763 864; x_wconf 91' lang='grc' dir='ltr'>ἐς</span> <span class='ocrx_word' id='word_1_29' title='bbox 777 801 895 879; x_wconf 84' lang='grc' dir='ltr'>Φοῖβος</span> <span class='ocrx_word' id='word_1_30' title='bbox 908 797 1082 868; x_wconf 88' lang='grc' dir='ltr'>Ἀπόλλων,</span> 
     </span>
    </p>
   </div>
   <div class='ocr_carea' id='block_1_3' title="bbox 271 899 1220 3768">
    <p class='ocr_par' dir='ltr' id='par_1_3' title="bbox 271 899 1219 2734">
     <span class='ocr_line' id='line_1_6' title="bbox 274 899 1218 988; baseline 0.001 -25"><span class='ocrx_word' id='word_1_31' title='bbox 274 902 355 967; x_wconf 85' lang='grc' dir='ltr'>αύτις</span> <span class='ocrx_word' id='word_1_32' title='bbox 370 899 397 964; x_wconf 90' lang='grc' dir='ltr'>δ’</span> <span class='ocrx_word' id='word_1_33' title='bbox 412 899 600 986; x_wconf 72' lang='grc' dir='ltr'>ἐμπνεύσῃσι</span> <span class='ocrx_word' id='word_1_34' title='bbox 614 899 713 981; x_wconf 87' lang='grc' dir='ltr'>μένος,</span> <span class='ocrx_word' id='word_1_35' title='bbox 729 899 846 988; x_wconf 87' lang='grc' dir='ltr'>λελάθῃ</span> <span class='ocrx_word' id='word_1_36' title='bbox 862 901 886 965; x_wconf 89' lang='grc' dir='ltr'>δ’</span> <span class='ocrx_word' id='word_1_37' title='bbox 903 899 1036 964; x_wconf 79' lang='grc' dir='ltr'>ὀδυνάων</span> <span class='ocrx_word' id='word_1_38' title='bbox 1184 909 1218 958; x_wconf 90' lang='lat'>60</span> 
     </span>
     <span class='ocr_line' id='line_1_7' title="bbox 274 1002 1079 1086; baseline 0 -19"><span class='ocrx_word' id='word_1_39' title='bbox 274 1005 304 1068; x_wconf 83' lang='grc' dir='ltr'>αῖ</span> <span class='ocrx_word' id='word_1_40' title='bbox 320 1010 372 1069; x_wconf 85' lang='grc' dir='ltr'>νῦν</span> <span class='ocrx_word' id='word_1_41' title='bbox 386 1030 443 1084; x_wconf 90' lang='grc' dir='ltr'>μιν·</span> <span class='ocrx_word' id='word_1_42' title='bbox 453 1004 586 1085; x_wconf 80' lang='grc' dir='ltr'>τείρουσι</span> <span class='ocrx_word' id='word_1_43' title='bbox 601 1006 676 1082; x_wconf 78' lang='grc' dir='ltr'>κατὰ</span> <span class='ocrx_word' id='word_1_44' title='bbox 692 1002 814 1086; x_wconf 90' lang='grc' dir='ltr'>φρένας,</span> <span class='ocrx_word' id='word_1_45' title='bbox 831 1004 921 1085; x_wconf 85' lang='grc' dir='ltr'>αάτδρ</span> <span class='ocrx_word' id='word_1_46' title='bbox 935 1002 1079 1086; x_wconf 84' lang='grc' dir='ltr'>Ἀχαιοὺς</span> 
     </span>
     <span class='ocr_line' id='line_1_8' title="bbox 274 1103 1030 1193; baseline -0.001 -21"><span class='ocrx_word' id='word_1_47' title='bbox 274 1109 355 1174; x_wconf 84' lang='grc' dir='ltr'>αιἰτις</span> <span class='ocrx_word' id='word_1_48' title='bbox 371 1107 604 1193; x_wconf 72' lang='grc' dir='ltr'>ἀποστρέψῃσιν</span> <span class='ocrx_word' id='word_1_49' title='bbox 620 1103 767 1170; x_wconf 80' lang='grc' dir='ltr'>ἀνάλκιδα</span> <span class='ocrx_word' id='word_1_50' title='bbox 782 1105 878 1187; x_wconf 79' lang='grc' dir='ltr'>φύζαν</span> <span class='ocrx_word' id='word_1_51' title='bbox 893 1105 1030 1187; x_wconf 85' lang='grc' dir='ltr'>ἐνόρσας,</span> 
     </span>
     <span class='ocr_line' id='line_1_9' title="bbox 274 1208 965 1294; baseline -0.004 -18"><span class='ocrx_word' id='word_1_52' title='bbox 274 1213 437 1294; x_wconf 84' lang='grc' dir='ltr'>φεύγοντες</span> <span class='ocrx_word' id='word_1_53' title='bbox 452 1211 476 1274; x_wconf 94' lang='grc' dir='ltr'>δ’</span> <span class='ocrx_word' id='word_1_54' title='bbox 493 1212 526 1274; x_wconf 90' lang='grc' dir='ltr'>ἐν</span> <span class='ocrx_word' id='word_1_55' title='bbox 542 1211 630 1290; x_wconf 80' lang='grc' dir='ltr'>νηυσὶ</span> <span class='ocrx_word' id='word_1_56' title='bbox 646 1208 829 1288; x_wconf 83' lang='grc' dir='ltr'>πολυκλήϊσι</span> <span class='ocrx_word' id='word_1_57' title='bbox 845 1210 965 1290; x_wconf 79' lang='grc' dir='ltr'>πέσωσι</span> 
     </span>
     <span class='ocr_line' id='line_1_10' title="bbox 274 1310 1030 1396; baseline -0.001 -19"><span class='ocrx_word' id='word_1_58' title='bbox 274 1310 431 1394; x_wconf 78' lang='grc' dir='ltr'>Πηλεΐδεω</span> <span class='ocrx_word' id='word_1_59' title='bbox 445 1312 602 1396; x_wconf 77' lang='grc' dir='ltr'>Ἀχιλῆος·</span> <span class='ocrx_word' id='word_1_60' title='bbox 626 1313 643 1376; x_wconf 89' lang='grc' dir='ltr'>ὀ</span> <span class='ocrx_word' id='word_1_61' title='bbox 658 1312 683 1377; x_wconf 92' lang='grc' dir='ltr'>δ’</span> <span class='ocrx_word' id='word_1_62' title='bbox 699 1312 847 1392; x_wconf 79' lang='grc' dir='ltr'>ἀνστήσει</span> <span class='ocrx_word' id='word_1_63' title='bbox 862 1312 897 1378; x_wconf 93' lang='grc' dir='ltr'>δν</span> <span class='ocrx_word' id='word_1_64' title='bbox 912 1317 1030 1393; x_wconf 85' lang='grc' dir='ltr'>ἑταῖρον</span> 
     </span>
     <span class='ocr_line' id='line_1_11' title="bbox 274 1415 1217 1500; baseline -0.002 -21"><span class='ocrx_word' id='word_1_65' title='bbox 274 1416 462 1499; x_wconf 84' lang='grc' dir='ltr'>Πάτροκλον·</span> <span class='ocrx_word' id='word_1_66' title='bbox 486 1416 539 1482; x_wconf 85' lang='grc' dir='ltr'>τὸν</span> <span class='ocrx_word' id='word_1_67' title='bbox 555 1420 587 1480; x_wconf 81' lang='grc' dir='ltr'>δὲ</span> <span class='ocrx_word' id='word_1_68' title='bbox 603 1422 701 1481; x_wconf 84' lang='grc' dir='ltr'>κτενεῖ</span> <span class='ocrx_word' id='word_1_69' title='bbox 716 1417 802 1500; x_wconf 83' lang='grc' dir='ltr'>ἐγχεῖ</span> <span class='ocrx_word' id='word_1_70' title='bbox 816 1417 959 1498; x_wconf 88' lang='grc' dir='ltr'>φαίδιμος</span> <span class='ocrx_word' id='word_1_71' title='bbox 970 1415 1088 1496; x_wconf 83' lang='grc' dir='ltr'>Ἕκτωρ</span> <span class='ocrx_word' id='word_1_72' title='bbox 1185 1427 1217 1492; x_wconf 82' lang='lat'>⁶5</span> 
     </span>
     <span class='ocr_line' id='line_1_12' title="bbox 273 1518 996 1603; baseline 0.004 -20"><span class='ocrx_word' id='word_1_73' title='bbox 273 1522 367 1585; x_wconf 86' lang='grc' dir='ltr'>Ἰλίου</span> <span class='ocrx_word' id='word_1_74' title='bbox 381 1518 575 1603; x_wconf 88' lang='grc' dir='ltr'>προπάροιθε,</span> <span class='ocrx_word' id='word_1_75' title='bbox 591 1520 705 1586; x_wconf 90' lang='grc' dir='ltr'>πολέας</span> <span class='ocrx_word' id='word_1_76' title='bbox 720 1519 861 1585; x_wconf 79' lang='grc' dir='ltr'>ὀλέσαντ’</span> <span class='ocrx_word' id='word_1_77' title='bbox 877 1521 996 1600; x_wconf 77' lang='grc' dir='ltr'>αἰζηοὺς</span> 
     </span>
     <span class='ocr_line' id='line_1_13' title="bbox 274 1619 1062 1704; baseline -0.003 -18"><span class='ocrx_word' id='word_1_78' title='bbox 274 1625 341 1690; x_wconf 87' lang='grc' dir='ltr'>τοὺς</span> <span class='ocrx_word' id='word_1_79' title='bbox 356 1625 478 1700; x_wconf 91' lang='grc' dir='ltr'>ἀλλους,</span> <span class='ocrx_word' id='word_1_80' title='bbox 494 1626 570 1702; x_wconf 80' lang='grc' dir='ltr'>μετά</span> <span class='ocrx_word' id='word_1_81' title='bbox 585 1622 610 1687; x_wconf 86' lang='grc' dir='ltr'>δ’</span> <span class='ocrx_word' id='word_1_82' title='bbox 626 1623 692 1688; x_wconf 84' lang='grc' dir='ltr'>υἱὸν</span> <span class='ocrx_word' id='word_1_83' title='bbox 707 1619 779 1701; x_wconf 82' lang='grc' dir='ltr'>ἐμόν</span> <span class='ocrx_word' id='word_1_84' title='bbox 795 1624 975 1704; x_wconf 87' lang='grc' dir='ltr'>Σαρπηδόνα</span> <span class='ocrx_word' id='word_1_85' title='bbox 989 1627 1062 1687; x_wconf 90' lang='grc' dir='ltr'>δῖον.</span> 
     </span>
     <span class='ocr_line' id='line_1_14' title="bbox 274 1724 1125 1809; baseline 0 -21"><span class='ocrx_word' id='word_1_86' title='bbox 274 1732 326 1790; x_wconf 86' lang='grc' dir='ltr'>τοῶ</span> <span class='ocrx_word' id='word_1_87' title='bbox 340 1727 373 1790; x_wconf 84' lang='grc' dir='ltr'>δέ</span> <span class='ocrx_word' id='word_1_88' title='bbox 388 1724 605 1809; x_wconf 87' lang='grc' dir='ltr'>χολωσάμενος</span> <span class='ocrx_word' id='word_1_89' title='bbox 621 1731 719 1792; x_wconf 84' lang='grc' dir='ltr'>κτενεῖ</span> <span class='ocrx_word' id='word_1_90' title='bbox 729 1724 861 1808; x_wconf 85' lang='grc' dir='ltr'>Ἕκτορα</span> <span class='ocrx_word' id='word_1_91' title='bbox 875 1730 939 1791; x_wconf 93' lang='grc' dir='ltr'>δῖος</span> <span class='ocrx_word' id='word_1_92' title='bbox 952 1724 1125 1808; x_wconf 89' lang='grc' dir='ltr'>Ἀχιλλεύς.</span> 
     </span>
     <span class='ocr_line' id='line_1_15' title="bbox 274 1827 1005 1911; baseline 0 -19"><span class='ocrx_word' id='word_1_93' title='bbox 274 1833 307 1892; x_wconf 83' lang='grc' dir='ltr'>ἐκ</span> <span class='ocrx_word' id='word_1_94' title='bbox 325 1834 377 1892; x_wconf 84' lang='grc' dir='ltr'>τοῦ</span> <span class='ocrx_word' id='word_1_95' title='bbox 392 1828 417 1892; x_wconf 94' lang='grc' dir='ltr'>δ’</span> <span class='ocrx_word' id='word_1_96' title='bbox 434 1829 471 1893; x_wconf 86' lang='grc' dir='ltr'>ὀν</span> <span class='ocrx_word' id='word_1_97' title='bbox 486 1854 533 1894; x_wconf 92' lang='grc' dir='ltr'>τοι</span> <span class='ocrx_word' id='word_1_98' title='bbox 548 1830 653 1894; x_wconf 81' lang='grc' dir='ltr'>ἔπειτα</span> <span class='ocrx_word' id='word_1_99' title='bbox 664 1827 817 1907; x_wconf 40' lang='grc' dir='ltr'>,παλίωξιν</span> <span class='ocrx_word' id='word_1_100' title='bbox 831 1831 912 1911; x_wconf 88' lang='grc' dir='ltr'>παρδ</span> <span class='ocrx_word' id='word_1_101' title='bbox 927 1834 1005 1906; x_wconf 93' lang='grc' dir='ltr'>νηῶν</span> 
     </span>
     <span class='ocr_line' id='line_1_16' title="bbox 274 1929 1219 2016; baseline -0.001 -21"><span class='ocrx_word' id='word_1_102' title='bbox 274 1935 339 1996; x_wconf 79' lang='grc' dir='ltr'>αἰὲν</span> <span class='ocrx_word' id='word_1_103' title='bbox 354 1933 413 2014; x_wconf 76' lang='grc' dir='ltr'>ἐγώ</span> <span class='ocrx_word' id='word_1_104' title='bbox 429 1932 565 2016; x_wconf 86' lang='grc' dir='ltr'>τεύχοιμι</span> <span class='ocrx_word' id='word_1_105' title='bbox 580 1931 749 2012; x_wconf 87' lang='grc' dir='ltr'>διαμπερές,</span> <span class='ocrx_word' id='word_1_106' title='bbox 767 1934 809 1997; x_wconf 88' lang='grc' dir='ltr'>είς</span> <span class='ocrx_word' id='word_1_107' title='bbox 824 1932 842 1995; x_wconf 87' lang='grc' dir='ltr'>ὀ</span> <span class='ocrx_word' id='word_1_108' title='bbox 857 1929 883 1996; x_wconf 93' lang='grc' dir='ltr'>κ’</span> <span class='ocrx_word' id='word_1_109' title='bbox 901 1929 1020 2014; x_wconf 83' lang='grc' dir='ltr'>Ἀχαιοὶ</span> <span class='ocrx_word' id='word_1_110' title='bbox 1186 1953 1219 2006; x_wconf 79' lang='lat'>70</span> 
     </span>
     <span class='ocr_line' id='line_1_17' title="bbox 271 2034 951 2116; baseline 0.006 -21"><span class='ocrx_word' id='word_1_111' title='bbox 271 2034 368 2101; x_wconf 84' lang='grc' dir='ltr'>Ἴλιον</span> <span class='ocrx_word' id='word_1_112' title='bbox 383 2035 454 2099; x_wconf 84' lang='grc' dir='ltr'>αῖπδ</span> <span class='ocrx_word' id='word_1_113' title='bbox 470 2037 570 2100; x_wconf 82' lang='grc' dir='ltr'>ἕλοιεν</span> <span class='ocrx_word' id='word_1_114' title='bbox 584 2036 747 2116; x_wconf 78' lang='grc' dir='ltr'>Ἀθηναίης</span> <span class='ocrx_word' id='word_1_115' title='bbox 762 2038 811 2099; x_wconf 78' lang='grc' dir='ltr'>διὰ</span> <span class='ocrx_word' id='word_1_116' title='bbox 826 2034 951 2115; x_wconf 87' lang='grc' dir='ltr'>βουλάς.</span> 
     </span>
     <span class='ocr_line' id='line_1_18' title="bbox 273 2135 1125 2221; baseline 0.001 -22"><span class='ocrx_word' id='word_1_117' title='bbox 273 2137 308 2202; x_wconf 86' lang='grc' dir='ltr'>τὸ</span> <span class='ocrx_word' id='word_1_118' title='bbox 323 2140 394 2220; x_wconf 83' lang='grc' dir='ltr'>πρὶν</span> <span class='ocrx_word' id='word_1_119' title='bbox 408 2137 432 2202; x_wconf 87' lang='grc' dir='ltr'>δ’</span> <span class='ocrx_word' id='word_1_120' title='bbox 450 2138 509 2202; x_wconf 76' lang='grc' dir='ltr'>οὔτ’</span> <span class='ocrx_word' id='word_1_121' title='bbox 526 2138 571 2219; x_wconf 87' lang='grc' dir='ltr'>ἀρ’</span> <span class='ocrx_word' id='word_1_122' title='bbox 588 2139 646 2220; x_wconf 84' lang='grc' dir='ltr'>ἐγῶ</span> <span class='ocrx_word' id='word_1_123' title='bbox 662 2138 747 2202; x_wconf 89' lang='grc' dir='ltr'>παύω</span> <span class='ocrx_word' id='word_1_124' title='bbox 762 2138 859 2221; x_wconf 91' lang='grc' dir='ltr'>χόλον</span> <span class='ocrx_word' id='word_1_125' title='bbox 874 2137 941 2201; x_wconf 86' lang='grc' dir='ltr'>ούτε</span> <span class='ocrx_word' id='word_1_126' title='bbox 956 2135 1012 2200; x_wconf 89' lang='grc' dir='ltr'>τιν’</span> <span class='ocrx_word' id='word_1_127' title='bbox 1028 2137 1125 2200; x_wconf 83' lang='grc' dir='ltr'>ἀλλον</span> 
     </span>
     <span class='ocr_line' id='line_1_19' title="bbox 274 2239 997 2320; baseline 0.001 -17"><span class='ocrx_word' id='word_1_128' title='bbox 274 2240 430 2306; x_wconf 90' lang='grc' dir='ltr'>ἀθανάτων</span> <span class='ocrx_word' id='word_1_129' title='bbox 446 2246 614 2306; x_wconf 85' lang='grc' dir='ltr'>Δαναοῖσιν</span> <span class='ocrx_word' id='word_1_130' title='bbox 629 2240 776 2320; x_wconf 83' lang='grc' dir='ltr'>ἀμυνέμεν</span> <span class='ocrx_word' id='word_1_131' title='bbox 793 2239 890 2304; x_wconf 90' lang='grc' dir='ltr'>ἐνθάδ’</span> <span class='ocrx_word' id='word_1_132' title='bbox 907 2239 997 2313; x_wconf 87' lang='grc' dir='ltr'>ἐάσω,</span> 
     </span>
     <span class='ocr_line' id='line_1_20' title="bbox 274 2340 980 2425; baseline 0 -19"><span class='ocrx_word' id='word_1_133' title='bbox 274 2345 344 2424; x_wconf 86' lang='grc' dir='ltr'>πρίν</span> <span class='ocrx_word' id='word_1_134' title='bbox 358 2369 394 2425; x_wconf 89' lang='grc' dir='ltr'>γε</span> <span class='ocrx_word' id='word_1_135' title='bbox 409 2343 443 2408; x_wconf 87' lang='grc' dir='ltr'>τδ</span> <span class='ocrx_word' id='word_1_136' title='bbox 459 2340 615 2424; x_wconf 82' lang='grc' dir='ltr'>Πηλεΐδαο</span> <span class='ocrx_word' id='word_1_137' title='bbox 630 2347 843 2422; x_wconf 81' lang='grc' dir='ltr'>τελευτηθῆναι</span> <span class='ocrx_word' id='word_1_138' title='bbox 859 2341 980 2424; x_wconf 91' lang='grc' dir='ltr'>ἐέλδωρ,</span> 
     </span>
     <span class='ocr_line' id='line_1_21' title="bbox 274 2443 1217 2530; baseline 0.003 -22"><span class='ocrx_word' id='word_1_139' title='bbox 274 2448 313 2511; x_wconf 82' lang='grc' dir='ltr'>ὥς</span> <span class='ocrx_word' id='word_1_140' title='bbox 329 2447 358 2510; x_wconf 85' lang='grc' dir='ltr'>οῖ</span> <span class='ocrx_word' id='word_1_141' title='bbox 372 2445 506 2524; x_wconf 81' lang='grc' dir='ltr'>ἀπέστην</span> <span class='ocrx_word' id='word_1_142' title='bbox 520 2452 646 2528; x_wconf 88' lang='grc' dir='ltr'>πρῶτον,</span> <span class='ocrx_word' id='word_1_143' title='bbox 663 2447 723 2530; x_wconf 76' lang='grc' dir='ltr'>ἐμῷ</span> <span class='ocrx_word' id='word_1_144' title='bbox 739 2444 764 2508; x_wconf 91' lang='grc' dir='ltr'>δ’</span> <span class='ocrx_word' id='word_1_145' title='bbox 781 2443 928 2508; x_wconf 85' lang='grc' dir='ltr'>ἐπένευσα</span> <span class='ocrx_word' id='word_1_146' title='bbox 943 2443 1055 2526; x_wconf 91' lang='grc' dir='ltr'>κάρητι,</span> <span class='ocrx_word' id='word_1_147' title='bbox 1185 2469 1217 2526; x_wconf 76' lang='lat'>75</span> 
     </span>
     <span class='ocr_line' id='line_1_22' title="bbox 273 2546 1011 2632; baseline 0.001 -20"><span class='ocrx_word' id='word_1_148' title='bbox 273 2546 363 2627; x_wconf 87' lang='grc' dir='ltr'>ἤματι</span> <span class='ocrx_word' id='word_1_149' title='bbox 378 2550 419 2632; x_wconf 75' lang='grc' dir='ltr'>τῷ</span> <span class='ocrx_word' id='word_1_150' title='bbox 435 2546 479 2612; x_wconf 85' lang='grc' dir='ltr'>ὅτ’</span> <span class='ocrx_word' id='word_1_151' title='bbox 495 2551 577 2628; x_wconf 77' lang='grc' dir='ltr'>ἐμεῖο</span> <span class='ocrx_word' id='word_1_152' title='bbox 593 2551 647 2613; x_wconf 83' lang='grc' dir='ltr'>θεά</span> <span class='ocrx_word' id='word_1_153' title='bbox 663 2547 755 2614; x_wconf 86' lang='grc' dir='ltr'>Θέτις</span> <span class='ocrx_word' id='word_1_154' title='bbox 770 2547 873 2628; x_wconf 77' lang='grc' dir='ltr'>ήψατο</span> <span class='ocrx_word' id='word_1_155' title='bbox 886 2547 1011 2630; x_wconf 82' lang='grc' dir='ltr'>γούνων,</span> 
     </span>
     <span class='ocr_line' id='line_1_23' title="bbox 273 2650 996 2734; baseline 0.004 -21"><span class='ocrx_word' id='word_1_156' title='bbox 273 2650 442 2731; x_wconf 87' lang='grc' dir='ltr'>λισσομένη</span> <span class='ocrx_word' id='word_1_157' title='bbox 459 2656 582 2731; x_wconf 82' lang='grc' dir='ltr'>τιμῆσαι</span> <span class='ocrx_word' id='word_1_158' title='bbox 597 2650 750 2734; x_wconf 80' lang='grc' dir='ltr'>Ἀχιλλῆα</span> <span class='ocrx_word' id='word_1_159' title='bbox 764 2650 996 2731; x_wconf 87' lang='grc' dir='ltr'>πτολίπορθον.”</span> 
     </span>
    </p>

    <p class='ocr_par' dir='ltr' id='par_1_4' title="bbox 274 2752 1220 3768">
     <span class='ocr_line' id='line_1_24' title="bbox 310 2752 1084 2837; baseline 0.001 -21"><span class='ocrx_word' id='word_1_160' title='bbox 310 2753 373 2820; x_wconf 84' lang='grc' dir='ltr'>Ὣς</span> <span class='ocrx_word' id='word_1_161' title='bbox 388 2753 485 2835; x_wconf 85' lang='grc' dir='ltr'>ἔφατ’,</span> <span class='ocrx_word' id='word_1_162' title='bbox 502 2753 562 2817; x_wconf 79' lang='grc' dir='ltr'>οὐδ’</span> <span class='ocrx_word' id='word_1_163' title='bbox 580 2754 712 2830; x_wconf 89' lang='grc' dir='ltr'>ἀπίθησε</span> <span class='ocrx_word' id='word_1_164' title='bbox 727 2754 782 2817; x_wconf 88' lang='grc' dir='ltr'>θεδ</span> <span class='ocrx_word' id='word_1_165' title='bbox 795 2752 982 2820; x_wconf 77' lang='grc' dir='ltr'>λευκώλενος</span> <span class='ocrx_word' id='word_1_166' title='bbox 992 2754 1084 2837; x_wconf 86' lang='grc' dir='ltr'>Ἥρη,</span> 
     </span>
     <span class='ocr_line' id='line_1_25' title="bbox 274 2853 1004 2938; baseline -0.001 -17"><span class='ocrx_word' id='word_1_167' title='bbox 274 2860 316 2936; x_wconf 82' lang='grc' dir='ltr'>βῆ</span> <span class='ocrx_word' id='word_1_168' title='bbox 333 2854 358 2921; x_wconf 85' lang='grc' dir='ltr'>δ’</span> <span class='ocrx_word' id='word_1_169' title='bbox 375 2855 412 2936; x_wconf 79' lang='grc' dir='ltr'>ἐξ</span> <span class='ocrx_word' id='word_1_170' title='bbox 423 2856 542 2920; x_wconf 83' lang='grc' dir='ltr'>Ἰδαίων</span> <span class='ocrx_word' id='word_1_171' title='bbox 557 2854 650 2938; x_wconf 90' lang='grc' dir='ltr'>ὀρέων</span> <span class='ocrx_word' id='word_1_172' title='bbox 666 2856 697 2921; x_wconf 82' lang='grc' dir='ltr'>ἐς</span> <span class='ocrx_word' id='word_1_173' title='bbox 711 2853 824 2937; x_wconf 86' lang='grc' dir='ltr'>μακρὸν</span> <span class='ocrx_word' id='word_1_174' title='bbox 835 2853 1004 2936; x_wconf 86' lang='grc' dir='ltr'>Ὄλυμπον.</span> 
     </span>
     <span class='ocr_line' id='line_1_26' title="bbox 275 2956 1220 3046; baseline 0.004 -24"><span class='ocrx_word' id='word_1_175' title='bbox 275 2961 314 3026; x_wconf 87' lang='grc' dir='ltr'>ῶς</span> <span class='ocrx_word' id='word_1_176' title='bbox 329 2957 355 3023; x_wconf 90' lang='grc' dir='ltr'>δ’</span> <span class='ocrx_word' id='word_1_177' title='bbox 370 2958 414 3022; x_wconf 88' lang='grc' dir='ltr'>ὅτ’</span> <span class='ocrx_word' id='word_1_178' title='bbox 431 2957 469 3024; x_wconf 84' lang='grc' dir='ltr'>ἀν</span> <span class='ocrx_word' id='word_1_179' title='bbox 483 2956 552 3046; x_wconf 82' lang='grc' dir='ltr'>ἀίξῃ</span> <span class='ocrx_word' id='word_1_180' title='bbox 569 2959 637 3024; x_wconf 90' lang='grc' dir='ltr'>νόος</span> <span class='ocrx_word' id='word_1_181' title='bbox 652 2956 766 3037; x_wconf 85' lang='grc' dir='ltr'>ἀνέρος,</span> <span class='ocrx_word' id='word_1_182' title='bbox 782 2958 815 3024; x_wconf 85' lang='grc' dir='ltr'>ὅς</span> <span class='ocrx_word' id='word_1_183' title='bbox 830 2958 856 3023; x_wconf 85' lang='grc' dir='ltr'>τ’</span> <span class='ocrx_word' id='word_1_184' title='bbox 873 2959 924 3022; x_wconf 82' lang='grc' dir='ltr'>ἐπὶ</span> <span class='ocrx_word' id='word_1_185' title='bbox 938 2961 1058 3040; x_wconf 74' lang='grc' dir='ltr'>πολλὴν</span> <span class='ocrx_word' id='word_1_186' title='bbox 1184 2978 1220 3030; x_wconf 88' lang='lat'>80</span> 
     </span>
     <span class='ocr_line' id='line_1_27' title="bbox 274 3060 998 3149; baseline 0 -23"><span class='ocrx_word' id='word_1_187' title='bbox 274 3067 364 3145; x_wconf 78' lang='grc' dir='ltr'>γαῖαν</span> <span class='ocrx_word' id='word_1_188' title='bbox 379 3063 551 3140; x_wconf 80' lang='grc' dir='ltr'>ἐληλουθὼς</span> <span class='ocrx_word' id='word_1_189' title='bbox 567 3061 660 3142; x_wconf 82' lang='grc' dir='ltr'>φρεσὶ</span> <span class='ocrx_word' id='word_1_190' title='bbox 674 3061 879 3148; x_wconf 85' lang='grc' dir='ltr'>πευκαλίμῃσι</span> <span class='ocrx_word' id='word_1_191' title='bbox 893 3060 998 3149; x_wconf 89' lang='grc' dir='ltr'>νοήσῃ,</span> 
     </span>
     <span class='ocr_line' id='line_1_28' title="bbox 277 3160 971 3249; baseline -0.003 -19"><span class='ocrx_word' id='word_1_192' title='bbox 277 3173 294 3200; x_wconf 91' lang='grc'>“</span> <span class='ocrx_word' id='word_1_193' title='bbox 304 3165 364 3230; x_wconf 84' lang='grc' dir='ltr'>ἐνθ’</span> <span class='ocrx_word' id='word_1_194' title='bbox 382 3168 454 3244; x_wconf 85' lang='grc' dir='ltr'>είην,</span> <span class='ocrx_word' id='word_1_195' title='bbox 469 3162 488 3245; x_wconf 80' lang='grc' dir='ltr'>ἢ</span> <span class='ocrx_word' id='word_1_196' title='bbox 505 3161 607 3236; x_wconf 85' lang='grc' dir='ltr'>ένθα,”</span> <span class='ocrx_word' id='word_1_197' title='bbox 621 3160 800 3249; x_wconf 80' lang='grc' dir='ltr'>μενοινήῃσί</span> <span class='ocrx_word' id='word_1_198' title='bbox 812 3188 847 3230; x_wconf 84' lang='grc' dir='ltr'>τε</span> <span class='ocrx_word' id='word_1_199' title='bbox 861 3163 971 3240; x_wconf 85' lang='grc' dir='ltr'>πολλά,</span> 
     </span>
     <span class='ocr_line' id='line_1_29' title="bbox 275 3264 1001 3350; baseline -0.003 -18"><span class='ocrx_word' id='word_1_200' title='bbox 275 3269 314 3334; x_wconf 87' lang='grc' dir='ltr'>ῶς</span> <span class='ocrx_word' id='word_1_201' title='bbox 330 3273 477 3350; x_wconf 81' lang='grc' dir='ltr'>κραιπνῶς</span> <span class='ocrx_word' id='word_1_202' title='bbox 491 3271 620 3346; x_wconf 88' lang='grc' dir='ltr'>μεμαυῖα</span> <span class='ocrx_word' id='word_1_203' title='bbox 635 3264 776 3331; x_wconf 88' lang='grc' dir='ltr'>διέπτατο</span> <span class='ocrx_word' id='word_1_204' title='bbox 791 3268 899 3334; x_wconf 87' lang='grc' dir='ltr'>πότνια</span> <span class='ocrx_word' id='word_1_205' title='bbox 909 3265 1001 3350; x_wconf 86' lang='grc' dir='ltr'>Ἥρη·</span> 
     </span>
     <span class='ocr_line' id='line_1_30' title="bbox 274 3367 1088 3452; baseline 0.002 -16"><span class='ocrx_word' id='word_1_206' title='bbox 274 3374 355 3436; x_wconf 84' lang='grc' dir='ltr'>ῖκετο</span> <span class='ocrx_word' id='word_1_207' title='bbox 371 3369 397 3434; x_wconf 87' lang='grc' dir='ltr'>δ’</span> <span class='ocrx_word' id='word_1_208' title='bbox 414 3369 502 3433; x_wconf 85' lang='grc' dir='ltr'>αῖπὺν</span> <span class='ocrx_word' id='word_1_209' title='bbox 514 3367 683 3448; x_wconf 88' lang='grc' dir='ltr'>Ὀλυμπον,</span> <span class='ocrx_word' id='word_1_210' title='bbox 700 3369 900 3452; x_wconf 80' lang='grc' dir='ltr'>ὁμηγερέεσσι</span> <span class='ocrx_word' id='word_1_211' title='bbox 914 3370 939 3434; x_wconf 91' lang='grc' dir='ltr'>δ’</span> <span class='ocrx_word' id='word_1_212' title='bbox 956 3372 1088 3451; x_wconf 78' lang='grc' dir='ltr'>ἐπῆλθεν</span> 
     </span>
     <span class='ocr_line' id='line_1_31' title="bbox 276 3469 1219 3560; baseline 0.003 -23"><span class='ocrx_word' id='word_1_213' title='bbox 276 3471 453 3537; x_wconf 88' lang='grc' dir='ltr'>ἀθανάτοισι</span> <span class='ocrx_word' id='word_1_214' title='bbox 468 3475 566 3535; x_wconf 89' lang='grc' dir='ltr'>θεοῖσι</span> <span class='ocrx_word' id='word_1_215' title='bbox 582 3469 657 3537; x_wconf 90' lang='grc' dir='ltr'>Διδς</span> <span class='ocrx_word' id='word_1_216' title='bbox 671 3472 761 3558; x_wconf 83' lang='grc' dir='ltr'>δάμῳ·</span> <span class='ocrx_word' id='word_1_217' title='bbox 785 3474 814 3536; x_wconf 84' lang='grc' dir='ltr'>οῖ</span> <span class='ocrx_word' id='word_1_218' title='bbox 829 3475 862 3536; x_wconf 74' lang='grc' dir='ltr'>δὲ</span> <span class='ocrx_word' id='word_1_219' title='bbox 876 3473 990 3540; x_wconf 75' lang='grc' dir='ltr'>ἰδόντες</span> <span class='ocrx_word' id='word_1_220' title='bbox 1184 3493 1219 3560; x_wconf 70' lang='lat'>⁸5</span> 
     </span>
     <span class='ocr_line' id='line_1_32' title="bbox 275 3571 975 3658; baseline 0.001 -17"><span class='ocrx_word' id='word_1_221' title='bbox 275 3575 384 3643; x_wconf 89' lang='grc' dir='ltr'>πάντες</span> <span class='ocrx_word' id='word_1_222' title='bbox 399 3571 523 3652; x_wconf 83' lang='grc' dir='ltr'>ἀνήϊξαν</span> <span class='ocrx_word' id='word_1_223' title='bbox 539 3574 588 3637; x_wconf 80' lang='grc' dir='ltr'>καὶ</span> <span class='ocrx_word' id='word_1_224' title='bbox 604 3575 802 3658; x_wconf 80' lang='grc' dir='ltr'>δεικανόωντο</span> <span class='ocrx_word' id='word_1_225' title='bbox 817 3574 975 3642; x_wconf 87' lang='grc' dir='ltr'>δέπασσιν.</span> 
     </span>
     <span class='ocr_line' id='line_1_33' title="bbox 274 3675 1041 3768; baseline 0.003 -25"><span class='ocrx_word' id='word_1_226' title='bbox 274 3681 293 3758; x_wconf 84' lang='grc' dir='ltr'><em>ἡ</em></span> <span class='ocrx_word' id='word_1_227' title='bbox 309 3677 334 3743; x_wconf 90' lang='grc' dir='ltr'>δ’</span> <span class='ocrx_word' id='word_1_228' title='bbox 352 3677 465 3744; x_wconf 79' lang='grc' dir='ltr'>ἄλλους</span> <span class='ocrx_word' id='word_1_229' title='bbox 478 3676 534 3756; x_wconf 84' lang='grc' dir='ltr'>μἐν</span> <span class='ocrx_word' id='word_1_230' title='bbox 550 3675 633 3751; x_wconf 86' lang='grc' dir='ltr'>ἐσσε,</span> <span class='ocrx_word' id='word_1_231' title='bbox 651 3677 782 3760; x_wconf 87' lang='grc' dir='ltr'>Θέμιστι</span> <span class='ocrx_word' id='word_1_232' title='bbox 797 3681 830 3743; x_wconf 83' lang='grc' dir='ltr'>δέ</span> <span class='ocrx_word' id='word_1_233' title='bbox 847 3679 1041 3768; x_wconf 77' lang='grc' dir='ltr'>καλλιπαρήῳ</span> 
     </span>
    </p>
   </div>
   <div class='ocr_carea' id='block_1_4' title="bbox 0 0 1402 4232">
    <p class='ocr_par' dir='ltr' id='par_1_5' title="bbox 0 0 1402 4232">
     <span class='ocr_line' id='line_1_34' title="bbox 0 0 1402 4232; baseline 0 0"><span class='ocrx_word' id='word_1_234' title='bbox 0 0 1402 4232; x_wconf 95' lang='lat' dir='ltr'> </span> 
     </span>
    </p>
   </div>
  </div>
 </body>
</html>
