2874 4234
287 343 350 427 634
577 341 607 406 8.
638 344 874 407 omnm
905 345 944 406 Θ.

284 508 404 590 ῥηϊδίως
417 507 595 587 μεθέλεσκε,
611 508 704 588 πόρος
720 510 814 573 ποσὶν
830 510 918 575 οὖδας
934 507 1060 572 ἱκέσθαι.

285 612 377 692 αὐτὰρ
394 610 458 676 ἐπεὶ
473 612 509 690 δὴ
527 613 641 696 σφαίρῃ
657 612 702 676 ἀν’
720 612 786 677 ίθὺν
801 612 995 693 πειρήσαντο,

285 715 456 798 ὠρχείσθην
471 716 507 794 δὴ
523 715 627 779 έπειτα
643 714 710 780 ποτὶ
727 718 816 798 χθονὶ
832 717 1053 802 πουλυβοτείρῃ

285 818 395 898 ταρφέ’
411 817 611 899 ἀμειβομένω·
635 824 735 899 κοῦροι
748 817 771 883 δ’
789 819 955 898 ἐπελήκεον
969 820 1060 882 ἄλλοι

285 923 428 989 ἑσταότες
444 923 507 985 κατ’
523 923 634 1004 ἀγῶνα,
650 923 746 988 πολὺς
762 923 788 986 δ’
803 924 861 987 ὑπὸ
878 926 992 1000 κόμπος
1007 924 1122 1004 ὀρώρει.
1186 937 1235 998 380

285 1027 319 1106 δὴ
335 1027 395 1090 τότ’
411 1026 456 1107 ἀρ’
468 1027 629 1090 Ἀλκίνοον
645 1028 844 1108 προσεφώνεε
859 1031 922 1092 δῖος
937 1027 1114 1093 Ὀδυσσεύς·

328 1138 344 1165 “
358 1131 497 1194 Ἀλκίνοε
514 1135 622 1211 κρεῖον,
638 1129 760 1194 πόντων
775 1131 938 1210 ἀριδείκετε
953 1135 1047 1207 λαῶν,

283 1234 357 1312 ἠμὲν
372 1234 540 1312 ἀπείλησας
556 1233 748 1315 βητάρμονας
764 1235 840 1299 εἶναι
857 1235 1005 1314 ἀρίστους,

283 1338 327 1416 ἠδ’
343 1337 388 1418 ἀρ’
404 1342 508 1417 ἑτοῖμα
526 1338 655 1402 τέτυκτο·
679 1337 776 1418 σέβας
790 1337 820 1416 μ’
837 1337 902 1420 ἔχει
918 1334 1128 1418 είσορόωντα.”

321 1440 383 1507 Ὠς
400 1441 489 1522 φάτο,
504 1439 641 1523 γήθησεν
656 1442 681 1504 δ’
699 1444 779 1521 ἱερὸν
792 1442 882 1520 μένος
897 1441 1080 1517 Ἀλκινόοιο,
1184 1456 1232 1518 385

285 1545 364 1625 αἶψα
379 1547 411 1608 δὲ
427 1544 597 1623 Φαιήκεσσι
613 1545 828 1625 φιληρέτμοισι
843 1545 982 1624 μετηύδα·

327 1655 347 1684 “
358 1649 501 1724 Κέκλυτε,
519 1647 662 1728 Φαιήκων
676 1647 820 1731 ἡγήτορες
837 1648 890 1726 ήδὲ
907 1648 1057 1728 μέδοντες·

284 1753 300 1813 ὁ
316 1750 413 1831 ξεῖνος
427 1751 511 1831 μάλα
525 1777 577 1832 μοι
592 1752 689 1816 δοκέει
704 1752 892 1832 πεπνυμένος
910 1753 997 1816 εἶναι.

284 1856 354 1918 ἀλλ’
369 1856 425 1937 ἄγε
441 1859 469 1919 οί
485 1861 582 1936 δῶμεν
598 1854 738 1936 ξεινήϊον,
755 1857 794 1922 ὣς
811 1857 948 1922 ἐπιεικές.

283 1961 398 2025 δώδεκα
412 1958 469 2041 γὰρ
485 1959 560 2022 κατὰ
576 1963 670 2039 δῆμον
685 1960 861 2040 ἀριπρεπέες
876 1961 1027 2040 βασιλῆες
1181 1989 1233 2040 390

283 2062 369 2145 ἀρχοὶ
386 2065 549 2145 κραίνουσι,
568 2062 810 2143 τρισκαιδέκατος
825 2064 850 2127 δ’
868 2065 926 2146 ἐγὼ
942 2065 1040 2131 αὐτός·

282 2173 342 2232 τῶν
357 2171 386 2231 οἶ
403 2169 529 2233 ἕκαστος
545 2171 641 2247 φᾶρος
657 2168 802 2233 ἐϋπλυνὲς
816 2167 869 2246 ἠδὲ
885 2174 998 2250 χιτῶνα

284 2273 332 2335 καὶ
348 2276 474 2353 χρυσοῖο
489 2270 640 2334 τάλαντον
656 2272 791 2335 ἐνείκατε
805 2270 970 2350 τιμήεντος.

283 2373 363 2453 αἶψα
379 2376 410 2438 δὲ
426 2372 524 2436 πάντα
537 2371 677 2452 φέρωμεν
695 2373 818 2449 ἀολλέα,
836 2374 905 2454 ὄφρ’
922 2376 966 2438 ἑνὶ
981 2372 1070 2456 χερσὶ

282 2475 380 2554 ξεῖνος
395 2476 476 2558 έχων
491 2476 539 2538 ἐπὶ
554 2478 666 2556 δόρπον
680 2479 710 2563 ίῃ
726 2479 840 2560 χαίρων
855 2475 899 2540 ἑνὶ
915 2480 1006 2562 θυμῷ.
1182 2507 1230 2558 395

284 2580 437 2661 Εὐρύαλος
453 2579 487 2643 δέ
502 2583 517 2643 ἑ
535 2579 626 2643 αιἰτδν
641 2580 824 2662 ἀρεσσάσθω
840 2579 965 2645 ἐπέεσσι

282 2680 330 2746 καὶ
347 2684 439 2768 δώρῳ,
456 2683 522 2747 ἐπεὶ
538 2682 573 2746 ού
588 2707 617 2746 τι
633 2683 705 2750 ἔπος
721 2684 795 2748 κατὰ
810 2689 918 2766 μοῖραν
932 2683 1062 2750 έειπεν.”

319 2785 382 2854 Ὣς
398 2788 496 2868 ἔφαθ’,
513 2789 541 2850 οἱ
558 2787 582 2851 δ’
599 2788 657 2869 ἀρα
673 2789 783 2855 πάντες
801 2786 928 2876 ἐπῄνεον
942 2789 988 2867 ἠδ’
1005 2789 1154 2864 ἐκέλευον,

264 2897 361 2972 δῶρα
377 2891 402 2955 δ’
419 2891 465 2972 ἀρ’
480 2893 634 2972 οἰσέμεναι
652 2895 786 2974 πρόεσαν
802 2892 913 2971 κήρυκα
928 2892 1063 2958 ἕκαστος.

280 3001 333 3059 τὸν
349 2995 375 3059 δ’
391 2996 454 3058 αὖτ’
472 2996 625 3078 Εὐρύαλος
642 2997 829 3076 ἀπαμείβετο
846 2996 989 3077 φώνησέν
1004 3015 1046 3062 τε·
1179 3025 1231 3076 4οο

325 3105 346 3134 “
355 3099 495 3165 Ἀλκίνοε
512 3105 619 3181 κρεῖον,
633 3099 756 3164 πόντων
769 3100 934 3180 ἀριδείκετε
949 3104 1041 3175 λαῶν,

281 3206 384 3285 τοιγὰρ
400 3207 458 3286 ἐγὼ
473 3211 527 3268 τὸν
543 3203 641 3282 ξεῖνον
655 3203 831 3285 ἀρέσσομαι,
848 3205 887 3270 ὧς
904 3205 942 3268 σὺ
958 3205 1099 3271 κελεύεις.

282 3308 369 3371 δώσω
386 3309 415 3369 οἱ
433 3307 494 3370 τόδ’
509 3307 565 3387 ἀορ
580 3311 785 3390 παγχάλκεον,
803 3305 826 3394 ᾧ
842 3310 891 3372 έπι
908 3310 991 3387 κώπη

282 3410 418 3493 ἀργυρέη,
436 3416 543 3474 κολεὸν
561 3415 593 3474 δὲ
609 3413 788 3490 νεοπρίστου
804 3412 971 3493 ἐλέφαντος

280 3515 518 3595 ἀμφιδεδίνηται·
541 3514 652 3579 πολέος
667 3513 701 3578 δέ
716 3517 745 3577 οἱ
761 3513 847 3594 ἀξιον
862 3514 980 3579 έσται.”
1178 3543 1227 3594 405

316 3616 379 3683 Ὣς
392 3618 484 3682 εἰπὼν
498 3619 531 3680 έν
545 3616 635 3700 χερσὶ
650 3619 727 3683 τίθει
743 3616 832 3700 ξίφος
847 3621 1043 3700 ἀργυρόηλον,

282 3722 333 3783 καί
344 3744 396 3798 μιν
412 3718 559 3800 φωνήσας
574 3721 649 3784 ἔπεα
664 3724 826 3802 πτερόεντα
842 3725 1006 3803 προσηύδα·
