2758 4228
501 301 566 359 m
590 303 837 364 AHMHTPAN.
1079 317 1142 387 925

196 469 340 550 παίζομεν
357 469 403 548 ἠδ’
417 470 511 536 ἀνθεα
526 471 674 552 δρέπομεν
687 469 826 555 χείρω-π’
842 474 971 554 έρόεντα,
1091 502 1140 551 4²5

193 574 286 654 μίγδα
301 574 407 655 κρόκον
422 570 447 637 τ’
463 575 576 654 ἀγανὸν
592 577 642 638 καὶ
658 577 825 658 ἀγαλλίδας
840 574 886 656 ἠδ’
900 577 1050 656 ὑάκινθον,

194 676 243 738 καὶ
257 675 364 758 ῥοδέας
379 677 509 744 κάλυκας
525 679 575 742 καὶ
589 679 695 760 λείρια,
713 684 811 759 θαῦμα
827 682 953 760 ίδέσθαι,

193 777 359 861 νάρκισσόν
374 781 400 844 θ’
416 779 451 844 δν
467 767 556 863 ἔφατ’
571 783 610 848 ὥς
626 807 682 863 περ
697 786 805 864 κρόκον
820 785 918 865 εὐρεῖα
932 785 1024 868 χθάν.

192 880 283 972 αὐτὰρ
299 884 357 966 ἐγὼ
374 885 526 965 δρεπόμην
541 885 609 965 περὶ
625 885 764 969 χάρματι,
777 891 850 968 γαῖα
866 885 897 951 δ”
907 887 1009 967 ἔνερθε
1075 899 1079 906 ’

190 985 340 1068 χάρησεν,
356 989 391 1074 τῇ
407 983 433 1051 δ’
448 986 544 1069 ἔκθορ’
560 987 638 1068 άναξ
650 995 789 1070 κρατερὸς
805 990 1022 1072 Πολυδέγμων.
1083 1020 1136 1072 430

189 1093 231 1168 βῆ
247 1094 280 1154 δὲ
298 1091 400 1172 φέρων
414 1097 471 1157 ὑπδ
487 1096 576 1170 γαῖαν
592 1093 625 1155 έν
640 1091 753 1172 άρμασι
768 1095 939 1175 χρυσείοισι
973 1147 975 1151 .

188 1297 280 1361 ταῦτά
294 1323 339 1362 τοι
355 1297 505 1380 ἀχνυμένη
521 1324 579 1380 περ
594 1297 709 1376 ἀληθέα
725 1299 810 1362 πάντ’
826 1300 968 1382 ἀγορεύω.

225 1398 288 1467 Ὣς
303 1403 371 1466 τότε
385 1403 441 1483 μὲν
455 1403 576 1484 πρόπαν
590 1401 668 1484 ήμαρ
683 1405 839 1484 ὁμόφρονα
858 1409 951 1483 θυμὸν
965 1405 1093 1489 ἔχουσαι

187 1507 289 1568 πολλὰ
302 1504 374 1586 μάλ’
391 1503 536 1584 ἀλλήλων
552 1508 672 1589 κραδίην
688 1507 736 1571 καὶ
753 1511 845 1588 θυμὸν
858 1510 957 1572 ἴαινον
1081 1537 1130 1589 435

186 1607 486 1691 ἀμφαγαπαζόμεναι,
502 1608 602 1693 ἀχέων
618 1609 644 1674 δ’
660 1610 829 1675 ἀπεπαύετο
845 1612 948 1691 θυμός.

185 1712 354 1793 γηθοσύνας
370 1717 401 1777 δὲ
418 1713 542 1796 δέχοντο
557 1712 625 1794 παρ’
643 1713 789 1793 ἀλλήλων
805 1716 903 1779 ἔδιδόν
918 1741 960 1780 τε.
985 1792 988 1802 1

184 1814 271 1905 τῇσιν
287 1816 312 1881 δ’
328 1817 452 1898 έγγύθεν
468 1815 536 1896 ἦλθ’
550 1815 660 1894 Ἑκάτη
675 1816 959 1899 λιπαροκρήδεμνος,

184 1923 287 1983 πολλὰ
302 1920 328 1983 δ’
343 1919 389 2001 ἀρ’
405 1917 612 2000 ἀμφαγάπησε
626 1919 717 2000 κόρην
733 1919 907 2003 Δημήτερος
923 1923 1024 2004 ἁγνῆς·

184 2024 217 2084 ἔκ
233 2027 286 2085 τοῦ
306 2024 334 2086 οἱ
351 2023 504 2104 πρόπολος
521 2019 569 2085 καὶ
584 2022 687 2088 ὀπάων
706 2023 808 2088 ἔπλετ’
825 2024 956 2090 άνασσα.
1078 2059 1129 2108 44ο

183 2131 248 2192 ταῖς
262 2131 295 2190 δὲ
309 2126 374 2206 μετ’
388 2125 522 2210 άγγελον
537 2127 590 2206 ἧκε
604 2127 794 2210 βαρύκτυπος
810 2129 936 2210 εὐρύοπα
952 2130 1028 2198 Ζεὺς

181 2229 280 2309 Ῥείην
295 2228 425 2310 ἠύκομον
439 2228 477 2309 ήν
491 2230 605 2314 μητέρα
621 2233 833 2298 κυανόπεπλον

182 2333 323 2414 ἀξέμεναι
338 2337 415 2415 μετὰ
430 2339 514 2416 φῦλα
529 2339 616 2415 θεῶν,
632 2335 775 2400 ὑπέδεκτο
791 2339 823 2400 δὲ
838 2335 925 2417 τιμάς

181 2437 323 2519 δωσέμεν,
340 2438 375 2504 ἀς
391 2465 442 2502 κεν
457 2439 557 2503 ἔλοιτο
570 2439 635 2519 μετ’
651 2439 827 2503 ἀθανάτοισι
843 2444 951 2505 θεοῖσι·

180 2547 269 2606 νεῦσε
284 2541 318 2607 δέ
334 2545 362 2606 αἱ
378 2543 486 2624 κούρην
502 2543 584 2608 ἔτεος
598 2542 861 2625 περιτελλομένοιο
1075 2575 1125 2624 445

180 2646 234 2725 τήν
250 2635 388 2726 τριτάτην
401 2649 459 2728 μὲν
472 2650 579 2727 μοῖραν
593 2646 651 2710 ύιτδ
669 2647 763 2726 ζόφον
777 2645 931 2727 ἠερόεντα,

179 2752 231 2817 τάς
247 2752 280 2814 δὲ
294 2749 352 2813 δύω
369 2747 448 2830 παρὰ
462 2751 551 2832 μητρὶ
566 2749 615 2814 καὶ
631 2749 738 2817 άλλοις
755 2749 961 2816 ἀθανάτοισιν.

179 2853 218 2920 ὣς
233 2853 328 2934 ἔφατ’·
359 2853 419 2916 οὐδ’
436 2855 571 2932 ἀπίθησεΙ
582 2857 637 2917 θεά
653 2860 728 2920 Διὸς
744 2854 923 2937 ἀγγελιάων.

178 2956 351 3037 ἐσσυμένως
367 2954 392 3020 δ’
410 2954 476 3035 ἤϊξε
493 2956 554 3021 κατ’
571 2959 748 3037 Οὐλύμποιο
765 2956 909 3039 καρήνων,

178 3063 220 3127 είς
236 3061 262 3124 δ’
277 3060 335 3142 ἀρα
348 3058 468 3142 Ῥάριον
482 3059 538 3140 ίξε,
555 3062 722 3143 φερέσβιον
737 3062 827 3145 οὖθαρ
842 3063 968 3144 ἀρούρης
1071 3092 1122 3144 45ο

175 3164 210 3228 τδ
226 3165 304 3246 πρίν,
321 3163 396 3246 ἀτάρ
411 3165 479 3227 τότε
494 3162 523 3246 γ’
541 3165 576 3227 σά
591 3190 619 3228 τι
635 3165 813 3247 φερέσβιον,
834 3167 915 3230 ἀλλά
931 3167 1042 3245 ἕκηλον

175 3267 297 3347 ἑστήκει
312 3268 522 3349 πανάφυλλον·
554 3269 657 3333 ἔκευθε
673 3266 698 3333 δ’
715 3269 772 3351 άρα
788 3273 835 3350 κρῖ
849 3275 960 3334 λευκὸν

173 3370 283 3453 μήδεσι
300 3371 457 3454 Δήμητρος
472 3373 692 3454 καλλισφύρου·
723 3371 814 3455 αὐτὰρ
829 3374 931 3438 ἔπειτα

205 3533 255 3597 426
279 3532 412 3598 κροιοέντα
433 3531 511 3598 γονάν
534 3535 579 3593 Μ;
603 3549 666 3583 corr.
688 3533 760 3585 Voss.
844 3545 893 3600 437
916 3537 1052 3602 γηθοσύνας
1073 3555 1119 3604 pro

173 3610 314 3674 γηθόσυνος,
326 3619 350 3662 et
361 3610 437 3661 ἔδιδόν
448 3629 477 3661 τε
488 3628 535 3676 pro
547 3611 654 3661 ίδίδοντο
663 3612 794 3664 Ruhnken.
849 3628 900 3678 450
914 3614 966 3679 βίον
976 3618 1020 3679 M;
1037 3616 1119 3679 μόριον

170 3690 303 3742 Ruhnken.
