2792 4232
563 846 784 918 ΙΛΙΑΔΟΣ
820 851 860 918 Ρ.

623 1085 801 1094 ————

536 1239 709 1312 Μενελάου
726 1242 888 1340 ἆριστειά.
994 1281 997 1286 ·

237 1426 310 1492 Οὐδ’
327 1428 411 1491 ἔλαθ’
426 1427 550 1509 Ἀτρέος
571 1430 646 1500 υἱόν,
664 1427 827 1509 ἀρηίφιλον
842 1428 1012 1505 Μενέλαον,
1047 1421 1050 1424 ’

238 1525 415 1612 Πάτροκλος
428 1532 570 1612 Τρώεσσι
586 1532 689 1611 δαμεὶς
704 1533 737 1594 έν
752 1534 894 1610 δηϊοτῆτι.

237 1638 280 1713 βῆ
297 1636 329 1698 δὲ
345 1637 393 1698 διδ
409 1634 572 1717 προμάχων
588 1635 802 1715 κεκορυθμένος
818 1639 921 1698 αἴθοπι
936 1637 1053 1718 χαλκῷ,

238 1738 316 1818 ἀμφὶ
331 1737 356 1801 δ’
373 1737 417 1818 ἄρ’
435 1738 511 1822 αὐτῷ
527 1735 609 1817 βαῖν’
626 1740 666 1803 ὥς
680 1762 725 1804 τις
740 1736 808 1819 περὶ
824 1739 950 1819 πόρτακι
965 1736 1061 1819 μήτηρ

237 1842 425 1922 πρωτοτόκος
442 1840 552 1921 κιυυρή,
570 1842 604 1905 οὐ
622 1843 692 1923 πρὶν
708 1844 802 1906 εἰδυῖα
816 1843 928 1904 τόκοιο·
1173 1869 1186 1916 5

238 1943 277 2008 ὣς
292 1945 360 2024 περὶ
377 1947 544 2029 Πατρόκλῳ
559 1949 651 2023 βαῖνε
667 1943 775 2022 ξανθὸς
790 1943 959 2011 Μενέλαος.

238 2048 353 2128 πρόσθε
368 2047 402 2111 δέ
417 2051 445 2112 οἱ
461 2049 532 2130 δόρυ
546 2048 571 2110 τ’
589 2049 665 2132 ἔσχε
681 2051 729 2112 καὶ
746 2049 861 2112 ἀσπίδα
876 2047 1002 2114 πάντοσ’
1020 2046 1114 2126 ε’·ίσηυ,

237 2151 289 2215 τὸν
306 2149 446 2230 κτάμεναι
461 2153 581 2231 μεμαὼς
597 2155 629 2218 ὅς
645 2179 689 2219 τις
704 2158 757 2215 τοῦ
774 2151 802 2235 γ’
820 2152 920 2217 ἀντίος
936 2152 1031 2214 ἔλθοι.

237 2254 297 2318 οὐδ’
314 2255 372 2335 ἄρα
388 2255 510 2320 Πάνθου
526 2255 589 2321 υἱὸς
605 2256 765 2334 ἐϋμμελίης
782 2253 921 2334 ἀμέλησε

237 2359 427 2436 Πατρόκλοιο
444 2361 592 2423 πεσόντος
607 2359 765 2438 ἀμύμονος·
790 2357 863 2441 ἄγχι
879 2355 905 2420 δ’
921 2357 966 2438 ἄρ’
983 2357 1072 2419 αὐτοῦ
1156 2384 1185 2418 10

237 2460 320 2539 ἔστη,
338 2462 387 2524 καὶ
402 2460 585 2541 προσέειπεν
602 2461 765 2543 ἀρηίφιλον
781 2459 952 2526 Μενέλαον·

237 2563 401 2645 “Ἀτρε’ίδη
419 2563 561 2629 Μενέλαε
577 2564 742 2646 διοτρεφές,
759 2567 873 2648 όρχαμε
888 2570 979 2641 λαῶν,

236 2666 336 2750 χάζεο,
353 2672 441 2732 λεῖπε
457 2671 489 2732 δὲ
505 2670 618 2751 νεκρόν,
634 2670 669 2733 ἔα
684 2668 709 2732 δ’
727 2669 817 2749 ἔναρα
831 2669 1008 2748 βροτόεντα·

237 2771 271 2834 οὐ
285 2770 342 2853 γάρ
357 2797 402 2838 τις
417 2773 559 2853 πρότερος
574 2773 686 2853 Τρώων
701 2777 828 2835 κλειτῶν
842 2772 867 2831 τ’
884 2771 1048 2851 ἐπικούρων

237 2871 415 2955 Πάτροκλον
428 2873 510 2954 βάλε
526 2876 608 2956 δουρὶ
629 2875 702 2939 κατὰ
721 2875 865 2956 κρατερὴν
879 2875 1017 2953 ὑσμίνην·
1155 2903 1161 2936 ι
1169 2903 1182 2949 5

235 2979 277 3060 τῷ
291 3003 329 3056 με
345 2978 380 3041 ἔα
399 2978 486 3045 κλέος
502 2979 616 3045 ἔσθλδν
631 2980 675 3044 ἔνὶ
690 2979 850 3059 Τρόεσσιυ
866 2975 1000 3058 ἀρέσθαι,

235 3079 275 3160 μή
292 3106 329 3144 σε
343 3081 444 3160 βάλω,
460 3082 520 3146 ἆπδ
536 3085 568 3146 δὲ
583 3081 728 3163 μελιηδέα
743 3081 835 3161 θυμὸν
850 3079 992 3159 ἔλωμαι.”

277 3185 340 3250 Τδν
355 3187 387 3250 δὲ
402 3185 468 3269 μέγ’
484 3185 621 3269 ὀχθήσας
635 3184 776 3268 προσέφη
793 3184 900 3264 ξουθὸς
916 3183 1085 3251 Μενέλαος·

236 3296 256 3325 “
266 3293 324 3353 Ζεῦ
340 3289 442 3370 πάτερ,
460 3290 494 3353 οὗ
508 3293 564 3368 μὲν
581 3288 674 3353 καλὸν
689 3287 836 3371 ὑπέρβιον
852 3286 1062 3370 εὐχετάασθαι.

236 3392 295 3454 οὔτ’
312 3392 364 3455 οὖν
379 3391 543 3473 παρδάλιος
559 3395 674 3456 τόσσον
688 3392 777 3472 μένος
792 3393 860 3455 οὔτε
874 3389 999 3458 λέοντος
1152 3421 1182 3455 20

236 3495 303 3558 οὔτε
319 3494 391 3560 συὸς
407 3494 519 3576 κάπρου
534 3496 731 3577 ὀλοόφρονος,
748 3496 782 3560 οὗ
798 3520 830 3558 τε
844 3495 989 3577 μέγιστος

236 3598 326 3677 θυμὸς
342 3598 386 3661 ἔνὶ
401 3596 551 3676 στήθεσσι
567 3600 634 3680 περὶ
650 3599 752 3662 σθένεϊ
766 3599 952 3683 βλεμεαίνει,

236 3703 332 3763 ὅσσον
350 3700 471 3766 Πάνθου
486 3703 548 3766 υίες
563 3703 719 3781 ἐϋμμελίαι
735 3700 926 3781 φρονέουσιν.
