2738 4226
481 362 512 426 9.
536 347 704 406 ΙΛΙΑΔΟΣ
727 347 753 407 1.

150 523 215 597 πῦρ,
234 518 336 597 ἕτερον
349 517 406 597 μέν
419 514 469 580 ὑπ’
485 515 612 602 αίθούσῃ
628 513 763 597 εῦερκέος
776 513 879 592 αῦλῆς,

151 623 229 682 ιῖλλο
244 618 271 682 δ’
289 622 335 684 ἐνὶ
350 621 502 704 πραδόμηι,
517 621 652 700 πρόσθεν
669 616 818 695 θαλάμοιο
833 613 958 695 θυράων.

152 724 219 784 ἀλλ’
235 725 285 787 ὅτε
299 724 336 802 δὴ
351 722 460 800 δεκάτη
475 748 527 802 μοι
542 721 675 800 ἐπήλυθε
690 719 746 799 νὺξ
758 717 913 801 ἐρεβεννή.

152 830 200 888 καὶ
214 827 275 888 τότ’
290 827 350 907 ky&
365 824 515 902 θαλάμοιο
529 827 619 904 θύρας
634 830 764 889 ποκιυός
779 825 920 903 ἀραρυίας
1038 845 1088 895 475

150 928 241 1008 ῥήξας
255 928 394 1008 ἐῇλθον,
410 929 460 992 καὶ
473 928 639 1010 ὑπέρθορον
655 930 754 1009 ἑρκίον
768 928 863 1004 οῦλῆς

151 1032 224 1109 ῥεῖα,
238 1033 343 1096 λαθὸν
357 1030 497 1112 φύλακάς
510 1031 536 1094 π’
552 1032 661 1112 ἄνδρας
679 1029 779 1108 δμωάς
792 1054 827 1093 τε
839 1033 991 1110 γυναῖκας.

153 1137 264 1214 φεῦγον
278 1134 371 1198 ἔπειτ’
387 1133 537 1200 ιἰπόνευθε
552 1131 591 1198 δι’
612 1133 765 1199 Ἑλλάδος
779 1132 962 1214 εῦρυχόροιο,

153 1238 248 1314 Φθίην
261 1239 289 1299 δ’
304 1237 448 1317 ἐξικόμην
461 1238 647 1319 ἐριβόλαιια,
661 1235 776 1318 μητέρα
789 1235 905 1315 μήλων,

153 1341 183 1404 ἐς
197 1344 307 1418 Πηλῆα
320 1342 439 1424 ἄναχθ’·
462 1343 480 1406 ὑ
494 1341 528 1405 δέ
541 1367 580 1421 με
594 1341 741 1421 πρόφρων
756 1339 912 1414 ὑπέδεκτο,
1041 1349 1090 1411 480

154 1445 202 1504 καί
212 1443 244 1523 μ’
259 1443 388 1524 ἐφίλησ’
401 1445 443 1510 ὃς
458 1447 488 1508 εί
500 1470 534 1508 πε
549 1445 647 1526 πατὴρ
662 1443 698 1506 δυ
712 1447 806 1507 παῖδα
821 1439 941 1527 φιλήσῃ

151 1552 260 1622 μοῦνον
273 1547 439 1629 ιηλόγεπον
452 1552 620 1611 πολλοῖσιν
634 1549 686 1611 ἐπὶ
701 1545 872 1624 κτεάτεσσι,

152 1651 202 1712 καί
214 1649 247 1726 μ’
262 1649 391 1730 άφνειὸν
405 1651 504 1729 ἔθηκε,
519 1649 618 1714 πολὺν
632 1649 666 1714 δέ
679 1674 732 1728 μοι
747 1649 852 1713 ὤπασε
866 1648 952 1711 λαόν·

152 1758 235 1817 ναῖον
248 1751 274 1816 δ’
290 1753 440 1836 ἐσχατιὴν
454 1753 559 1832 Φθίης,
577 1755 779 1817 Δολόπεσσιν
793 1750 947 1816 άνάοοωυ.

152 1858 202 1917 καί
214 1883 251 1920 σε
265 1862 413 1920 τοσοῦτον
428 1857 528 1934 ἐθηκα,
541 1861 623 1922 θεοῖς
637 1854 781 1920 ἐπιείκελ’
797 1854 954 1938 Ἀχιλλεῦ,
1040 1863 1089 1927 485

151 1960 182 2020 ἐκ
198 1963 290 2038 θυμοῦ
305 1959 431 2039 φιλέων,
447 1960 515 2023 ἐπεὶ
529 1959 583 2022 οὑκ
597 1957 759 2024 ἐθέλεσκες
773 1955 824 2036 ἅμ’
838 1957 924 2040 άλλην

150 2059 211 2124 αὕτ’
226 2065 259 2129 ἐς
272 2062 350 2126 δαῖτ’
365 2062 442 2126 ἰέναι
456 2060 519 2126 οὔτ’
534 2065 568 2128 ἐν
581 2061 744 2144 μεγάροισι
757 2060 926 2136 πάσασθαι,

151 2166 220 2245 πρίν
235 2167 265 2248 γ’
280 2168 332 2230 ὅτε
346 2165 383 2245 δή
399 2169 430 2229 α’
445 2163 493 2229 ἐπ’
507 2168 628 2244 ἐμοῖσιν
642 2167 702 2247 ἐγὸ
716 2164 863 2247 γούνεσσι
878 2163 1027 2228 καθίσσας

151 2271 230 2348 ὄψου
243 2268 272 2330 τ’
287 2269 396 2348 ἄσαιμι
410 2270 570 2350 προταμὺν
584 2270 635 2332 καὶ
649 2268 733 2332 οἶνον
748 2266 893 2350 ἐπισχόν.

152 2371 283 2435 πολλάκι
294 2398 348 2450 μοι
362 2371 543 2438 κατέδευσας
557 2373 609 2436 ἐπὶ
623 2371 775 2451 στήθεσσι
787 2376 903 2454 χιτῶνα
1040 2392 1090 2444 ⁴90

151 2477 231 2537 νίνου
245 2474 430 2552 ιἰποβλύζων
443 2476 478 2537 ἐν
491 2473 600 2560 νηπιέῃ
615 2476 768 2562 άλεγεινῇ.

151 2578 189 2642 ῦς
202 2578 254 2640 ἐπὶ
268 2578 320 2639 σοὶ
333 2576 418 2656 μάλα
432 2577 525 2640 πόλλ’
539 2577 654 2641 ἔπαθον
669 2579 718 2642 καὶ
733 2575 827 2642 πόλλ’
841 2578 989 2660 ἐμόγησα,

152 2683 185 2742 τά
199 2680 345 2760 φρονέων,
361 2681 380 2742 δ’
392 2675 445 2759 μοι
460 2679 495 2742 οῦ
508 2705 539 2742 τι
553 2683 619 2744 θεοὶ
632 2683 725 2763 γόνον
739 2679 908 2761 ἐξετέλειον

151 2781 185 2860 ἐξ
201 2787 281 2862 ἐμεῦ·
305 2781 388 2846 άλλά
407 2785 445 2845 σέ
459 2787 562 2855 παῖδα,
578 2788 660 2850 θεοῖς
675 2784 820 2850 ἐπιείκελ’
841 2785 998 2868 Ἀχιλλεῦ,

151 2887 302 2966 ποιεύμην,
318 2888 369 2950 ἵνα
382 2886 436 2965 μοί
448 2887 515 2949 ποτ’
531 2887 634 2950 άεικέα
647 2887 756 2970 λοιγὸν
770 2888 890 2973 άμύνῃς.
1039 2912 1088 2961 495

151 2987 229 3061 άλλ’,
245 2987 380 3072 Ἀχιλεῦ,
396 2987 534 3068 δάμασον
548 2989 643 3069 θυμὸν
657 2989 763 3073 μέμον’
783 2990 852 3053 οῦδέ
866 2990 897 3052 τί
910 3015 948 3054 σε
961 2990 1021 3072 χρὴ

150 3093 253 3169 νηλεὲς
268 3091 340 3173 ἦτορ
356 3091 449 3173 ἔχειν·
472 3094 615 3173 στρεπτοὶ
629 3092 663 3156 δέ
677 3117 711 3158 πε
726 3094 776 3157 καὶ
790 3094 855 3156 θεοὶ
869 3092 963 3164 αῦτοί,

150 3201 207 3258 νῦν
220 3221 275 3277 περ
291 3198 342 3260 καὶ
355 3196 465 3274 μείζων
479 3196 569 3277 άρενῆ
584 3195 655 3275 τιμή
669 3222 704 3262 πε
716 3198 774 3278 βίη
788 3221 832 3261 τε.

151 3301 198 3360 καὶ
211 3301 267 3376 μέυ
280 3298 350 3364 ποῦς
365 3298 491 3362 θυέεσσι
505 3300 555 3362 καὶ
570 3299 707 3385 εῦχιολῇς
721 3300 854 3384 άγανῃσι

149 3405 241 3487 λοιβῇ
257 3428 289 3466 τε
305 3404 395 3488 κνίση
409 3427 443 3467 πε
458 3403 676 3486 ποραπρωπῦσ’
690 3403 843 3485 άνθρινποι
1038 3423 1087 3474 500

149 3508 335 3586 λισσόμενοι,
349 3508 401 3570 ὅτε
416 3506 469 3571 κέν
483 3530 529 3572 τις
542 3505 681 3592 ὑπερβήῃ
696 3508 746 3571 καὶ
761 3505 886 3593 δμάρτῃ.

151 3611 198 3673 καὶ
212 3611 268 3692 γάρ
282 3637 316 3674 τε
330 3613 423 3673 Λιταί
437 3611 499 3673 είσι
516 3609 591 3676 Διὸς
606 3615 710 3690 κοῦραι
722 3609 879 3692 μεγάλοιο,

150 3718 247 3796 χωλαί
258 3739 292 3778 πε
305 3715 398 3796 ῥυσαί
412 3737 445 3777 τε
460 3712 667 3794 παραβλῦπές
680 3709 708 3776 π’
723 3712 883 3794 όφθαλμό,
