2758 4228
487 320 555 380 ΕΙΣ
578 321 820 380 ΑΠΟΛΛΩΝΑ.
1060 337 1120 403 941

175 489 297 569 ἀρκέσει
316 487 384 551 οὔτε
399 488 531 569 Χίμαιρα
546 490 725 568 δυσώνυμος,
741 488 823 554 ἀλλὰ
839 490 876 554 σέ
890 489 918 572 γ’
933 489 1024 554 αὐτοῦ
1047 501 1124 572 [ι9ο]
1207 471 1209 476 ¹

176 592 266 656 πύσει
280 597 353 674 γαῖα
366 591 494 671 μέλαινα
510 589 558 656 καὶ
573 591 708 672 ἠλέκτωρ
722 591 880 673 Ὑπερίων.

179 701 183 710 ’
212 693 276 760 Ὧς
292 695 363 776 φάτ’
378 695 586 778 ἐπευχόμενος,
599 695 654 774 τὴν
668 698 701 758 δὲ
713 695 821 761 σκότος
836 697 913 759 ὄσσε
926 696 1052 779 κάλυψε.
1072 721 1121 773 370

175 799 230 876 τὴν
245 799 270 862 δ’
287 800 376 862 αὐτοῦ
392 799 533 864 κατέπυσ’
549 801 629 879 ἱερὸν
643 798 733 880 μένος
747 799 895 862 Ἠελίοιο·

175 904 211 980 ἐξ
224 903 259 965 οῦ
274 907 326 968 νῦν
342 904 434 966 Πυθάι
451 901 652 981 κικλήσκεται,
668 905 697 966 οἱ
712 906 745 966 δὲ
761 901 875 968 άνακτα

176 1007 308 1070 Πύθειον
325 1006 485 1070 καλέουσιν
500 1006 665 1086 ἐπώνυμον,
677 1008 788 1069 ὀύυεκα
810 1010 885 1070 κεῖθι
1049 1017 1124 1090 [195]

175 1109 264 1172 αὐτοῦ
279 1115 357 1173 πῦσε
372 1109 473 1191 πέλωρ
488 1108 577 1191 μένος
593 1108 679 1188 ὀξέος
695 1109 842 1174 Ἠελίοιο.

220 1211 278 1278 Καὶ
292 1213 354 1276 τότ’
366 1211 411 1293 ἄρ’
423 1213 500 1295 έγυω
516 1209 590 1299 ιήσιν
600 1210 644 1276 ἑνὶ
660 1216 752 1292 φρεσὶ
764 1217 880 1292 Φοῖβος
888 1211 1059 1292 Ἀπόλλων,
1073 1236 1122 1289 375

175 1317 282 1382 οὕνεκά
299 1342 351 1396 μιν
367 1315 457 1398 κρήνη
474 1319 652 1396 καλλίρροος
667 1313 859 1396 ἐξαπάφησε·

176 1425 220 1500 βή
234 1421 259 1484 δ’
278 1423 328 1485 ἐπὶ
343 1419 509 1506 Τελφούσῃ
526 1418 743 1503 κοχολωμένος,
758 1419 837 1501 αἶψα
853 1417 879 1482 δ’
894 1422 987 1485 ἵκανε·

177 1527 234 1601 στή
250 1526 283 1587 δὲ
297 1523 367 1603 μάλ’
384 1522 453 1605 ἄγχ’
469 1524 558 1599 αὐτῆς
574 1525 625 1586 καί
636 1549 688 1604 μιν
703 1523 777 1604 πρὸς
790 1527 886 1602 μῦθον
900 1524 992 1588 έειπε·
1047 1533 1126 1597 [τοο]

219 1624 384 1708 Τελφοῦσ’,
399 1627 451 1689 οὐκ
467 1626 513 1707 ἄρ’
528 1627 656 1708 ἔμελλες
671 1629 742 1705 ἐμὸν
758 1624 829 1689 νόον
843 1625 1044 1709 ἐξαπαφοῦσα
1062 1619 1065 1624 ’

175 1738 275 1814 χῶρον
290 1728 393 1812 έχουσ’
407 1730 513 1811 ἐρατὸν
528 1730 666 1810 προρέειν
682 1731 864 1810 καλλίρροον
878 1731 965 1812 ὕδωρ.
1071 1744 1123 1806 380

176 1835 281 1900 ἐνθάδε
297 1835 332 1913 δὴ
350 1831 398 1897 καί
414 1833 486 1910 έμδν
502 1831 591 1898 κλέος
607 1833 743 1910 ἔσσεται,
763 1832 832 1895 οὐδὲ
847 1832 906 1896 σὸν
921 1836 994 1911 οίης.

216 1935 261 1999 Ἠ
277 1939 326 2001 καὶ
342 1938 391 2001 ἐπὶ
406 1937 472 2018 ῥίον
486 1933 567 2000 ἀσεν
583 1934 662 2014 άυαξ
674 1933 817 2016 ἑκάεργος
829 1934 994 1998 Ἀπόλλων

176 2041 302 2128 πέτρῃσι
317 2043 514 2129 προχυτῇσιν,
531 2038 706 2120 ἀπέκρυψεν
720 2041 752 2104 δὲ
765 2037 884 2120 ῥέεθρα,
1049 2037 1124 2113 [265]

176 2143 225 2208 καὶ
240 2151 347 2224 βωμὸν
361 2141 500 2224 ποιήσατ’
515 2145 549 2208 έν
564 2143 656 2208 όλσεϊ
670 2141 840 2222 δενδρήεντι

175 2249 248 2332 ἄγχι
263 2247 347 2326 μάλα
363 2245 470 2328 κρήνης
486 2248 678 2328 καλλιρρόου·
704 2245 777 2309 ἔνθα
792 2243 818 2310 δ’
835 2245 941 2310 ἄνακτι
1073 2259 1121 2320 3⁸5

175 2351 286 2419 πάντες
303 2353 462 2430 ἐπίκλησιν
477 2351 661 2436 Τελφουσίῳ
678 2350 887 2432 εὐχετόωνται,

176 2459 283 2520 οὕνεκα
297 2455 481 2537 Τελφούσης
497 2457 579 2536 ίερῆς
593 2454 709 2540 ᾔσχυνε
723 2454 840 2535 ῥέεθρα.
862 2485 864 2492 ·

220 2561 278 2624 Καὶ
294 2561 362 2624 τότε
376 2561 412 2638 δὴ
432 2558 506 2622 κατὰ
522 2557 616 2638 θυμόν
630 2557 778 2639 ἐφράζετο
793 2559 912 2636 Φοῖβος
926 2553 1090 2620 Ἀπόλλων

175 2666 225 2730 ούς
239 2689 323 2730 τινας
339 2662 511 2742 ἀνθρώπους
528 2663 668 2743 ἀργίονας
684 2660 887 2742 εἰσαγάγοιτο,
1049 2668 1123 2734 [ιιι]

176 2767 204 2831 οδ
220 2768 456 2850 θεραπεύσονται
473 2769 571 2828 Πυθοῖ
584 2765 628 2830 ἔνι
644 2763 827 2849 πετρηέσσῃ·
1072 2790 1123 2844 390

175 2870 255 2934 ταῦτ’
272 2870 328 2950 ἄρα
344 2870 492 2952 ὁρμαίνων
507 2867 608 2947 ένάησ’
625 2866 675 2932 ἐπὶ
690 2870 789 2931 οἴνοπι
804 2868 904 2952 πόυτιρ

175 2980 231 3054 νῆα
247 2974 330 3051 θοήν·
353 2976 386 3038 έν
401 2973 426 3036 δ’
441 2972 547 3053 ἀνδρες
562 2973 637 3038 έσαν
652 2971 761 3037 πολέες
776 2995 809 3034 τε
825 2968 874 3034 καὶ
890 2971 1007 3048 ἐσθλοί,

176 3083 290 3161 Κρῆτες
305 3078 365 3141 ἀπὸ
381 3079 506 3143 Κνωσοῦ
526 3074 671 3156 Μινωίου,
687 3077 718 3138 οἵ
730 3076 770 3158 ῥά
784 3072 809 3138 τ’
825 3074 930 3137 ἄνακτι
1049 3083 1124 3150 [215]

176 3182 241 3264 ἱερά
255 3207 288 3246 τε
302 3181 424 3263 ῥέξουσι
441 3177 489 3245 καὶ
505 3180 694 3262 ἀγγέλλουσι
710 3181 854 3260 θέμιστας

176 3289 295 3367 Φοίβου
308 3285 507 3349 ’Λπόλλωνος
521 3283 701 3366 χρυσαόρου,
718 3286 782 3345 ὄττι
799 3306 850 3345 κεν
865 3285 935 3368 είπῃ
1073 3308 1123 3362 395

209 3498 254 3551 371
281 3485 364 3549 ’ίμερον
380 3486 468 3544 codd.;
488 3500 549 3536 corr.
568 3484 669 3534 Martia.
747 3493 794 3547 373
811 3481 895 3534 πύθιαν
912 3481 1004 3542 codd.;
1027 3481 1124 3530 πύθειον

175 3573 202 3614 ut
211 3563 321 3626 δέλφειος
331 3562 396 3628 49⁶³
413 3563 456 3613 sed
468 3563 609 3614 huiusmodi
620 3561 721 3610 nomina
731 3562 824 3610 incerta
836 3561 920 3610 omnia
931 3567 996 3610 sunt.
1075 3559 1123 3620 380

175 3637 290 3703 προχέειν
301 3639 392 3688 Barna
405 3646 432 3688 ut
445 3651 502 3703 241.
567 3650 614 3700 392
627 3633 736 3696 ήμαθόην
747 3634 821 3684 codd.
832 3649 839 3693 ς
863 3649 925 3684 corr.
937 3650 1004 3683 man.
1016 3648 1064 3682 rec.
1076 3635 1105 3681 M
1117 3649 1123 3691 ;

176 3715 454 3782 margor‚Demetrius.
521 3729 570 3780 394
584 3711 904 3777 ρίξοναιραιειετΕοοάά.
940 3709 1089 3775 ἀγγελέουσι
1097 3727 1123 3775 p.
