2908 4232
264 365 329 430 492
582 363 631 423 24.
660 348 831 410 ΙΛΙΑΔΟΣ
854 351 894 411 Ω.

264 515 373 596 δεξιόν,
390 518 470 599 όφρα
484 544 538 597 μιν
552 517 641 585 αὐτὸς
656 519 690 583 ἔν
704 519 895 600 ὀφθαλμοῖσι
910 519 1025 597 νοήσας

264 621 304 705 τῷ
321 621 447 687 πίσυνος
463 621 513 685 ἐπὶ
529 625 602 700 νῆας
617 624 653 685 ἵω
670 627 800 688 Δαναῶν
814 622 1030 706 ταχυπόλων.”

303 722 366 790 Ὣς
382 724 468 805 ἔφατ’
485 725 657 808 εὐχόμενος,
672 730 724 789 τοῦ
740 724 765 788 δ’
782 725 870 789 ἔκλυε
884 727 1010 805 μητίετα
1025 728 1110 798 Ζεύς.

264 827 368 891 αὐτίκα
384 824 408 891 δ’
425 830 526 892 αἰετὸν
540 827 604 907 ήκε,
621 828 813 892 τελειότατον
827 835 988 908 πετεηνῶν,
1164 858 1192 906 ³¹
1198 857 1211 907 5

262 931 399 1012 μόρφνον
414 929 563 1013 θηρητῆρ’,
581 931 615 996 δν
632 934 681 996 καὶ
697 931 825 1013 περκνὸν
841 931 1013 997 καλέουσιν.

263 1035 344 1112 ὅσση
361 1032 385 1099 δ’
401 1037 575 1117 ὑψορόφοιο
590 1035 663 1116 θύρη
680 1033 829 1114 θαλάμοιο
845 1035 982 1100 τέτυκται

264 1136 368 1219 ἀνέρος
384 1139 530 1220 ἀφνειοῖο,
547 1137 580 1203 ἐὺ
597 1134 698 1219 κληῖσ’
715 1140 851 1221 ἀραρυῖα,

263 1242 351 1305 τόσσ’
367 1243 425 1322 ἄρα
438 1249 491 1308 τοῦ
507 1243 666 1326 ἑκάτερθεν
682 1244 757 1308 ἔσαν
772 1241 876 1323 πτερά·
900 1247 1005 1308 εἵσατο
1021 1243 1054 1308 δέ
1068 1253 1127 1326 σφι

263 1341 360 1422 δεξιὸς
376 1343 462 1424 ἀίξας
476 1350 525 1411 διὰ
539 1345 655 1411 ἄστεος·
678 1346 708 1408 οῖ
723 1346 755 1409 δὲ
770 1347 882 1413 ἰδόντες
1164 1371 1212 1422 320

262 1447 410 1530 γήθησαν,
426 1448 474 1514 καί
489 1455 587 1514 πῶσιν
601 1451 646 1515 ἐνὶ
662 1449 756 1533 φρεσί
771 1449 863 1529 θυμὸς
879 1449 976 1531 ἰάνθη.

305 1554 516 1635 Σπερχόμενος
532 1553 557 1617 δ’
575 1555 727 1637 δγεραιδς
741 1558 792 1618 ἑοῦ
807 1552 979 1635 ἐπεβήσετο
996 1554 1113 1636 δίφρου,

264 1659 296 1719 ἐκ
311 1654 336 1718 δ’
353 1656 448 1720 ἔλασε
463 1658 623 1738 προθύροιο
639 1659 688 1722 καὶ
704 1659 849 1738 αἰθούσης
864 1658 1030 1740 ἐριδούπου.

263 1759 379 1840 πρόσθε
392 1760 448 1837 μὲν
462 1759 581 1840 ἡμίονοι
597 1761 688 1826 ἔλκον
704 1759 904 1843 τετράκυκλον
918 1760 1044 1840 ἀπήνην,

262 1866 316 1928 τὰς
331 1862 440 1930 Ἰδαῖος
456 1864 563 1929 ἔλαυνε
579 1863 722 1947 δαίφριον·
747 1864 840 1946 αὐτὰρ
855 1867 983 1929 όπισθεν
1164 1891 1193 1939 3²
1197 1893 1210 1940 5

262 1969 360 2039 ἰπποι,
377 1966 444 2034 τοὺς
460 1970 477 2032 ό
491 1967 588 2051 γέρων
603 1967 726 2051 ἐφέπων
739 1967 866 2051 μάστιγι
882 1967 987 2032 κέλευε

264 2071 457 2151 καρπαλίμως
473 2075 548 2136 κατὰ
562 2073 648 2136 ἄστυ
672 2078 760 2154 φίλοι
776 2071 801 2136 δ’
818 2071 879 2152 ἄμα
894 2070 1004 2137 πάντες
1022 2072 1131 2136 ἔτοντο

262 2174 354 2237 πόλλ’
370 2175 590 2256 ὀλοφυρόμενοι
606 2175 645 2241 ὣς
662 2178 689 2239 εἰ
704 2174 867 2239 θάνατόνδε
882 2174 994 2237 κιόντα

263 2280 292 2340 οἱ
308 2277 333 2341 δ’
351 2279 417 2342 ἐπεὶ
433 2277 485 2342 οὖν
501 2279 610 2343 πόλιος
626 2275 767 2355 κατέβαν,
783 2273 929 2340 πεδίονδ’
945 2275 1100 2356 ἀφίκοντο,

263 2383 292 2442 οἱ
307 2383 362 2459 μὲν
377 2377 423 2462 ἄρ’
439 2381 570 2462 ἄψορροι
585 2380 673 2461 προτὶ
684 2378 783 2442 Ἴλιον
799 2378 973 2451 ἀπονέοντο,
1162 2407 1211 2455 330

263 2487 368 2548 παῖδες
385 2483 434 2546 καὶ
449 2483 593 2564 γαμβροί,
608 2483 649 2545 τὸ
669 2480 693 2546 δ’
712 2481 747 2544 οὗ
761 2480 859 2544 λάθον
875 2481 1004 2562 εὐρύοπα
1020 2483 1081 2557 Ζήν

263 2586 295 2651 ἔς
309 2586 412 2649 πεδίον
426 2584 624 2667 προφανέντε·
648 2586 719 2650 ἰδὼν
733 2585 758 2648 δ’
775 2584 886 2664 ἐλέησε
900 2583 1037 2668 γέροντα,

263 2689 343 2771 αἶψα
358 2686 385 2753 δ’
400 2688 446 2771 ἄρ’
461 2689 611 2772 Ἑρμείαν,
627 2688 693 2753 υἰδυ
708 2689 811 2769 φίλον,
827 2689 929 2752 ἀντίον
944 2689 1028 2768 ηὔδα·

265 2801 281 2829 “
292 2792 425 2876 Ἑρμεία,
443 2794 493 2858 σοί
506 2791 565 2875 γάρ
580 2818 613 2856 τε
626 2791 763 2872 μάλιπᾶ
777 2818 814 2875 γε
829 2793 982 2873 φίλτατόν
997 2795 1081 2856 ἔστιν

264 2899 348 2980 ἀνδρὶ
367 2899 545 2979 ἑταιρίσσαι,
562 2899 613 2961 καί
626 2893 654 2959 τ’
671 2895 776 2962 ἔκλυες
792 2892 814 2980 ᾧ
832 2892 858 2959 κ’
874 2894 1037 2982 ἐθέλῃσθα,
1162 2924 1210 2972 335

263 3001 356 3082 βάσκ’
373 3006 426 3076 ἵθι,
442 3003 491 3066 καὶ
506 3003 645 3085 Πρίαμον
660 3000 765 3066 κοίλας
780 3000 831 3064 ἔπί
847 3004 920 3080 νῆας
938 3000 1071 3081 Ἀχαιῶν

264 3106 304 3172 ῶς
318 3102 415 3189 ἄγαγ’,
433 3105 472 3172 ὡς
486 3102 555 3185 μήτ’
570 3105 607 3188 ἀρ
622 3130 667 3170 τις
681 3107 731 3189 ἴδη
744 3100 813 3183 μήτ’
829 3103 866 3185 ἄρ
881 3128 915 3167 τε
930 3099 1025 3189 νοήσῃ

263 3210 442 3276 τῶνᾶλλων
458 3215 595 3286 Δαναῶν,
611 3209 681 3292 πρὶν
699 3206 888 3288 Πηλεῖωνᾶδ
905 3204 1052 3270 ἰκέσθαι.”

300 3311 363 3379 Ὣς
379 3311 475 3396 ἔφατ’,
493 3311 556 3378 οὐδ’
572 3313 703 3394 ἀπίθησε
718 3312 874 3393 διάκτορος
890 3309 1116 3394 Ἀργειφόντης.

263 3414 357 3481 αὐτίκ’
374 3417 467 3482 ἔπειθ’
482 3419 541 3481 ὑπὸ
557 3416 674 3482 ποσσὶν
687 3416 818 3495 ἐδήσατο
836 3414 914 3480 καλὰ
929 3414 1040 3478 πέδιλα
1164 3439 1213 3489 340

264 3522 420 3604 ἀμβρόσια
433 3521 570 3604 χρύσεια,
587 3519 624 3584 τά
637 3547 690 3603 μιν
705 3520 801 3603 φέρον
816 3521 890 3600 ἠμὲν
908 3515 958 3599 ἔφ’
973 3519 1068 3601 ὑγρὴν

264 3624 308 3706 ἠδ’
326 3625 371 3690 ἔπ’
387 3625 532 3705 ἀπείρονα
546 3630 636 3709 γαῖαν
651 3625 713 3704 ἅμα
727 3624 833 3709 πνοιῇς
851 3620 983 3699 ἀνέμοιο·

265 3733 364 3796 είλετο
380 3731 412 3798 δὲ
426 3727 552 3814 ῥάβδου,
567 3731 603 3814 τῇ
620 3727 644 3792 τ’
662 3729 777 3809 ἀνδρῶν
793 3727 910 3807 ὄμματα
925 3725 1030 3809 θέλγει
