2788 4230
484 318 533 380 16.
553 321 787 382 οΔςΣυκιιΣ
818 323 857 382 ιι.
1079 320 1140 402 765

191 489 326 568 ὄψεσθαι
342 487 472 569 ἐφάμην,
490 487 556 554 ἐπεὶ
576 487 722 576 ᾤχεονηδ
736 491 886 555 Πύλονδε.

190 591 261 653 ἀλλ’
276 591 332 674 άγε
348 595 400 656 νῦν
416 596 548 670 εἴσελθε,
564 597 660 676 φίλον
677 594 775 672 τέκος,
789 597 871 675 ὄφρα
886 620 923 658 σε
939 596 1019 680 θυμῷ
1109 623 1139 670 ²5

190 691 340 774 τέρψομαι
356 697 502 778 εἰσορόων
516 696 586 761 νέον
600 698 735 760 ἄλλοθεν
751 698 838 762 ἔνδον
854 697 949 761 ἐόντα.

189 797 223 860 οὑ
237 800 291 877 μὲν
305 800 363 881 γάρ
379 825 407 862 τι
423 800 491 880 θάμ’
511 803 603 884 άγρὺν
618 801 761 885 ἐπέρχεαι
776 801 843 865 οὐδὲ
859 804 979 879 νομῆας,

190 901 260 964 ἀλλ’
277 903 472 982 ἐπιδημεύεις·
497 906 536 973 ὣς
551 905 609 987 γάρ
625 905 661 968 νύ
675 930 722 968 τοι
737 904 823 969 εύαδε
839 905 929 988 θυμῷ,

190 1005 304 1086 άνδρῶν
319 1006 498 1088 μνηστήρων
514 1010 625 1089 ἐσορᾶυ
644 1009 771 1087 άίδηλον
787 1005 922 1089 ὅμιλον.”

232 1107 295 1173 Τὸν
313 1110 338 1173 δ’
354 1110 390 1172 αὑ
405 1111 586 1197 Τηλέμαχος
601 1111 788 1194 πεπνυμένος
803 1113 908 1177 ὀντίον
921 1111 1006 1191 ηὑδα·
1106 1138 1139 1186 30

189 1217 205 1244 “
218 1213 343 1278 ἔσσεται
358 1216 459 1294 οὑτως,
474 1216 557 1280 άττα·
582 1217 672 1283 σέθεν
687 1217 713 1282 δ’
731 1217 808 1283 ἔνεικ’
824 1217 922 1282 ἐνθάδ’
940 1214 1042 1294 ἱκάνω,

189 1318 270 1397 ὄφρα
286 1317 323 1381 σέ
340 1318 366 1378 τ’
381 1319 591 1400 ὀφθαλμοῖσιν
605 1321 659 1385 ίδω
675 1323 725 1386 καὶ
739 1326 833 1402 μῦθον
849 1319 978 1396 ἀκούσω,

188 1419 208 1498 ή
221 1446 273 1500 μοι
290 1421 330 1486 ἔτ’
346 1423 379 1487 ἐν
392 1422 533 1506 μεγάροις
548 1424 645 1507 μήτηρ
659 1425 753 1504 μένει,
765 1422 800 1502 ῆέ
813 1450 858 1491 τις
873 1423 929 1504 ήδη

189 1523 304 1602 ἀνδρῶν
319 1522 416 1591 ἄλλος
430 1526 549 1608 ἔγημεν,
565 1526 736 1607 Ὀδυσσῆος
751 1525 785 1591 δέ
800 1551 858 1590 που
874 1526 943 1605 εὑνῆ

188 1623 277 1707 χήτει
291 1627 451 1691 ἐνευναίων
466 1627 531 1692 κάκ’
545 1629 674 1711 ἀράχνια
690 1636 785 1696 κεῖται
801 1626 946 1714 ἔχουσα.”
1107 1655 1138 1704 35

233 1728 296 1794 Τὸν
310 1729 336 1793 δ’
352 1730 423 1795 αὑτε
438 1731 602 1813 προσέειπε
618 1735 767 1813 συβώτης,
784 1736 916 1816 ὄρχαμος
931 1733 1056 1813 ἀνδρῶν·

190 1839 211 1868 “
224 1834 273 1896 καὶ
288 1834 358 1911 λίην
374 1835 454 1912 κείνη
470 1860 506 1917 γε
521 1834 601 1916 μένει
618 1837 756 1915 τετληότι
772 1836 854 1920 θυμῷ

190 1942 294 2002 ’σοῖσιν
309 1939 353 2003 ἐνὶ
367 1937 554 2020 μεγάροισιν·
578 1940 692 2021 ὀϊζυραὶ
707 1941 740 2005 δέ
752 1943 780 2003 οἱ
797 1941 855 2004 alet

134 2081 145 2094 ι
189 2043 353 2122 φθίνουσιν
368 2041 471 2107 νύκτες
485 2067 519 2106 τε
534 2043 584 2106 καὶ
599 2041 696 2123 ἤματα
711 2042 801 2124 δάκρυ
815 2039 959 2129 χεούσῃ.”

227 2141 290 2210 Ὣς
305 2143 363 2224 ἄρα
378 2143 525 2223 φωνήσας
540 2147 569 2208 οἱ
584 2144 708 2224 ἐδέξατο
724 2148 856 2229 χάλκεον
871 2148 970 2228 ἔγχος·
1105 2175 1139 2222 40

190 2245 282 2328 αὐτὰρ
298 2247 359 2330 ὅγ’
375 2248 447 2312 εἴσω
463 2251 507 2312 ἴεν
524 2245 572 2312 καὶ
587 2250 703 2330 ὑπέρβη
719 2250 825 2314 λάϊνον
840 2249 936 2315 ούδόν.

191 2352 230 2435 τῷ
247 2351 272 2414 δ’
289 2351 375 2432 ἕδρης
391 2352 506 2415 ἐπιόντι
521 2353 619 2432 πατὴρ
634 2351 775 2432 ὑπόειξεν
785 2352 963 2420 Ὀδυσσεύς·

190 2453 370 2539 Τηλέμαχος
386 2455 412 2519 δ’
427 2455 571 2537 ἑτέρωθεν
586 2454 689 2536 ἐρήτυε
704 2458 849 2536 φύνησέν
862 2475 906 2521 τε·

191 2563 209 2592 “
220 2557 288 2636 ῆσο,
305 2558 392 2638 ξεῖν’·
415 2557 502 2638 ἡμεῖς
518 2563 551 2623 δὲ
567 2561 616 2623 καὶ
632 2560 742 2624 άλλοθι
758 2558 867 2642 δήομεν
883 2560 973 2642 ἔδρην

191 2664 314 2745 σταθμῷ
331 2664 363 2726 ἐν
378 2661 521 2748 ἡμετέριρ·
548 2666 628 2743 παρὰ
643 2663 669 2734 δ’
684 2663 758 2745 άνῆρ
773 2663 807 2730 δς
822 2661 1017 2743 καταθήσει.”
1106 2691 1138 2740 45

227 2763 291 2831 Ὣς
307 2763 389 2846 φάθ’,
402 2768 418 2829 ὑ
433 2767 459 2830 δ’
475 2766 556 2833 αὖτις
572 2768 626 2831 ίιδν
642 2767 704 2831 κατ’
715 2767 761 2849 ἄρ’
775 2768 867 2846 ἔζετο·
891 2770 932 2853 τῷ
948 2771 981 2831 δέ
998 2767 1139 2846 συβώτης

190 2873 278 2951 χεῦεν
291 2870 350 2932 ὑπο
366 2869 487 2953 χλωρὰς
500 2873 602 2952 ῥῶπας
618 2873 668 2937 καὶ
683 2878 761 2938 κῶας
776 2873 914 2953 ὕπερθεν·

191 2973 264 3036 ἔνθα
279 2973 409 3051 καθέζετ’
427 2974 531 3038 ἔπειτα
545 2974 716 3054 Ὀδυσσῆος
732 2975 826 3055 φίλας
842 2975 915 3040 υἱός.

190 3082 289 3144 τοῖσιν
303 3078 328 3142 δ’
344 3078 381 3141 αὑ
397 3084 502 3160 κρειῶν
516 3080 643 3146 πίνακας
658 3083 808 3160 παρέθηκε
823 3080 964 3160 συβάτης

191 3180 357 3259 ὀπταλέων,
373 3181 445 3266 άρα
463 3183 499 3271 τῇ
517 3184 646 3269 προτέρη
664 3182 831 3248 ὑπέλειπον
846 3184 974 3261 ἔδοντες,
1107 3213 1139 3259 50

191 3289 277 3348 σῖτον
292 3284 318 3348 δ’
330 3285 504 3366 ἐσσυμένως
520 3285 701 3367 παρενήνεεν
716 3289 749 3351 ἐν
765 3287 928 3365 κανέοισιν,

192 3388 224 3452 ἐν
239 3387 263 3451 δ’
279 3387 338 3468 άρα
353 3391 502 3475 κισσυβίῳ
519 3390 603 3470 κίρνη
618 3389 764 3470 μελιηδέα
779 3391 889 3457 οἶνον·“

190 3490 278 3556 αὐτὸς
297 3490 323 3555 δ’
338 3492 441 3556 ὀντίον
456 3494 519 3571 ἷζεν
533 3491 702 3569 Ὀδυσσῆος
717 3495 822 3560 θείοιο.

191 3596 220 3659 οἱ
235 3593 262 3658 δ’
277 3593 325 3658 ἐπ’
340 3595 451 3660 ὀνείαθ’
468 3600 570 3677 ἑτοῖμα
586 3598 765 3678 προκείμενα
780 3603 883 3682 χεῖρας
897 3599 1015 3666 ἴαλλον.

192 3699 284 3781 αὐτὰρ
300 3699 367 3764 ἐπεὶ
382 3699 488 3767 πόσιος
505 3696 553 3764 καὶ
569 3700 690 3781 ἐδητύος
705 3698 742 3782 ἐξ
756 3700 825 3784 ἔρον
840 3702 916 3784 ἐντο,
1107 3728 1138 3778 55
