2834 4234
253 299 317 365 662
545 313 594 362 το.
617 297 853 360 omnm
875 297 911 358 K.

253 469 342 553 ἐγγύς
357 467 414 552 γάρ
432 468 535 535 νυκτός
552 492 584 532 τε
600 469 650 532 καὶ
661 466 774 548 ἤματός
789 469 851 532 εἰσι
867 466 1011 531 κέλευθοι.
1118 501 1123 508 ·

254 573 315 638 ἐνθ’
333 570 398 637 ἐπεὶ
414 578 446 638 ἐς
460 571 569 651 λιμένα
586 577 695 636 κλυτὸν
710 570 850 650 ἤλθομεν,
866 570 902 635 δν
916 568 985 652 πέρι
1000 567 1093 651 πέτρη

254 677 401 756 ἠλίβατος
416 675 560 756 τετύχηκε
576 678 736 756 διαμπερὲς
752 673 973 756 ἀμφοτέρωθεν,

253 781 341 843 ἀκταὶ
359 783 391 843 δὲ
408 780 580 860 προβλῆτες
594 775 726 842 ἐναντίαι
743 775 919 862 ἀλλήλῃσιν

253 889 286 947 ἐν
302 884 427 964 στόματι
442 881 636 964 προύχουσιν,
651 881 739 962 ἀραιὴ
756 880 780 943 δ’
798 880 916 946 εἴσοδός
932 886 1026 957 ἐστιν,
1167 908 1201 957 90

254 982 315 1046 ἐνθ’
331 983 362 1045 οί
376 980 404 1064 γ’
421 981 494 1045 είσιυ
509 978 620 1046 πάντες
636 979 708 1064 έχον
725 979 795 1046 νέας
810 979 1030 1059 ἀμφιελίσσας.

254 1088 285 1148 αἱ
300 1086 355 1165 μὲν
372 1083 416 1168 ἀρ’
434 1085 578 1149 ἔντοσθεν
593 1082 717 1162 λιμένος
733 1085 849 1146 κοίλοιο
864 1084 983 1148 δέδεντο
1008 1137 1010 1146 .

253 1189 392 1267 πλησίαι·
416 1187 449 1251 οὗ
465 1189 520 1266 μέυ
536 1185 594 1268 γάρ
610 1185 676 1250 ποτ’
692 1185 795 1264 ἀέξετο
812 1186 888 1264 κῦμά
902 1186 930 1268 γ’
947 1191 979 1250 ἐν
994 1186 1081 1270 αὐτῷ,

254 1292 321 1355 ούτε
336 1290 402 1373 μέγ’
418 1290 478 1355 οὔτ’
494 1291 609 1372 ὀλίγον,
624 1291 715 1366 λευκή
731 1288 756 1353 δ’
773 1289 809 1369 ήν
825 1291 904 1370 ἀμφὶ
920 1286 1046 1371 γαλήνη.

253 1394 345 1478 αὐτὰρ
359 1396 436 1477 ἐγὼν
452 1395 515 1460 οἶος
530 1395 643 1476 σχέθον
662 1392 719 1473 ἔξω
735 1395 790 1470 νῆα
804 1396 959 1473 μέλαιναν,
1167 1419 1199 1470 95

252 1498 343 1563 αὐτοῦ
358 1497 403 1562 ἐπ’
421 1499 556 1584 ἐσχατιῇ,
572 1498 681 1578 πέτρης
697 1503 730 1561 ἐκ
744 1497 898 1575 πείσματα
913 1494 1016 1575 δήσας·

254 1605 347 1680 ἔστην
364 1605 396 1664 δέ
411 1602 542 1679 σκοπιὴν
557 1607 587 1667 ἐς
604 1602 839 1666 παιπαλόεσσαν
855 1602 999 1664 ἀνελθών.

253 1707 325 1770 ἔνθα
340 1709 395 1784 μὲν
411 1705 478 1768 οὔτε
496 1711 581 1784 βοῶν
596 1703 657 1768 οὔτ’
673 1706 787 1786 ἀνδρῶν
802 1704 930 1786 φαίνετο
946 1705 1027 1788 ἔργα,

254 1809 368 1874 καπνὸν
384 1807 408 1872 δ’
426 1808 491 1875 οἶον
507 1811 621 1892 ὁρῶμεν
636 1809 695 1872 ἀπὸ
710 1808 820 1892 χθονὸς
835 1807 990 1874 ἀίσσοντα.

253 1915 289 1992 δὴ
306 1912 367 1977 τότ’
385 1915 461 1995 ἐγὼν
479 1912 600 1996 ἑτάρους
615 1910 730 1994 προΐειν
747 1912 910 1976 πεύθεσθαι
926 1912 1025 1979 ἐόντας
1153 1938 1201 1974 τοο

254 2019 285 2081 σί
298 2042 377 2083 τινες
393 2015 495 2098 ἀνέρες
511 2016 571 2081 εἶεν
587 2013 637 2082 ἐπὶ
651 2014 740 2099 χθονὶ
756 2021 842 2082 σῖτον
859 2017 985 2093 ἔδοντες,

252 2122 342 2204 ἄνδρε
358 2122 410 2184 δύο
426 2122 536 2201 κρίνας,
551 2122 689 2203 τρίτατον
705 2118 807 2202 κήρυχ’
825 2119 874 2198 ἀμ’
890 2119 1038 2184 δπάσσας.

253 2227 283 2289 οἱ
299 2225 324 2289 δ’
341 2227 413 2288 ἴσαν
428 2223 574 2305 ἐκβάντες
588 2224 674 2303 λείην
690 2225 769 2302 ὁδόν,
784 2222 803 2310 ᾗ
820 2250 876 2305 περ
891 2222 1003 2303 ἄμαξαι

252 2328 355 2392 ἄστυδ’
372 2328 425 2408 ἀφ’
440 2329 568 2409 ἀφηλῶν
582 2325 674 2409 ὀρέων
690 2329 864 2409 καταγίνεον
879 2328 964 2405 ὕλην.

253 2433 342 2518 κούρῃ
359 2435 391 2495 δέ
407 2430 582 2511 ξύμβληντο
597 2437 655 2512 πρὸ
671 2431 780 2496 ἀστεας
796 2431 969 2517 ὑδρευούσῃ,
1152 2457 1199 2505 105

254 2534 390 2618 θυγατέρ’
407 2537 515 2621 ἰφθίμη
532 2535 754 2617 Λαιστρυγόνος
769 2534 963 2615 Ἀντιφάταο.

253 2638 271 2718 ἡ
287 2642 342 2719 μὲν
357 2638 402 2721 ἀρ’
418 2636 448 2704 ἐς
464 2637 574 2720 κρήνην
590 2638 777 2718 κατεβήσετο
794 2638 1007 2722 καλλιρέεθρον

251 2743 422 2826 Ἀρτακίην·
447 2743 531 2806 ἐνθεν
545 2741 604 2824 γὰρ
619 2743 696 2824 ύδωρ
713 2739 800 2824 προτὶ
816 2743 894 2806 ἀστυ
909 2743 1069 2825 φέρεσκον·

253 2849 282 2909 οἱ
299 2849 330 2910 δέ
346 2844 562 2928 παριστάμενοι
579 2846 805 2927 προσεφώνεον,
821 2847 854 2910 ἔκ
869 2845 895 2910 τ’
912 2845 1027 2929 ἐρέοντα

253 2950 286 3015 ὅς
303 2974 348 3015 τις
363 2949 448 3015 τῶνδ’
465 2952 509 3026 είη
526 2949 677 3028 βασιλεὺς
694 2947 742 3012 καὶ
759 2951 840 3013 οἶσιν
857 2949 997 3016 ἀνάσσοι.
1154 2977 1201 3012 110

254 3052 272 3131 ἡ
290 3055 322 3115 δέ
336 3051 408 3130 μάλ’
424 3052 529 3116 αὐτίκα
545 3052 657 3134 πατρὸς
673 3051 839 3134 ἐπέφραδεν
853 3054 1005 3135 ὑψερεφὲς
1020 3057 1071 3116 δῶ.

253 3156 282 3218 οἱ
298 3155 324 3217 δ’
342 3153 408 3219 ἐπεὶ
425 3158 570 3232 είσῆλθαν
587 3159 680 3219 κλυτά
695 3155 825 3236 δείματα,
842 3155 895 3234 τήν
913 3158 946 3219 δέ
960 3161 1087 3238 γυναῖκα

253 3258 339 3340 εὗρον
355 3259 433 3336 ὅσην
448 3259 473 3321 τ’
490 3261 575 3341 ὄρεος
591 3258 828 3341 κορυφήν,κατά
843 3261 869 3324 δ’
884 3261 1013 3341 ἔστυγον
1027 3259 1128 3339 αάτήν.

252 3362 270 3441 ἡ
287 3360 312 3425 δ’
329 3361 397 3442 αἶψ’
413 3361 448 3441 ἐξ
462 3363 573 3444 ἀγορῆς
588 3361 692 3426 έκάλει
709 3369 816 3427 κλυτὸν
832 3363 1026 3444 Ἀντιφατῆα,

253 3465 288 3529 δν
303 3465 405 3540 πόσιν,
420 3463 453 3531 δς
467 3465 503 3544 δὴ
519 3471 619 3530 τοῖσιν
634 3464 767 3544 ἐμήσατο
781 3472 893 3548 λυγρὸν
908 3467 1044 3549 ὄλεθρον.
1155 3493 1201 3544 1¹⁵

254 3568 350 3652 αὐτίχ’
369 3567 422 3633 ἕνα
437 3567 560 3651 μάρψας
577 3567 690 3651 ἑτάρων
706 3569 885 3633 ὡπλίσσατο
901 3574 1031 3636 δεῖπνον·

254 3676 294 3738 τὸ
310 3675 341 3738 δέ
359 3671 405 3736 δύ’
420 3669 542 3749 ἀίξαντε
558 3673 639 3759 φυγῇ
656 3675 706 3736 ἐπὶ
722 3675 794 3750 νῆας
811 3673 941 3753 ἱκέσθην.
