2738 4226
247 346 310 406 240
562 345 610 392 12.
637 332 807 391 ΙΛΙΑΔΟΣ
832 333 875 392 Μ.

246 495 379 576 νιφέμεν,
396 497 581 577 ἀνθρώποισι
596 500 843 578 πιφαυσκόμενος
858 497 895 562 τὰ
911 499 931 562 δ
947 503 1036 577 κῆλα·
1145 511 1195 559 280

246 597 391 678 κοιμήσας
407 596 434 663 δ’
446 599 571 680 ἀνέμους
586 600 652 683 χέει
668 602 806 682 ἔμπεδον,
824 605 905 683 ὄφρα
920 602 1043 687 καλύψῃ

245 704 373 782 ὑψηλῶν
388 702 482 784 ὀρέων
498 706 630 785 κορυφὰς
647 705 696 768 καὶ
712 705 850 785 πρώονας
865 703 973 785 ἄκρους

246 806 295 869 καὶ
313 806 401 870 πεδία
415 811 569 869 λωτεῦντα
586 807 635 869 καὶ
652 807 767 888 ἀνδρῶν
783 807 874 871 πίονα
890 807 971 889 ἔργα,

247 909 296 970 καί
309 905 335 969 τ’
351 905 401 989 ἐφ’
417 907 490 973 ἁλός
505 911 616 987 πολιῆς
633 908 756 992 κέχυται
771 909 895 990 λιμέσιν
909 935 943 975 τε
958 909 1007 974 καὶ
1025 910 1137 982 ἀκταῖς,

246 1017 323 1090 κῦμα
337 1011 371 1075 δέ
384 1036 437 1089 μιν
451 1010 650 1092 προσπλάζον
665 1012 812 1092 ἐρύκεται·
835 1011 918 1074 ἄλλο
933 1037 966 1077 τε
982 1010 1081 1076 πάντα
1147 1023 1194 1087 285

247 1116 361 1179 εἴλυται
377 1111 546 1196 καθύπερθ’,
563 1111 607 1178 ὅτ’
624 1116 771 1202 ἐπιβρίσῃ
791 1115 865 1182 Διὸς
882 1117 1007 1197 ὄμβρος·

247 1219 285 1282 ῶς
300 1223 359 1282 τῶν
375 1215 573 1296 ἀμφοτέρωσε
588 1217 670 1281 λίθοι
687 1224 829 1283 πωτῶντο
844 1219 975 1298 θαμειαί,

246 1322 277 1382 αἱ
291 1322 347 1399 μὲν
360 1317 408 1402 ἄρ’
424 1323 455 1386 ἐς
468 1323 583 1401 Τρῶας,
599 1321 631 1384 αί
646 1317 672 1384 δ’
686 1322 719 1384 ἐκ
729 1321 842 1401 Τρώων
858 1324 889 1387 ἐς
905 1318 1060 1405 Ἀχαιούς,

246 1424 456 1502 βαλλομένων·
479 1424 513 1488 τὸ
530 1428 563 1490 δὲ
579 1429 679 1507 τεῖχος
694 1425 769 1505 ύπερ
785 1429 845 1490 πῶν
861 1429 970 1492 δοῦπος
988 1425 1104 1505 ὀρώρει.

288 1525 362 1592 Οὐδ’
377 1526 415 1592 ἀν
430 1553 476 1591 πω
493 1528 560 1592 τότε
576 1553 612 1609 γε
625 1532 727 1608 Τρῶες
743 1529 792 1592 καὶ
808 1529 952 1609 φαίδιμος
963 1525 1083 1607 Ἕκτωρ
1101 1521 1103 1532 ’
1145 1549 1195 1603 ²90

246 1632 362 1714 τείχεος
377 1629 539 1712 ἐρρήξαντο
554 1631 652 1696 πύλας
668 1631 717 1694 καὶ
731 1630 844 1713 μακρὸν
860 1632 950 1714 ὀχῆα,

247 1737 273 1799 εί
287 1735 327 1814 μῆ
343 1733 391 1816 ἄρ’
407 1735 472 1802 υίδν
488 1735 539 1798 έδν
553 1733 734 1814 Σαρπηδόνα
748 1734 875 1814 μητίετα
890 1733 966 1802 Ζεὺς

246 1837 344 1918 ὦρσεν
359 1835 406 1902 ἐπ’
423 1835 598 1919 Ἀργείοισι,
615 1835 717 1900 λέονθ’
735 1837 774 1904 ῶς
788 1837 901 1918 βουσὶν
916 1835 1024 1916 έλιξιν.

247 1942 351 2006 αὐτίκα
366 1939 391 2005 δ’
408 1942 523 2004 ἀσπίδα
537 1941 593 2020 μὲν
609 1937 718 2021 πρόσθ’
735 1939 845 2024 ἔσχετο
860 1939 988 2006 πάντοσ’
1005 1939 1101 2019 ἐίσην,

247 2045 343 2125 καλῆν
358 2045 506 2129 χαλκείην
522 2041 680 2122 ἐξήλατον,
695 2040 733 2122 ῆν
747 2043 807 2126 ἄρα
820 2043 953 2128 χαλκεὺς
1146 2070 1194 2122 ²95

230 2147 371 2227 mam,
387 2149 531 2215 ἔντοσθεν
547 2150 580 2212 δὲ
596 2147 702 2226 βοείας
716 2145 800 2230 ῥάψε
816 2150 941 2227 θαμειὰς

246 2252 388 2337 χρυσείῃς
401 2249 547 2333 ῥάβδοισι
562 2247 733 2328 διηνεκέσιν
748 2250 816 2330 περὶ
834 2251 954 2315 κύκλον.

246 2355 301 2432 τῆν
315 2352 363 2435 ἄρ’
379 2354 445 2435 ὅγε
461 2352 576 2434 πρόσθε
593 2351 753 2434 σχόμενος,
770 2350 822 2416 δύο
839 2356 924 2433 δοῦρε
940 2349 1103 2432 τινάσσων,

246 2461 289 2537 βῆ
303 2456 334 2539 ῥ’
350 2458 418 2534 ίμεν
433 2456 472 2520 ὥς
488 2479 521 2518 τε
535 2452 615 2518 λέων
631 2454 839 2536 ὀρεσίτροφος,
857 2455 889 2522 ὅς
905 2453 930 2517 τ’
947 2457 1085 2536 ἐπιδευὴς

246 2559 336 2639 δηρδν
351 2559 382 2640 ἔῃ
402 2563 517 2639 κρειῶν,
533 2555 653 2620 κέλεται
669 2555 702 2621 δέ
718 2561 732 2621 ἑ
749 2557 840 2637 θυμὸς
857 2556 976 2642 ἀγήνωρ
1143 2587 1194 2635 300

245 2661 350 2740 μήλων
365 2659 548 2743 πειρήσοντα
563 2661 613 2724 καὶ
629 2661 660 2727 ἐς
675 2660 799 2726 πυκινὸν
815 2661 908 2740 δόμον
924 2664 1036 2727 ἐλθεῖν·

247 2768 345 2846 εἴπερ
359 2763 417 2847 γάρ
432 2763 461 2847 χ’
479 2763 583 2848 εύρῃσι
599 2762 667 2844 παρ’
684 2764 796 2844 αὐτόφι
811 2764 950 2846 βώτορας
965 2766 1075 2847 ἄνδρας

247 2868 303 2933 σὺν
319 2870 387 2932 κυσὶ
403 2867 451 2929 καὶ
467 2865 610 2947 δούρεσσι
625 2865 844 2948 φυλάσσοντας
859 2869 928 2950 περὶ
942 2872 1035 2947 μῆλα,

247 2971 281 3034 ού
294 2969 333 3054 ῥά
348 2969 372 3033 τ’
390 2968 548 3050 ἀπείρητος
562 2967 673 3047 μέμονε
690 2973 838 3048 σταθμοῖο
854 2972 983 3043 δίεσθαι,

247 3075 316 3138 ἀλλ’
334 3072 393 3155 ὅγ’
410 3071 454 3152 ἀρ’
470 3068 488 3150 ῆ
504 3069 619 3153 ἥρπαξε
633 3070 830 3151 μετάλμενος,
847 3074 881 3153 ήέ
898 3075 947 3138 καὶ
963 3072 1052 3138 αὐτὸς
1144 3099 1193 3150 ³05

247 3176 352 3258 ἔβλητ’
370 3177 403 3239 ἐν
417 3175 563 3257 πρώτοισι
578 3177 650 3252 θοῆς
665 3174 725 3239 ἀπὸ
739 3176 841 3258 χειρὸς
857 3177 969 3242 ἄκοντι·

247 3283 287 3346 ὥς
300 3283 339 3362 ῥα
353 3277 414 3342 τότ’
431 3279 569 3344 ἀντίθεον
584 3279 765 3359 Σαρπηδόνα
780 3280 872 3359 θυμὸς
887 3281 978 3357 ἀνῆκε

247 3387 346 3466 τεῖχος
362 3379 483 3459 ἐπαΐξαι
498 3380 548 3446 διά
562 3405 595 3448 τε
609 3378 760 3463 ῥήξασθαι
779 3380 931 3459 ἐπάλξεις.

248 3485 353 3548 αὐτίκα
367 3485 399 3547 δὲ
414 3488 550 3548 Γλαῦκον
565 3482 717 3566 προσέφη,
733 3485 813 3549 παῖδ’
830 3483 1039 3568 Ἱππολόχοιο·

249 3599 268 3624 “
278 3592 404 3659 Γλαῦκε,
420 3586 468 3665 τίη
484 3586 520 3665 δή
536 3592 590 3652 νῶϊ
605 3585 810 3666 τετιμήμεσθα
824 3585 961 3666 μάλιστα
1145 3613 1195 3661 310

249 3690 319 3777 έδρῃ
334 3715 367 3755 τε
383 3688 505 3772 κρέασίν
520 3712 552 3752 τε
571 3691 612 3752 ίδὲ
629 3691 748 3756 πλείοις
765 3687 934 3754 δεπάεσσιν
