2834 4234
272 345 335 431 738
556 361 605 420 14.
625 347 860 408 ΟΔΎΣΣΕΙΑΣ
887 345 923 408 Ξ.

270 518 301 582 ἐς
318 517 424 596 δίφρον
440 513 473 580 δέ
486 513 515 595 μ’
534 514 606 582 έσας
621 513 695 597 ἄγεν
710 516 810 580 αῖκαδε
825 514 916 596 δάκρυ
932 514 1048 596 χέοντα.
1171 528 1220 576 280

270 618 289 698 ἦ
303 618 360 698 μέν
374 645 425 699 μοι
440 617 523 698 μάλα
538 621 653 682 πολλοὶ
668 619 816 696 ἐπήϊσσον
831 620 985 704 μελίῃσιν,

271 722 383 802 ἱέμενοι
400 723 593 802 κτεῖναι-δὴ
608 722 666 805 γὰρ
683 723 857 804 κεχολώατο
875 722 989 799 λίην-

270 824 340 887 ἄλλ’
357 824 416 889 άπὸ
433 829 530 892 κεῖνος
546 825 641 906 ἔρυκε,
658 831 732 892 Διὸς
747 829 774 888 δ’
790 825 917 901 ὠπίζετο
931 829 1021 904 μῆνιν

269 927 388 1007 ξεινίου,
405 930 438 995 ὅς
453 954 486 992 τε
501 928 636 1008 μάλιστα
651 933 837 1008 νεμεσσᾶται
852 927 928 992 κακὰ
944 929 1025 1010 ἔργα.

269 1033 342 1095 ἔνθα
356 1035 411 1111 μὲν
426 1031 567 1097 ἑπτάετες
582 1030 674 1109 μένον
688 1030 801 1109 αὐτόθι,
817 1031 920 1096 πολλὰ
936 1031 961 1094 δ’
976 1031 1082 1114 ἄγειρα
1171 1045 1218 1106 ²⁸⁵

268 1136 395 1217 χρήματ’
412 1136 456 1202 ἄν’
474 1138 656 1218 Αῖηυπτίους
672 1135 791 1216 ἄνδρας·
822 1138 948 1200 δίδοσαν
959 1139 1017 1218 γὰρ
1033 1135 1173 1212 ἅπαντες.

268 1239 338 1302 ἄλλ’
355 1240 405 1303 ὅτε
421 1240 457 1319 δὴ
474 1240 582 1320 ὄγδοόν
596 1264 648 1319 μοι
664 1239 868 1319 ἐπιπλόμενον
884 1240 951 1306 ἔτος
967 1239 1052 1319 ἦλθε,

269 1345 306 1422 δὴ
322 1345 390 1406 τότε
406 1342 516 1421 Φοῖνιξ
531 1343 625 1422 ἦλθεν
641 1343 715 1422 ἀνήρ
732 1342 886 1421 ἀπατήλια
901 1345 996 1421 εἰδώς,

269 1448 407 1526 τρώκτης,
424 1446 456 1512 θς
471 1447 507 1525 δὴ
524 1445 626 1510 πολλὰ
642 1446 705 1509 κάκ’
723 1447 927 1529 ἀνθρώποισιν
942 1448 1058 1529 ἐώργει·

268 1551 301 1615 ὅς
316 1550 346 1631 μ’
362 1550 416 1632 ἄγε
433 1551 628 1631 παρπεπιθὼν
643 1548 697 1635 Ιήσι
713 1552 833 1631 φρεσίν,
850 1548 920 1632 ὄφρ’
937 1552 1083 1630 ἱκόμεσθα
1168 1577 1219 1628 ²90

269 1655 423 1730 Φοινίκην,
440 1654 489 1716 ὅθι
504 1658 556 1714 τοῦ
571 1679 607 1735 γε
623 1654 708 1732 δόμοι
724 1650 773 1716 καὶ
789 1652 911 1733 κτήματ’
927 1659 1032 1718 ἔκειτο.

268 1758 342 1822 ἔνθα
357 1754 426 1837 παρ’
441 1756 518 1840 αὐτῷ
534 1761 622 1835 μεῖνα
637 1758 825 1839 τελεσφόρον
842 1761 884 1825 είς
900 1758 1043 1823 ἐνιαυτόν.

269 1858 339 1924 ἄλλ’
355 1861 404 1924 ὅτε
420 1860 455 1936 δή
470 1862 562 1938 μῆνές
577 1886 611 1925 τε
627 1861 675 1925 καὶ
689 1861 796 1943 ἡμέραι
813 1860 1005 1940 ἐξετελεῦντο

269 1964 317 2045 ἄψ
333 1963 583 2047 περιτελλομένου
600 1965 683 2031 ἔτεος
699 1967 748 2028 καὶ
763 1964 915 2044 ἐπήλυθον
929 1969 1012 2045 ὧραι,

269 2071 300 2135 ἐς
315 2069 435 2149 Λιβύην
449 2066 479 2150 μ’
495 2070 544 2132 ἐπὶ
561 2075 630 2147 νηὸς
647 2070 778 2135 ἐέσσατο
794 2071 994 2150 ποντοπόροιο
1169 2097 1217 2146 ²95

268 2173 383 2254 ψεύδεα
398 2174 579 2253 βουλεύσας,
595 2176 646 2238 ἵνα
664 2174 693 2234 οἱ
708 2171 765 2236 σὺν
782 2174 896 2253 φόρτον
911 2172 1023 2255 ἄγοιμι,

269 2282 345 2342 κεῖθι
361 2274 437 2355 δέηί
453 2277 492 2342 ὡς
507 2275 651 2358 περάσειε
667 2278 716 2340 καὶ
732 2277 868 2342 ἄσπετον
883 2274 962 2342 ἄνον
977 2277 1085 2342 ἕλοιτο.

267 2382 308 2465 τῷ
322 2383 437 2461 ἑπόμην
453 2381 502 2444 ἐπὶ
518 2382 595 2460 νηός,
612 2380 750 2459 ὀϊόμενός
765 2405 829 2462 περ,
845 2379 970 2466 ἀνάγκῃ.

267 2483 285 2562 ή
303 2484 329 2547 δ’
345 2485 429 2548 ἔθεεν
445 2484 541 2571 Βορέῃ
557 2484 654 2574 ἀνέμῳ
671 2484 775 2566 ἀκραέῖ
791 2486 884 2569 καλῷ,

268 2585 382 2662 μέσσον
397 2589 471 2667 ὑπὲρ
487 2586 614 2668 Κρήτης·
639 2588 715 2654 Ζεὺς
730 2587 763 2652 δέ
780 2594 873 2668 σφισι
887 2586 987 2666 μήδετ’
1003 2589 1139 2669 ὄλεθρον.
1165 2613 1217 2663 300

267 2692 337 2754 ἄλλ’
355 2693 405 2755 ὅτε
420 2692 455 2770 δή
472 2691 592 2773 Κρήτην
605 2694 660 2772 μὲν
676 2694 847 2771 ἐλείπομεν,
863 2693 930 2758 οίιδέ
946 2717 991 2758 τις
1005 2691 1086 2770 ἄλλη

269 2797 393 2875 φαίνετο
409 2795 532 2878 γαιάων,
550 2793 619 2859 ἀλλ’
636 2795 760 2878 οὐρανός
775 2796 827 2875 ήδέ
845 2795 998 2870 θάλασσα,

268 2900 304 2978 δή
320 2900 387 2963 τότε
404 2898 530 2978 κυανέην
546 2898 681 2979 νεφέλην
697 2901 810 2976 ἔστησε
826 2901 961 2982 Κρονίων

267 3008 336 3082 νηὸς
353 3005 426 3084 ὕπερ
441 3006 610 3084 γλαφυρῆς,
626 3001 746 3085 ήχλνσε
762 3007 795 3068 δὲ
812 3004 921 3070 πόντος
936 3001 985 3067 ὑπ’
999 3003 1096 3080 αὐτῆς.

268 3105 343 3171 Ζεὺς
358 3107 384 3170 δ’
399 3107 504 3187 ἄμυδις
517 3108 671 3188 βρόντησε
688 3108 737 3170 καὶ
753 3107 872 3186 ἔμβαλε
888 3107 937 3185 νηὶ
952 3108 1103 3187 κεραυνόν·
1165 3137 1215 3185 305

266 3209 284 3287 ή
301 3210 327 3273 δ’
344 3211 487 3293 ἐλελίχθη
503 3215 589 3275 πῖισα
606 3215 680 3278 Διὸς
695 3215 848 3292 πληγεῖσα
864 3213 1003 3296 κεραυνῷ,

267 3317 299 3379 ἐν
315 3320 348 3380 δέ
364 3318 462 3380 θεείου
477 3319 582 3393 πλῆτο·
613 3313 706 3378 πέσον
722 3313 747 3380 δ’
763 3317 795 3378 ἐκ
811 3321 882 3395 νηδς
902 3315 1041 3382 ἄπαντες.

268 3421 297 3482 οῖ
314 3422 346 3483 δέ
362 3420 529 3506 κορώνῃσιν
543 3422 640 3484 ’ίκελοι
655 3417 724 3500 περὶ
740 3421 796 3496 νῆα
810 3419 957 3501 μέλαιναν

268 3524 395 3604 κόμασιν
411 3522 605 3605 ἐμφορέοντο·
637 3527 704 3589 θεὸς
720 3520 746 3586 δ’
762 3524 921 3587 ἀποαίνυτο
938 3525 1058 3590 νόστον.

268 3627 359 3709 αὐτὰρ
374 3629 439 3703 ἐμοὶ
456 3627 530 3693 Ζεὺς
545 3626 643 3705 αὐτός,
662 3628 765 3710 ἔχοντί
780 3652 836 3707 περ
851 3627 948 3709 ἄλγεα
964 3629 1054 3713 θυμῷ,
1165 3655 1215 3702 310

268 3731 353 3796 ἱστὸν
369 3729 570 3811 ἀμαιμάκετον
586 3730 656 3810 νηὸς
672 3728 889 3814 κυανοπρώροιο
