2728 4230
471 309 499 377 8.
525 313 693 374 ΙΛΙΑΔΟΣ
718 315 759 376 Θ.
1029 321 1089 388 145

144 482 218 569 αὐτῇ
238 508 290 550 κεν
304 481 375 567 γαίη
391 477 527 562 ἐρύσαιμ’
543 481 615 567 αὐτῇ
631 506 664 546 τε
680 479 832 568 θαλάσσῃ·

147 585 251 668 σειρὴν
264 589 321 664 μέν
335 611 387 650 κεν
403 583 507 650 ἔπειτα
521 584 590 666 περὶ
603 585 670 667 ῥίον
686 584 863 664 Οὐλύμποιο
1058 611 1087 658 ²⁵

146 690 304 768 δησαίμην,
321 690 359 751 εδ
374 685 408 751 δέ
422 685 449 750 κ’
465 686 536 752 οἵτε
549 686 680 768 μετήορα
695 687 795 752 πάντα
808 686 936 770 γένοιτο.

146 792 262 856 τόσσον
277 791 336 873 ἐγῶ
352 790 422 871 περί
435 789 460 854 τ’
478 791 538 869 εἰμὶ
553 795 631 856 θεῶν
645 791 715 872 περί
728 791 753 853 τ’
771 790 827 870 εἴμ’
844 790 1035 871 ἀνθρύπων.”

182 892 246 960 Ὣς
261 892 361 975 ἔφαθ’,
379 894 407 956 οἵ
423 889 449 958 δ’
464 892 522 975 δρα
536 891 646 960 πάντες
662 893 738 972 ἀκήν
753 891 893 975 ἐγένοντο
908 895 1008 977 σιωπῇ

144 996 239 1070 μῦθον
254 991 474 1076 ἀγασσάμενοι·
496 993 581 1073 μάλα
594 996 653 1076 γδρ
669 1000 817 1076 κρατερῶς
833 993 1007 1076 ἀγόρευσεν.
1049 1031 1050 1034 =

146 1096 205 1177 ὀψὲ
221 1098 254 1161 δὲ
270 1096 306 1176 δή
320 1094 461 1176 μετέειπε
476 1098 532 1160 θεὰ
545 1103 720 1178 γλαυκῶπις
733 1095 858 1175 Ἀθήνη·
1056 1122 1087 1168 30

146 1197 198 1262 “ῶ
213 1197 307 1280 πθτερ
321 1198 448 1281 ἡμέτερε
463 1200 601 1281 Κρονίδη,
620 1200 715 1264 ύπατε
730 1200 899 1282 κρειόντων,

146 1300 178 1364 εὖ
193 1327 228 1367 νυ
243 1303 292 1365 καὶ
307 1300 394 1380 ἡμεῖς
409 1304 494 1380 ίδμεν
510 1302 527 1363 ὅ
541 1327 589 1366 τοι
605 1301 712 1368 σθένος
728 1302 780 1366 οὐκ
797 1301 957 1368 ἐπιεικτόν·

146 1404 215 1468 ἀλλ’
230 1406 326 1485 ἔμπης
341 1410 471 1472 Δαναῶν
485 1402 688 1486 ὀλοφυρόμεθ’
704 1403 888 1488 αἰχμητάων,

145 1512 175 1572 οἵ
189 1533 241 1574 κεν
255 1507 292 1587 δή
308 1505 400 1572 κακόν
414 1507 497 1572 οἶτον
512 1504 743 1585 ἀναπλήσαντες
758 1508 899 1572 ὄλωνται.

145 1608 214 1674 ἀλλ’
230 1609 249 1689 ή
263 1635 310 1674 τοι
325 1608 460 1688 πολέμου
472 1611 529 1690 μὲν
544 1606 719 1691 ἀφεξόμεθ’,
736 1609 776 1676 ὦς
792 1609 831 1673 σὺ
846 1610 989 1676 κελεύεις·
1054 1637 1085 1684 35

143 1713 262 1792 βουλήν
277 1711 304 1777 δ’
318 1711 467 1795 Ἀργείοις
481 1710 695 1792 ὑποθησόμεθ’,
711 1712 731 1792 ή
745 1737 791 1778 τις
806 1710 921 1791 ὀνήσει,

144 1817 183 1883 ὡς
196 1817 237 1896 μή
253 1815 364 1884 πάντες
378 1817 509 1880 ὄλωνται
523 1813 745 1894 ὀδυσσαμένοιο
759 1812 870 1880 τεοῖο.”

184 1919 250 1998 Τήν
264 1916 290 1983 δ’
306 1917 502 1997 ἐπιμειδήσας
516 1916 657 2000 προσέφη
674 1917 899 2002 νεφεληγερέτα
914 1919 998 1986 Ζεύς·

145 2033 164 2058 “
173 2021 289 2103 θόρσει,
304 2021 507 2104 Τριτογένεια,
522 2021 617 2102 φίλον
632 2020 727 2087 τέκος·
751 2022 786 2085 ού
801 2023 837 2088 νύ
850 2047 880 2087 τι
895 2025 977 2108 θυμῷ

143 2126 291 2207 πρόφρονι
304 2123 461 2204 μυθέομαι,
478 2122 573 2188 ἐθέλω
589 2122 623 2188 δέ
637 2149 684 2188 τοι
699 2124 788 2203 ήπιος
803 2123 908 2190 εἶναι’
1052 2152 1085 2198 40

179 2226 241 2294 Ὠς
257 2229 350 2294 εἰπὸν
364 2227 413 2292 ὑπ’
428 2229 543 2312 ὄχεσφι
558 2228 715 2292 τιτύσκετο
729 2226 897 2311 χαλκόποδ’
912 2229 1003 2302 ἵππω,

144 2331 288 2404 ὠκυπέτα,
302 2329 470 2417 χρυσέῃσιν
485 2331 638 2417 ἐθείρῃσιν
652 2330 812 2410 κομόωντε,

142 2434 256 2518 χρυσὸν
271 2438 296 2498 δ’
313 2432 401 2500 αὐτὸς
415 2434 500 2498 έδυνε
516 2435 584 2514 περὶ
598 2432 679 2517 χροῖ,
694 2433 784 2516 γέντο
799 2433 824 2498 δ’
842 2432 995 2514 ἵμθσθλην

142 2539 287 2620 χρυσείην
301 2535 449 2610 εὔτυκτον,
466 2538 517 2599 ἑοῦ,
531 2535 555 2600 δ’
573 2534 746 2616 ἐπεβήσετο
761 2538 880 2620 δίφρου,

20 2664 24 2680 ·
142 2640 287 2722 μάστιξεν
302 2639 327 2704 δ’
344 2637 448 2704 ἐλάαυ·
470 2640 512 2703 τὸ
528 2635 554 2703 δ’
570 2639 622 2704 οὒκ
639 2638 762 2705 ἀέκοντε
777 2639 930 2721 πετέσθην
1052 2671 1085 2719 45

142 2744 297 2826 μεσσηγὺς
310 2743 399 2825 γαίης
413 2767 447 2807 τε
462 2743 512 2806 καὶ
528 2742 654 2825 ούρανοῦ
669 2743 875 2825 ἀστερόεντος.

140 2848 221 2927 Ἴδην
235 2844 261 2910 δ’
277 2848 380 2911 ἵκανεν
394 2847 593 2919 πολυπίδακα,
608 2845 722 2928 μητέρα
738 2851 845 2929 θηρῶν,

142 2950 305 3032 Γάργαρον·
329 2948 402 3012 ἔνθα
417 2947 450 3011 δέ
465 2951 494 3012 οἵ
509 2947 631 3029 τέμενος
646 2950 753 3029 βωμός
767 2975 801 3014 τε
815 2947 925 3027 θυήεις.

142 3050 201 3115 ἔνθ’
216 3053 327 3116 ἵππους
342 3050 455 3128 ἐστησε
471 3050 568 3132 πατὴρ
584 3052 699 3133 ἀνδρῶν
714 3075 747 3116 τε
764 3056 842 3116 θεῶν
855 3073 890 3116 τε

141 3156 235 3220 λύσας
251 3152 287 3232 ἐξ
301 3151 409 3236 ὀχέων,
428 3155 502 3216 κατὰ
517 3153 542 3217 δ’
557 3152 631 3235 ήέρο
645 3153 761 3220 πουλὺν
776 3153 890 3236 ἔχευεν.
1051 3185 1084 3232 50

141 3257 227 3322 αὐτὸς
242 3253 270 3320 δ’
286 3257 319 3322 ἐν
333 3258 484 3341 κορυφῇσι
499 3255 640 3334 καθέζετο
655 3257 736 3321 κύδεϊ
750 3256 856 3338 γαίων,

142 3360 286 3442 εἰσορόων
300 3358 413 3439 Τρύων
427 3383 460 3423 τε
476 3359 568 3422 πόλιν
582 3359 632 3422 καὶ
646 3362 721 3438 νῆας
735 3358 877 3442 Ἀχαιῶν.
983 3421 985 3424 .

182 3465 223 3526 Οἱ
238 3457 265 3526 δ’
281 3461 339 3543 ἀρα
355 3465 476 3526 δεῖπνον
492 3461 599 3525 ἕλοντο
615 3459 688 3542 κόρη
705 3461 872 3541 κομόωντες
888 3458 1008 3546 Ἀχαιοὶ

140 3568 234 3647 ῥίμφα
250 3566 327 3630 κατὰ
343 3565 474 3638 κλισίας,
491 3564 552 3628 ἀπὸ
567 3562 593 3628 δ’
608 3564 698 3627 αὐτοῦ
714 3563 919 3647 θωρήσσοντο.

140 3673 238 3742 Τρῶες
253 3665 281 3732 δ’
297 3666 364 3731 αὖθ’
380 3665 524 3748 ἑτέρωθεν
540 3668 598 3732 ἀνὰ
613 3668 723 3734 πτόλιν
738 3668 914 3745 ὡπλίζοντο,
1050 3679 1082 3743 53
