2788 4230
260 339 322 418 854
541 356 590 405 ιι.
614 343 845 404 ommam
877 345 914 408 ψ.

257 509 439 593 Τηλεμάχου
456 510 549 592 έτάρω
565 537 598 576 τε
615 512 785 595 κασιγνήτω
800 538 833 577 τε
849 513 990 577 ἔσεσθον.

259 617 286 678 εἴ
301 612 326 678 δ’
344 613 400 693 ἄγε
415 615 450 693 δη
467 616 515 678 καὶ
532 617 614 694 σῆμα
630 616 793 699 ἀριφραδὲς
809 615 887 680 ἄλλο
902 642 930 679 τι
946 614 1046 694 δείξω,

258 720 339 800 ὄφρα
353 715 383 798 μ’
399 717 431 782 ἐιῖ
446 725 561 801 γνῶτον
576 722 766 798 πιστωθῆτόν
781 719 807 782 τ’
823 722 867 785 ἐνὶ
887 720 976 805 θυμῷ,

259 820 361 902 οὐλήν,
377 820 432 900 τήν
446 820 520 884 ποτέ
535 847 572 896 με
587 826 642 888 σῶς
656 821 755 902 ῆλασε
769 825 868 909 λευκῷ
884 824 982 888 ὀδόντι

258 921 448 1006 Παρνησόνδ’
463 927 590 990 ἐλθόντα
607 925 662 989 σὺν
677 925 780 992 υἱάσιν
796 924 1010 990 Αύτολύκοιο.”
1158 951 1209 987 220

293 1027 357 1096 Ὣς
373 1031 465 1093 εἴπῶν
479 1028 571 1112 ῥάκεα
585 1028 720 1112 μεγάλης
735 1031 921 1113 ἀποέργαθεν
938 1032 1038 1109 οὐλῆς·

256 1135 297 1198 τδι
314 1131 339 1198 δ’
355 1131 420 1198 ἐπεὶ
436 1133 586 1212 εἰσιδέτην
603 1133 635 1196 εδ
650 1131 675 1196 τ’
693 1132 888 1215 ἐφράσσαντο
903 1134 1024 1210 έκαστα,

257 1243 362 1303 κλαῖον
376 1236 421 1318 ἂρ’
437 1237 510 1317 ἀμφ’
527 1233 655 1317 Ὀδυσῆϊ
669 1235 808 1319 δαΐφρονι
824 1243 908 1322 χεῖρε
923 1238 1066 1318 βαλόντε,

258 1342 306 1405 καὶ
322 1341 424 1405 κύνεον
440 1341 661 1421 ἀγαπαζόμενοι
677 1340 863 1422 κεφαλῆντε
881 1343 929 1405 καὶ
945 1342 1053 1421 ὤμους.

257 1447 297 1510 ῶς
312 1445 337 1508 δ’
352 1444 447 1509 οὕτως
462 1443 607 1509 Ὀδυσεὺς
623 1447 759 1525 κεφαλὰς
776 1448 825 1509 καὶ
839 1450 944 1529 χεῖρας
961 1446 1085 1510 ἔκυσσε.
1156 1472 1205 1522 225

257 1549 307 1611 καί
321 1547 355 1612 νύ
372 1546 398 1611 κ’
415 1546 640 1628 ὀδυρομένοισιν
655 1547 706 1610 ἔδυ
721 1546 801 1627 φάος
817 1548 944 1627 ἠελίοιο,

255 1653 284 1715 εἴ
297 1651 337 1731 μὴ
356 1648 523 1715 Ὀδυσσεὺς
539 1649 628 1715 αὐτὸς
643 1650 764 1730 ἐρύκακε
779 1651 923 1731 φόυησέυ
939 1676 979 1715 τε·

256 1762 274 1790 “
287 1755 441 1819 παύεσθον
457 1757 618 1830 κλαυθμοῖο
633 1754 720 1836 γόοιό
734 1779 779 1832 τε,
792 1753 833 1835 μή
849 1781 893 1821 τις
908 1758 1008 1836 ἴδηται

255 1856 388 1937 ἐξελθὼν
402 1856 553 1941 μεγάροιο,
570 1855 643 1938 ἀτάρ
660 1860 765 1945 εἴπῃσι
781 1856 829 1922 καῖ
844 1859 927 1922 εἴσω.

256 1963 336 2026 ἀλλὰ
352 1965 569 2043 προμνηστῖνοι
585 1960 736 2038 ἐσέλθετε,
749 1962 815 2042 μηδ’
833 1962 894 2042 άμα
909 1962 1030 2040 πάντες,
1153 1991 1204 2040 230

255 2071 371 2146 πρῶτος
386 2066 454 2148 ἐγῶ,
469 2065 544 2144 μετὰ
560 2065 585 2129 δ’
601 2066 702 2147 ὔμμες·
727 2068 801 2148 άτδρ
817 2068 884 2131 τόδε
901 2071 984 2147 σῆμα
999 2069 1144 2151 τετύχθω·

256 2167 347 2232 ἄλλοι
360 2172 415 2248 μὲν
429 2171 487 2251 γὰρ
503 2167 621 2248 πάντες,
638 2169 706 2233 ὅσοι
720 2172 889 2250 μνηστῆρες
904 2172 1020 2250 ἀγαυοί,

255 2273 307 2337 οὐκ
323 2271 466 2336 ἐάσουσιν
482 2269 546 2350 ἐμοὶ
563 2273 685 2352 δόμεναι
700 2273 772 2353 βιὸν
787 2273 840 2352 ἠδὲ
855 2272 1014 2355 φαρέτρην·

255 2376 338 2440 ἀλλὰ
354 2377 401 2455 ού,
417 2374 458 2439 δῖ’
475 2375 598 2453 Εὔμαιε,
614 2373 717 2456 φέρων
731 2377 789 2440 άνδ
805 2378 923 2457 δόματα
939 2375 1028 2456 τόξου

254 2482 288 2544 ἐν
302 2481 461 2562 χείρεσσιν
476 2475 541 2557 ἐμοὶ
556 2479 681 2559 θέμεναι,
700 2481 796 2544 εἰπεῖν
810 2505 843 2544 τε
861 2478 980 2563 γυναιξῒ
1155 2509 1202 2560 ²35

256 2578 379 2662 κληῗσαι
393 2582 537 2663 μεγάροιο
554 2583 643 2663 θύρας
659 2590 789 2650 πυκινῶς
805 2584 954 2665 άραρυίας,

254 2685 292 2767 ἢν
307 2684 341 2750 δέ
356 2711 400 2752 τις
414 2683 432 2763 ῆ
450 2689 601 2769 στοναχῆς
617 2686 652 2765 ἠὲ
669 2687 780 2751 κτύπου
796 2687 883 2751 ἔνδον
897 2685 1010 2773 ἆκούση

254 2793 369 2873 ἀνδρῶν
382 2789 573 2873 ῆμετέροισιυ
590 2792 621 2854 ἐν
637 2790 747 2872 έρκεσι,
762 2789 802 2871 μή
819 2815 846 2853 τι
863 2792 969 2872 θύραζε

254 2894 477 2975 προβλώσκειν,
496 2891 567 2956 ἀλλ’
582 2893 671 2957 αὐτοῦ
687 2892 762 2972 ἀκὴν
781 2894 882 2973 ἔμεναι
898 2897 977 2975 παρὰ
994 2894 1082 2980 ἔργῳ.

254 2994 305 3060 σοὶ
320 2997 362 3075 δέ,
378 2999 515 3062 Φιλοίτιε
531 3003 585 3076 δῖε,
601 2998 690 3079 θύρας
709 2996 906 3076 ἐπιτέλλομαι
922 2999 1014 3074 αὐλῆς
1147 3027 1201 3077 ²40

255 3095 379 3180 κληῗσαι
395 3097 504 3180 κληῗδι,
521 3106 598 3167 θοῶς
614 3098 639 3164 δ’
655 3098 703 3164 ἐπὶ
719 3105 832 3179 δεσμὸν
848 3099 960 3178 ἴῆλαι.”

290 3201 354 3270 Ὣς
370 3205 462 3269 εἰπὼν
478 3208 604 3284 εἰσῆλθε
620 3205 727 3283 δόμους
743 3204 776 3268 εὖ
791 3205 992 3272 ναιετάοντας·

255 3309 328 3387 ἕζετ’
344 3307 436 3373 ἔπειτ’
452 3310 501 3373 ἐπὶ
517 3311 624 3391 δίφρου
641 3309 701 3387 ἰόν,
721 3307 879 3391 ἔνθενπερ
895 3310 1014 3388 ἀνέστη·

255 3416 284 3480 ἐς
300 3411 325 3476 δ’
341 3411 397 3494 ἄρα
412 3414 461 3476 καὶ
476 3413 517 3476 τῶ
534 3418 613 3492 δμῶε
627 3414 694 3491 ἴτην
709 3413 790 3478 θείου
804 3411 961 3490 Ὀδυσῆος.

297 3515 473 3599 Εὐρύμαχος
488 3513 514 3579 δ’
528 3514 583 3595 ἤδη
599 3514 689 3593 τόξου
702 3516 778 3596 μετὰ
795 3517 904 3601 χερσὶν
918 3516 1029 3595 ἐνώμα,
1149 3547 1197 3596 ²45

254 3620 378 3685 θάλπων
397 3620 468 3684 ἔνθα
485 3617 533 3682 καὶ
549 3619 620 3684 ἔνθα
636 3620 713 3705 σέλᾳ
729 3621 830 3701 πυρός·
853 3618 935 3683 ἀλλά
948 3645 1001 3701 μιν
1016 3619 1076 3685 οὐδ’
1093 3623 1133 3688 ῶς

254 3723 411 3788 ἐντανύσαι
428 3722 545 3799 δύνατο,
561 3721 638 3804 μέγα
654 3723 678 3786 δ’
697 3723 800 3788 ἔστενε
816 3722 980 3804 κυδάλιμον
995 3728 1058 3806 κῆρ·
1124 3741 1126 3748 “
