2746 4228
278 326 317 391 72
598 327 630 388 4.
654 312 826 375 ΙΛΙΑΔΟΣ
849 309 887 372 Δ.

277 477 383 561 εἰρύατ’
401 477 569 560 εύπρυμνοι,
586 482 696 557 πολιῆς
711 479 761 543 ἐπὶ
777 480 837 542 θινὶ
853 476 1020 558 θαλάσσης,

277 583 357 664 ὄφρα
371 579 446 662 ἴδητ’
463 584 496 645 αἶ
510 579 535 644 κ’
550 579 643 661 ύμμιν
658 580 796 667 ὑπέρσχῃ
810 585 899 664 χεῖρα
915 581 1050 663 Κρονίων
1061 576 1100 654 ,·”

312 684 376 751 Ὣς
390 685 459 766 ὅγε
474 683 637 766 κοιρανέων
653 686 839 749 ἐπεπωλεῖτο
856 684 965 766 στίχος
981 684 1104 763 ἀνδρῶν·
1170 709 1217 757 250

276 789 351 868 ῆλθε
366 788 392 853 δ’
408 788 457 853 ἐπὶ
473 787 629 871 Κρήτεσσι
644 788 715 852 κιδν
730 787 787 852 άνδ
803 786 936 867 οὐλαμὸν
950 787 1073 868 ἀνδρῶν.

277 895 306 956 οἶ
321 889 345 956 δ’
363 890 437 973 ἀμφ’
452 890 611 970 Ἰδομενῆα
625 889 774 972 δαΐφρονα
790 887 994 971 θωρήσσοντο·

276 992 442 1074 Ἰδομενεὺς
456 994 512 1074 μὲν
527 994 572 1058 ἐνὶ
587 992 764 1076 προμάχοις,
780 993 832 1057 συὶ
846 995 962 1058 εἴκελος
977 989 1083 1070 ἆλκῆν,

276 1098 432 1179 Μηριόνης
447 1095 473 1162 δ’
489 1097 546 1179 ἄρα
561 1098 590 1160 οἱ
605 1095 741 1175 πυμάτας
757 1096 868 1177 ὤτρυνε
882 1093 1054 1177 φάλαγγας.

276 1200 344 1267 τοὺς
358 1202 391 1264 δὲ
407 1201 479 1264 ίδδν
492 1197 627 1282 γῆθησεν
642 1197 721 1278 ἄναξ
734 1201 849 1280 ἀνδρῶν
862 1195 1064 1281 Ἀγαμέμνων,
1170 1222 1216 1271 255

276 1303 381 1367 αὐτίκα
396 1301 422 1367 δ’
438 1298 594 1381 Ἰδομενῆα
609 1303 764 1385 προσηύδα
780 1307 989 1384 μειλιχίοισιν·

276 1412 292 1438 “
303 1402 461 1486 Ἰδομενεῦ,
478 1407 546 1488 περὶ
560 1405 617 1487 μέν
632 1433 669 1472 σε
684 1407 737 1470 τίω
758 1410 886 1470 Δαναῶν
900 1403 1088 1486 ταχυπώλων

274 1508 349 1588 ῆμέν
364 1509 409 1574 ένὶ
428 1508 568 1595 πτολέμῳ
583 1507 631 1590 ἠδ’
649 1512 764 1595 ἀλλοίῳ
781 1510 830 1573 έπὶ
846 1508 921 1593 ἔργῳ

274 1609 321 1690 ἠδ’
336 1613 369 1676 έν
385 1610 473 1688 δαίθ’,
489 1614 540 1677 ότε
556 1612 611 1694 πέρ
627 1638 660 1677 τε
674 1612 834 1694 γερούσιον
851 1614 962 1676 αἴθοπα
977 1608 1059 1674 οἶνον

274 1711 422 1798 Ἀργείων
437 1717 465 1777 οί
481 1714 600 1797 ἄριστοι
616 1717 661 1780 ἐνὶ
677 1719 800 1798 κρητῆρι
815 1713 967 1795 κέρωνται.
1168 1724 1217 1774 τοο

276 1822 373 1900 εἴπερ
386 1816 445 1899 γάρ
460 1813 485 1880 τ’
502 1818 594 1882 ἄλλοι
609 1843 645 1900 γε
661 1817 735 1900 κάρη
752 1817 918 1897 κομόωντες
934 1814 1055 1901 Ἀχαιοὶ

275 1919 395 2003 δαιτρὸν
409 1921 550 1995 πίνωσιν,
566 1920 624 1986 σδν
639 1922 672 1985 δὲ
687 1925 796 1986 πλεῖον
811 1920 903 1988 δέπας
918 1923 977 1985 αἰεὶ

276 2021 392 2106 ἕστηχ’,
409 2025 449 2089 ῶς
464 2049 520 2106 περ
535 2024 612 2103 ίμοί,
628 2022 726 2088 πιέειν
742 2025 793 2089 ὅτε
808 2024 899 2103 θυμὸς
915 2025 1035 2107 άυιίγοι.

276 2126 346 2190 ἀλλ’
362 2129 452 2210 ὄρσευ
467 2125 639 2208 πόλεμόνδ’,
657 2129 720 2196 οῐος
735 2127 830 2211 πάρος
845 2129 947 2212 εύχεαι
963 2124 1070 2193 εἶναι’

316 2231 379 2295 Τδν
394 2230 418 2295 δ’
435 2231 497 2295 αὖτ’
515 2230 680 2312 Ἰδομενεὺς
696 2235 820 2314 Κρητῶν
836 2233 909 2314 άγδς
925 2232 1027 2296 ἀντίον
1041 2230 1125 2310 ηύδα·
1169 2215 1216 2305 ι’65

276 2342 294 2370 “
305 2332 451 2417 Ἀτρείδη,
465 2334 549 2416 μάλα
562 2334 618 2415 μέν
632 2359 679 2399 τοι
695 2337 773 2417 έγὼν
788 2337 905 2417 ἐρίηρος
921 2338 1036 2416 ἑταῖρος

275 2439 416 2519 ἔσσομαι,
432 2438 472 2504 ὧς
487 2438 521 2502 τὸ
537 2443 654 2520 πρῶτον
668 2437 803 2519 ὑπέστην
818 2440 867 2504 καὶ
883 2436 1055 2502 κατένευσα·

211 2585 212 2588 ¹
276 2538 346 2603 ἀλλ’
362 2540 474 2607 ἄλλους
491 2543 595 2623 ὄτρυνε
611 2540 683 2624 κόρη
701 2543 871 2621 κομόωντας
888 2538 1039 2624 Ἀχαιούς,

276 2641 356 2720 ὄφρα
370 2639 502 2724 τάχιστα
515 2639 681 2723 μαχόμεθ’,
699 2643 766 2706 ἐπεὶ
782 2641 838 2706 σύν
852 2638 882 2722 γ’
899 2637 974 2721 ὅρκι’
989 2639 1099 2721 ἔχευαν

274 2747 384 2824 Τρῶες·
406 2747 506 2808 τοῖσιν
520 2740 546 2807 δ’
562 2743 599 2806 αθ
614 2743 741 2812 θάνατος
758 2745 807 2808 καὶ
822 2739 902 2821 κήδε’
917 2743 1038 2806 ὀπίσσω
1169 2768 1217 2820 ²70

276 2840 388 2916 ἔσσετ’,
405 2843 471 2906 ἐπεὶ
486 2841 625 2924 πρότεροι
640 2845 714 2926 ὑπὲρ
731 2844 816 2925 ὅρκια
831 2840 1035 2921 δηλήσοντο.”

311 2944 374 3011 Ὣς
393 2943 489 3026 ἔφατ’,
507 2943 661 3029 Ἀτρείδης
675 2948 708 3011 δὲ
722 2943 880 3029 παρηίχετο
895 2945 1064 3027 γηθόσυνος
1080 2949 1143 3027 κῆρ·

275 3047 350 3128 ῆλθε
366 3045 392 3112 δ’
408 3045 455 3112 ἐπ’
471 3047 639 3114 Αἰάντεσσι
654 3050 726 3115 κιῶν
741 3050 799 3112 άνδ
814 3047 946 3127 ούλαμδν
961 3048 1085 3129 άνδρῶν·

275 3154 315 3216 τὼ
332 3154 365 3216 δὲ
380 3150 599 3234 κορυσσέσθην,
617 3153 678 3234 ἅμα
692 3154 725 3216 δὲ
740 3151 833 3232 νέφος
848 3154 950 3217 είπετο
966 3153 1073 3230 πεζῶν.

277 3257 315 3322 ὡς
330 3253 356 3320 δ’
372 3252 415 3318 ὅτ’
433 3255 493 3319 άπὸ
509 3259 636 3334 σκοπιῆς
651 3256 730 3319 εἶδεν
746 3252 839 3336 νέφος
853 3256 982 3321 αἰπόλος
997 3254 1071 3334 άνῆρ
1169 3282 1217 3332 ²5⁵

277 3359 442 3441 ἐρχόμενον
456 3361 531 3422 κατὰ
546 3359 656 3423 πόντον
669 3356 727 3422 ύπδ
744 3358 894 3441 Ζεφύροιο
910 3360 989 3436 ίωῆς·

276 3463 317 3545 τῷ
332 3462 365 3524 δέ
379 3458 404 3523 τ’
421 3461 545 3525 ἄνευθεν
560 3460 641 3524 ἐόντι
655 3459 840 3543 μελάντερον
853 3459 923 3541 ἠύτε
938 3461 1038 3523 πίσσα

277 3561 395 3647 φαίνετ’
408 3564 454 3630 ίδν
469 3566 543 3627 κατὰ
558 3563 680 3640 πόντον,
696 3564 764 3647 άγει
779 3564 813 3629 δέ
827 3589 860 3628 τε
874 3564 1013 3626 λαίλαπα
1027 3561 1157 3641 πολλήν,

276 3665 402 3751 ῥίγησέν
417 3692 449 3731 τε
466 3667 545 3743 ίδόν,
560 3668 620 3730 ύπό
634 3691 667 3731 τε
683 3666 776 3734 σπέος
790 3666 888 3746 ῆλασε
902 3669 994 3744 μῆλα·
