2908 4232
335 354 398 432 506
662 366 712 425 24.
730 350 899 410 ΙΛΙΑΔΟΣ
922 350 962 409 Ω.

375 511 439 578 Ὣς
455 511 551 594 ἔφατο
568 511 727 582 κλαίουσα,
743 511 816 592 γόον
832 509 856 573 δ’
875 510 1023 572 ἀλίαστον
1039 512 1128 591 ὄρινε.
1238 523 1281 586 760

338 619 410 703 τῇσι
424 615 449 679 δ’
467 612 561 678 ἔπειθ’
577 611 688 692 Ἑλένη
705 610 826 694 τριτάτη
842 610 952 695 ἐξῆρχε
966 615 1061 695 γόοιο·

338 726 357 755 “
365 717 486 799 Ἕκτορ,
504 718 563 800 ἐμῷ
580 718 662 800 θυμῷ
678 715 792 797 δαέρων
806 715 886 780 πολὺ
902 717 1031 796 φίλτατε
1045 715 1174 796 πάντων,

339 820 358 901 ἦ
372 819 429 900 μέν
442 845 494 900 μοι
509 820 601 886 πόσις
619 817 705 883 ἐστὶν
717 817 919 902 Ἀλέξανδρος
932 819 1076 899 θεοειδής,

339 925 373 990 ὅς
386 921 416 1005 μ’
434 922 530 1005 ἄγαγε
543 922 694 1004 Τροίηνδ’·
718 921 757 990 ὣς
772 923 843 1005 πρὶν
858 923 1002 1004 ὤφελλον
1017 922 1155 988 ὀλέσθαι.

338 1026 394 1106 ἤδη
411 1029 468 1109 γδρ
485 1029 538 1091 νῦν
552 1050 604 1105 μοι
619 1024 680 1088 τόδ’
696 1025 852 1092 ἐεικοστὸν
866 1027 934 1093 ἔτος
949 1029 1035 1091 ἐστὶν
1239 1037 1283 1102 765

341 1128 378 1207 ἐξ
391 1129 425 1192 ού
442 1133 540 1193 κεῖθεν
557 1128 634 1209 ἔβην
649 1130 699 1193 καὶ
715 1130 787 1209 ἐμῆς
802 1128 980 1209 ἀπελήλυθα
995 1129 1117 1212 πάτρης·

339 1232 410 1296 ἀλλ’
428 1232 462 1295 ού
478 1259 524 1296 πω
540 1238 596 1296 σεῦ
611 1233 728 1296 ἄκουσα
743 1231 834 1297 κακὸν
849 1233 921 1300 ἔπος
936 1234 997 1298 οὐδ’
1013 1235 1184 1317 ἀσύφηλον

341 1336 410 1400 ἀλλ’
429 1338 458 1400 εί
469 1336 513 1403 τίς
528 1362 567 1416 με
585 1337 634 1400 καὶ
650 1336 746 1403 ἄλλος
761 1334 805 1401 ἐνὶ
818 1335 996 1418 μεγάροισιν
1012 1337 1127 1402 ἐνίπτοι

340 1438 454 1520 δαέρων
470 1436 489 1516 ἢ
504 1436 660 1521 γαλάωνῆ
676 1438 832 1521 εἰνατέρων
848 1437 1016 1513 εὐπέπλων,

339 1537 358 1619 ἢ
374 1539 611 1623 ἑκυρή-ἑκυρὸς
626 1542 660 1605 δέ
673 1541 771 1623 πατὴρ
786 1543 825 1608 ὣς
839 1540 928 1620 ἤπιος
943 1544 1054 1617 αίεί-,
1240 1563 1286 1618 770

340 1645 424 1707 ἀλλὰ
439 1643 477 1706 σὺ
492 1641 589 1727 τόνγ’
604 1643 732 1708 ἐπέεσσι
748 1643 976 1727 παραιφάμενος
991 1645 1157 1728 κατέρυκες,

340 1749 380 1832 σῇ
396 1745 421 1808 τ’
439 1747 674 1833 ἀγανοφροσύνη
691 1747 740 1812 καὶ
756 1753 823 1814 σοῖς
841 1749 964 1830 ἀγανοῖς
979 1747 1116 1812 ἐπέεσσι.

339 1850 381 1933 τῷ
399 1847 437 1912 σε’
451 1850 477 1912 θ’
494 1849 555 1929 ἄμα
572 1851 668 1913 κλαίω
683 1851 733 1914 καὶ
748 1849 795 1930 ἔμ’
811 1851 945 1931 ἄμμορον
960 1849 1110 1933 ἀχνυμένη
1128 1855 1191 1932 κῆρ·

340 1952 375 2015 ού
389 1949 447 2035 γάρ
461 1953 507 2020 τίς
521 1978 573 2032 μοι
588 1950 630 2017 ἔτ’
647 1952 744 2020 ἄλλος
754 1954 804 2018 ’ἐνὶ
819 1954 913 2040 Τροίῃ
930 1952 1027 2040 εὐρείῃ

339 2054 429 2134 ἤπιος
444 2057 512 2121 ούδέ
528 2059 629 2139 φίλος,
645 2055 755 2124 πάντες
770 2055 804 2120 δέ
818 2083 856 2137 με
871 2053 1085 2139 πεφρίκασιν.”
1238 2077 1285 2133 775

377 2158 441 2226 Ὣς
456 2161 553 2241 ἔφατο
569 2156 717 2232 κλαίουσ’,
733 2161 784 2224 ἐπὶ
799 2160 823 2224 δ’
841 2160 946 2224 ἔστενε
961 2162 1053 2241 δῆμος
1068 2159 1206 2242 ἀπείρων.

340 2268 464 2327 λαοῖσιν
479 2263 504 2327 δ’
521 2265 537 2327 ὁ
551 2262 649 2346 γέρων
665 2265 892 2345 Πρίαμοςμετά
905 2268 1001 2344 μῦθον
1016 2264 1126 2328 ἔειπεν·
1186 2275 1189 2284 ’

340 2371 356 2400 “
367 2364 454 2445 ἄξετε
473 2372 534 2439 νῦν,
550 2371 660 2448 Τρῶες,
675 2365 753 2445 ξύλα
767 2367 885 2442 ἄστυδε,
899 2366 976 2448 μηδέ
990 2392 1019 2430 τι
1035 2370 1115 2452 θυμῷ

340 2468 453 2548 δείσητ’
471 2469 618 2552 Ἀργείων
634 2469 758 2534 πυκινὸν
773 2471 879 2552 λόχον·
903 2469 996 2553 ἦγδρ
1009 2469 1173 2553 Ἀχιλλεὺς

340 2571 466 2654 πέμπων
480 2570 512 2652 μ’
528 2569 579 2636 ὧδ’
594 2571 742 2638 ἐπέτελλε
755 2571 928 2654 μελαινάων
943 2573 1003 2638 ἀπὸ
1018 2579 1106 2652 νηῶν,
1239 2588 1289 2649 780

339 2676 380 2758 μὴ
397 2677 467 2757 πρὶν
485 2674 657 2755 πημανέειν,
673 2675 743 2758 πρὶν
758 2675 907 2755 δωδεκάτη
923 2677 1003 2763 μύλη
1018 2675 1105 2755 ἠύς.”

376 2777 440 2846 *Ως
456 2778 553 2860 ἔφαθ’,
569 2781 597 2844 οἱ
613 2777 639 2842 δ’
655 2779 704 2844 ὑπ’
722 2778 873 2866 ἀμάξῃσιν
888 2781 966 2860 βόας
980 2779 1121 2860 ἡμιόνους
1135 2805 1168 2844 τε

341 2882 512 2965 ζεύγνυσαν,
528 2883 608 2964 οἶφα
622 2880 649 2946 δ’
665 2882 770 2948 ἔπειτα
784 2888 842 2964 πρδ
858 2883 967 2951 ἄστεος
981 2880 1169 2965 ἠγερέθοντο.

340 2987 470 3068 ἐννῆμαρ
484 2989 541 3067 μὲν
556 2988 604 3050 τοί
617 3012 654 3069 γε
670 2987 791 3069 ἀγίνεον
807 2986 941 3052 ἄσπετον
954 2988 1039 3064 ύλην·

339 3088 410 3152 ἀλλ’
430 3091 481 3155 ὅτε
496 3091 532 3170 δη
549 3089 658 3168 δεκάτη
675 3088 772 3173 ἐφάνη
789 3091 1018 3171 φαεσίμβροτος
1033 3089 1101 3169 ἠύς,
1239 3103 1290 3166 785

340 3192 389 3255 καὶ
404 3192 464 3255 τότ’
481 3192 527 3275 ἄρ’
544 3192 690 3276 ἐξέφερον
706 3192 823 3274 θρασὺν,
830 3191 962 3275 Ἕκτορα
976 3191 1067 3274 δάκρυ
1082 3190 1215 3274 χέοντες,

255 3316 262 3328 ’
339 3296 378 3358 ἐν
388 3298 421 3359 δέ
436 3298 512 3382 πυρῇ
529 3296 627 3383 ὑπάτῃ
644 3295 748 3378 νεκρὸν
764 3294 867 3373 θέσαν,
885 3299 919 3363 ἐν
933 3295 959 3360 δ’
974 3297 1092 3376 ἔβαλον
1107 3300 1174 3378 πῦρ.

378 3396 480 3479 Ἦμος
495 3400 519 3464 δ’
537 3397 686 3483 ἠριγένεια
701 3397 783 3480 φάνη
798 3399 1016 3482 ῥοδοδάκτυλος
1031 3396 1121 3476 Ἠιύς,

340 3505 430 3584 τῆμος
445 3501 491 3585 ἄρ’
507 3501 587 3585 ἀμφὶ
602 3503 698 3584 πυρὴν
714 3509 822 3567 κλυτοῦ
833 3502 979 3585 Ἕκτορος
994 3503 1099 3586 ἔγρετο
1113 3505 1198 3571 λαός.

341 3603 448 3696 [αύτδρ
464 3605 533 3670 ἐπεί
544 3602 577 3688 ῤ’
592 3604 720 3688 ἤγερθεν
735 3604 896 3688 ὁμηγερέες
910 3603 935 3669 τ’
951 3602 1117 3692 ἐγένοντο,]
1239 3627 1293 3682 790

340 3717 458 3793 πρῶτον
472 3711 529 3790 μὲν
543 3711 619 3774 κοτδ
634 3708 781 3792 πυρκαϊὴν
795 3708 917 3791 σβέσαν
933 3712 1037 3777 αἴθοπι
1052 3713 1123 3796 οίνηι
