2788 4230
498 337 547 406 17.
570 331 805 391 οονννιιικν
829 333 860 393 P.
1080 341 1143 416 795

197 492 339 574 βλήεται,
355 491 373 573 ἢ
390 493 457 576 περὶ
474 493 620 576 βονσίνῆ
639 495 783 584 ἀργεννῇς
797 496 926 565 ὀίεσσιν·

198 597 290 678 αὐτὰρ
306 598 350 679 ἔμ’
366 599 520 665 Ἀντίνοος
535 599 617 675 βάλε
632 600 780 682 γαστέρος
794 603 893 667 εἵνεκα
907 605 1029 685 λυγρῆς,

198 700 372 782 οὐλομένης,
386 700 407 781 ἢ
423 706 526 767 πολλδ
542 703 607 767 κάκ’
623 705 808 784 ἀνθρώποισι
824 706 957 769 δίδωσιν.

199 803 269 867 ἀλλ’
285 805 314 868 εί
327 831 385 869 που
402 812 535 890 πτωχῶν
548 832 584 888 γε
599 808 663 871 θεοὶ
679 809 729 870 καὶ
747 809 860 888 ἐρινύες
875 809 964 886 εἰσίν,
1094 833 1145 889 475

198 908 352 974 Ἀντίνοον
368 916 426 992 πρὸ
441 912 549 990 γάμοιο
565 910 653 978 τέλος
670 910 811 975 θανάτοιο
828 909 956 993 κιχείη.”

241 1013 303 1077 Τδν
318 1010 344 1077 δ’
359 1013 422 1077 αὖτ’
436 1013 592 1080 Ἀντίνοος
607 1014 758 1095 προσέφη,
774 1014 939 1080 Εὐπείθεος
953 1016 1025 1082 οἶός·

200 1121 216 1150 “
227 1114 303 1179 ἔσθι’
321 1117 438 1196 έκηλας,
454 1116 543 1196 ξεῖνε,
561 1116 735 1196 καθήμενος,
750 1114 769 1196 ἢ
785 1117 868 1182 ἄπιθ’
883 1117 976 1204 άλλη,

198 1217 237 1297 μή
254 1245 291 1282 σε
307 1219 367 1283 νέοι
384 1219 434 1284 διὰ
450 1220 559 1300 δώματ’
575 1221 737 1300 ἐρύσσωσ’,
754 1221 792 1284 οἷ’
808 1221 973 1304 ἀγορεύεις,

198 1319 216 1399 ἢ
232 1328 325 1389 ποδὸς
339 1320 358 1401 ἢ
376 1321 423 1387 καὶ
438 1324 548 1406 χειρός,
561 1325 763 1406 ἀποδρύψωσι
778 1326 810 1388 δὲ
825 1322 952 1390 πάντα.”
1095 1339 1146 1403 480

235 1424 297 1491 *Ως
314 1427 412 1506 ἔφαθ’,
428 1429 457 1490 οἱ
474 1426 499 1491 δ’
515 1427 571 1508 ἀρα
587 1425 698 1492 πάντες
712 1426 907 1508 ὑπερφιάλως
923 1427 1103 1508 νεμέσησαν·

198 1531 255 1592 ὦδε
270 1527 304 1592 δέ
318 1553 363 1595 τις
379 1531 500 1594 εἴπεσκε
516 1529 591 1595 νέων
606 1531 872 1612 ὑπερηνορεόντων·

198 1638 215 1664 “
226 1629 365 1711 Ἀντίνο’,
382 1635 416 1697 αά
430 1636 486 1713 μὲν
502 1634 568 1697 κάλ’
584 1633 699 1713 ἔβαλες
714 1634 862 1713 δύστηνον
876 1633 1003 1714 ἀλήτην,

198 1736 343 1814 οὐλόμεν’,
360 1739 386 1801 εί
403 1735 439 1815 δή
455 1738 514 1800 πού
528 1763 574 1804 τις
590 1736 765 1819 ἐπουράνιος
780 1738 849 1804 θεός
866 1740 939 1802 ἐστι.

199 1841 249 1902 καί
261 1865 294 1903 τε
310 1843 374 1904 θεοὶ
390 1840 540 1919 ξείνοισιν
553 1841 683 1906 ἐοικότες
698 1841 912 1916 ἀλλοδαποῖσι,
1000 1849 1004 1854 ’
1097 1856 1146 1920 485

199 1948 337 2006 παντοῖοι
353 1945 540 2020 τελέθοντες,
557 1945 775 2024 ἐπιστρωφῶσι
790 1945 916 2022 πόληας,

198 2046 362 2126 ἀνθρώπων
376 2048 466 2128 ὕβριν
480 2071 513 2109 τε
530 2046 579 2109 καὶ
595 2047 733 2124 εὐνομίην
748 2044 943 2128 ἐφορῶντες.”

234 2149 299 2214 Ὣς
315 2149 361 2231 ἀρ’
377 2150 457 2229 ἔφαν
471 2151 651 2230 μνηστῆρες,
667 2151 684 2211 ό
699 2147 724 2212 δ’
742 2149 793 2212 οιίκ
808 2149 958 2228 ἐμπάζετο
972 2151 1082 2229 μύθων.

198 2252 381 2335 Τηλέμαχος
397 2251 421 2316 δ’
440 2254 474 2316 ἐν
487 2255 544 2333 μὲν
560 2253 663 2339 κραδίῃ
678 2251 757 2334 μέγα
772 2250 880 2318 πένθος
894 2251 964 2330 άεξε

198 2355 364 2436 βλημένου,
374 2355 434 2421 οὐδ’
444 2357 501 2438 ἄρα
516 2355 607 2438 δάκρυ
624 2352 716 2436 χαμαὶ
731 2354 832 2436 βάλεν
844 2357 877 2419 ἐκ
889 2357 1084 2439 βλεφάροιϊν,
1096 2388 1147 2438 490

199 2459 269 2522 ἀλλ’
286 2458 384 2525 ἀκέων
399 2457 505 2538 κίνησε
521 2458 605 2541 κάρη,
622 2461 698 2522 κακὰ
714 2461 959 2540 βυσσοδομεύων.

241 2568 303 2627 Τοΰ
319 2564 344 2626 δ’
361 2564 400 2630 ὡς
416 2563 469 2628 οὖν
484 2562 596 2643 ἤκουσε
611 2563 763 2643 περίφρων
781 2566 976 2641 Πηνελόπεια

198 2667 355 2746 βλημένου
371 2669 404 2730 ἐν
419 2666 549 2753 μεγάρῳ,
565 2664 629 2746 μετ’
646 2667 704 2746 άμα
719 2669 855 2752 δμῳῇσιν
871 2667 981 2732 ἔειπεν·

199 2775 218 2803 “
229 2769 287 2833 αἵθ’
303 2773 395 2838 οὕτως
412 2772 503 2836 αὐτόν
518 2797 554 2836 σε
569 2770 665 2851 βάλοι
681 2768 860 2848 κλυτότοξος
876 2769 1067 2839 Ἀπόλλων.”

199 2874 253 2952 τὴν
269 2872 294 2938 δ’
309 2872 372 2937 αὖτ’
387 2875 543 2956 Εὐρυνόμη
558 2875 646 2953 ταμίη
662 2877 738 2956 πρὸς
753 2878 847 2952 μῦθον
864 2875 974 2939 ἔειπεν·
1096 2904 1147 2958 495

199 2982 219 3012 “
232 2979 258 3041 εἰ
273 2982 330 3060 γάρ
346 2976 393 3041 ἐπ’
409 2980 518 3066 ἀρῇσιν
533 2978 622 3044 τέλος
635 2977 798 3063 ἡμετέρῃσι
814 2976 941 3061 γένοιτο·

199 3082 251 3144 οὐκ
267 3083 305 3146 άν
320 3108 365 3148 τις
379 3083 493 3146 τούτων
506 3109 543 3165 γε
560 3079 702 3164 ἐύθρονον
717 3078 781 3144 Ἠὢ
798 3082 920 3145 ίκοιτο.”

241 3184 305 3263 Τὴν
321 3182 346 3249 δ’
362 3185 432 3250 αύτε
448 3184 610 3267 προσέειπε
625 3184 780 3265 περίφρων
797 3185 1001 3262 Πηνελόπεια·

200 3294 216 3320 “
226 3288 296 3367 μαῖ’,
313 3285 415 3371 ἐχθροὶ
430 3289 486 3368 μὲν
502 3288 622 3364 πάντες,
639 3289 704 3351 ἐπεὶ
722 3286 796 3350 κακὰ
812 3288 1032 3371 μηχανόωνται·

198 3392 351 3458 Ἀντίνοος
368 3395 401 3456 δὲ
415 3392 552 3472 μάλιστα
564 3392 693 3476 μελαίνῃ
709 3387 774 3472 κηρὶ
792 3391 879 3456 ἔοικε.
1099 3421 1148 3470 500

200 3492 298 3572 ξεῖνός
314 3517 359 3559 τις
375 3495 521 3574 δύστηνος
537 3494 677 3572 ἀλητεύει
694 3493 767 3558 κατά
783 3499 867 3574 δῶμα

199 3596 306 3676 ἀνέρας
322 3598 452 3674 αἰτίζων·
477 3598 670 3682 ἀχρημοσύνη
688 3596 747 3678 γὰρ
763 3597 881 3679 ἀνάγει·

198 3699 260 3766 ἔνθ’
276 3703 368 3764 ἄλλοι
383 3703 438 3780 μὲν
452 3701 562 3769 πάντες
579 3701 750 3780 ἐνέπλησάν
765 3702 791 3766 τ’
807 3703 918 3770 ἔδοσάν
932 3731 974 3778 τε,
