2908 4232
560 371 611 432 ιι.
636 357 806 417 ιλιλλον
829 358 868 420 α.
1120 367 1185 438 5ο5γ

232 524 314 604 ἥβην
330 521 460 602 ἵξεσθαι·
484 521 554 604 πρὶν
570 525 628 606 γδρ
645 525 735 588 πόλις
749 523 803 602 ήδε
819 521 884 587 κατ’
901 523 992 604 άκρης

231 626 387 708 πέρσεται·
410 626 501 709 ήγδρ
518 629 638 694 ὄλωλας
654 627 828 705 ἐπίσκοπος,
845 628 878 694 ἀς
893 626 926 690 τέ
940 652 992 706 μιν
1006 627 1099 708 αὐτὴν

131 749 133 756 ⁴
230 730 352 813 ῥύσκευ,
368 731 438 813 ἔχες
452 728 479 794 δ’
496 731 628 812 ἀλόχους
643 732 749 794 κεδνδς
764 731 813 793 καὶ
828 727 922 809 νήπια
936 729 1036 809 τέκνα,
1136 753 1184 808 730

232 833 263 896 αδ
278 831 314 913 δή
330 859 378 897 τοι
392 833 473 918 τάχα
488 835 595 914 νηυσὶν
610 831 778 916 ὀχήσονται
793 833 979 919 γλαφυρῇσι,
1023 883 1025 888 .

232 935 281 1001 καὶ
295 939 351 1018 μὲν
367 937 426 1020 ἐγὼ
440 939 518 1017 μετά
533 938 615 1022 τῇσι·
661 936 700 998 σὺ
715 935 740 1000 δ’
758 935 803 1013 αδ,
819 934 913 1012 τέκος,
928 933 948 1014 ἢ
964 937 1031 1015 ἐμοὶ
1047 937 1120 1022 αὐτῇ

234 1039 334 1120 ἔψεαι,
352 1040 426 1104 ἔνθα
441 1065 493 1104 κεν
509 1039 583 1122 ἔργα
598 1037 701 1104 ἀεικέα
717 1038 863 1121 ἐργάζοιο,

232 1143 368 1208 ἀθλεύων
384 1143 442 1225 πρὸ
458 1144 586 1209 ἄνακτος
602 1141 770 1225 ἀμειλίχου.
814 1143 894 1221 ἥτις
910 1141 1045 1226 Ἀχαιῶν

231 1247 318 1329 ῥίψει
333 1246 436 1329 χειρὸς
452 1247 531 1310 έλάν
546 1246 606 1310 ἀπὸ
621 1246 745 1329 πύργου,
760 1253 873 1329 λυγρὸν
888 1249 1023 1328 ὄλεθρον,
1135 1267 1181 1322 735

231 1351 395 1432 χωόμενος,
412 1347 435 1434 φ
451 1348 487 1430 δή
504 1375 562 1413 που
577 1348 731 1431 ἀδελφεὸν
746 1350 870 1416 ἔκτανεν
879 1349 998 1431 Ἕκτωρ

231 1450 250 1532 ἢ
266 1453 378 1535 πατέρ’,
393 1452 427 1533 ἠὲ
444 1454 493 1518 καὶ
508 1456 585 1526 υἱόν,
603 1450 669 1518 ἐπεὶ
683 1453 767 1533 μάλα
782 1455 898 1524 πολλοὶ
913 1452 1048 1536 Ἀχαιῶν

229 1555 373 1639 Ἕκτορος
389 1559 422 1621 ἐν
436 1555 616 1644 παλάμῃσιν
631 1556 708 1636 όδάξ
721 1557 794 1622 ἔλον
809 1557 945 1622 ἄσπετον
964 1556 1062 1623 οὖδας.

233 1661 267 1724 οὗ
281 1664 339 1744 γάρ
353 1663 493 1744 μείλιχος
509 1661 582 1726 ἔσκε
596 1662 695 1746 πατὴρ
710 1662 777 1728 τεδς
794 1665 827 1727 ἐν
843 1661 893 1725 δαὶ
906 1663 1012 1748 λυγρῇ·

232 1767 273 1849 τῷ
290 1765 341 1828 καί
354 1790 406 1845 μιν
420 1763 490 1829 λαοὶ
504 1767 561 1845 μὲν
576 1765 732 1844 ὀδύρονται
749 1765 824 1830 κατὰ
841 1765 928 1837 άστυ,
1134 1785 1183 1840 740

232 1867 341 1948 ἀρητὸν
356 1870 390 1931 δέ
404 1874 526 1936 τοκεῦσι
541 1871 617 1951 γόον
633 1867 683 1932 καὶ
697 1867 807 1935 πένθος
822 1869 940 1946 ἔθηκας,

228 1969 350 2052 Ἕκτορ·
374 1972 440 2050 ἐμοὶ
456 1974 488 2034 δέ
503 1970 639 2048 μάλιστα
654 1971 836 2052 λελείψεται
852 1971 951 2053 ἀλγεα
964 1968 1070 2052 λυγρά.

233 2073 268 2136 οὗ
281 2073 339 2157 γάρ
353 2099 405 2155 μοι
421 2073 560 2152 θνήσκων
575 2074 695 2159 λεχέων
710 2076 742 2138 ἐκ
758 2079 862 2158 χεῖρας
878 2071 993 2156 ὄρεξας,

233 2175 302 2241 οθδέ
316 2177 347 2240 τί
361 2203 413 2258 μοι
428 2178 512 2243 εἶπες
527 2177 651 2242 πυκινδν
666 2178 747 2254 ἔπος,
764 2177 800 2240 οὗ
813 2176 847 2240 τέ
862 2203 913 2242 κεν
928 2174 988 2242 αἰεὶ

231 2278 387 2367 μεμνῄμην
402 2280 508 2346 νθκτας
522 2305 555 2344 τε
572 2282 621 2346 καὶ
636 2279 735 2359 ἤματα
750 2278 843 2362 δάκρυ
856 2278 1000 2364 χέουσα.”
1133 2303 1179 2358 745

268 2381 333 2449 Ὦς
348 2383 444 2463 ἔφατο
461 2382 608 2462 κλαίουσ’,
625 2385 675 2448 ἐπὶ
690 2386 723 2447 δὲ
739 2381 926 2467 στενάχοντο
941 2388 1090 2466 γυναῖκες.

232 2487 322 2572 τῇσιν
337 2485 362 2549 δ’
375 2482 444 2548 αὖθ’
459 2483 577 2566 Ἑκάβη
594 2489 697 2550 ἁδινοῦ
713 2485 823 2569 ἐξῆρχε
837 2488 932 2570 γόοιο

233 2595 250 2625 “
258 2588 381 2671 Ἕκτορ,
397 2591 457 2674 ἐμῷ
474 2591 555 2673 θυμῷ
571 2588 692 2655 πάντων
707 2590 786 2660 πολὺ
801 2591 932 2672 φίλτατε
947 2591 1070 2667 παίδων,

232 2691 251 2772 ή
265 2691 321 2774 μέν
335 2717 387 2772 μοι
404 2692 477 2770 ζωός
493 2718 548 2774 περ
565 2693 622 2760 ἐὼν
637 2695 730 2775 φίλος
746 2691 827 2772 ἦσθα
843 2697 969 2758 θεοῖσιν·

233 2798 261 2860 οί
277 2793 305 2859 δ’
320 2795 379 2876 ἀρα
394 2801 449 2859 σεΰ
465 2794 590 2874 κήδοντο
607 2799 657 2861 καὶ
672 2799 706 2860 ἐν
722 2796 864 2863 θανάτοιό
879 2823 935 2879 περ
951 2798 1031 2883 αίσῃ.
1132 2819 1180 2873 750
1251 2859 1278 2876 ⁸,

233 2899 346 2965 ἀλλους
359 2899 417 2978 μὲν
430 2901 487 2982 γδρ
503 2904 611 2966 παῖδας
627 2900 715 2980 ἐμοὺς
730 2900 824 2966 πόδας
839 2899 914 2966 ἀκὺς
931 2897 1094 2984 Ἀχιλλεὺς

233 2999 389 3084 πέρνασχ’,
407 2998 513 3065 ὅντιν’
531 3002 648 3080 έλεσκε,
665 3002 760 3085 πέρην
775 3003 849 3070 άλδς
865 3001 1049 3084 ἀτρυγέτοιο,

233 3107 265 3171 ἐς
279 3103 381 3185 Σάμον
396 3105 429 3171 ἔς
443 3103 470 3168 τ’
483 3104 610 3187 Ἴμβρον
627 3108 676 3170 καὶ
692 3110 813 3186 Λῆμνον
828 3105 1092 3187 ἀμιχθαλόεσσαν·

233 3214 288 3273 σεῦ
302 3206 328 3272 δ’
345 3206 411 3272 ἐπεὶ
426 3208 548 3287 ἐξέλετο
563 3209 669 3293 ψυχὴν
682 3207 824 3288 ταναήκεϊ·
838 3209 963 3293 χολκηῖ,

232 3312 334 3377 πολλὰ
349 3311 552 3395 ῥυστάζεσκεν
568 3316 621 3377 ἑοῦ
634 3313 701 3394 περὶ
717 3310 787 3392 σῆμ’
804 3311 932 3393 ἑτάροιο,
1131 3335 1160 3389 75
1165 3342 1179 3391 5

232 3417 423 3498 Πατρόκλου,
440 3422 493 3480 τὸν
508 3417 647 3498 ἔπεφνες·
678 3415 847 3495 ἀνέστησεν
862 3413 896 3479 δέ
908 3441 961 3495 μιν
977 3414 1038 3481 οὐδ’
1054 3418 1104 3484 ὥς.

232 3525 284 3586 νΰν
299 3519 333 3584 δέ
347 3546 399 3599 μοι
415 3519 534 3602 ἑρσήεις
549 3521 598 3586 καὶ
612 3521 791 3603 πρόσφατος
806 3523 839 3584 ἐν
853 3517 1013 3602 μεγάροισι
1088 3541 1090 3549 ·

233 3628 342 3696 κεῖσαι,
359 3626 400 3708 τῷ
416 3627 518 3690 ἴκελος
533 3625 568 3688 όν
583 3623 607 3687 τ’
625 3621 823 3707 ἀργυρότοξος
836 3623 1001 3688 Ἀπόλλων

233 3727 278 3793 οἶς
291 3728 432 3809 ἀγανοῖσι
447 3725 600 3808 βέλεσσιν
615 3727 813 3810 ἐποιχόμενος
831 3724 1048 3810 κατέπεφνεν.”
