2738 4226
480 350 530 395 11.
555 335 725 396 ΙΛΙΑΔΟΣ
747 333 784 394 Λ.
1045 347 1104 411 207

167 503 283 583 τάμνων
299 500 422 584 δένδρεα
435 498 542 583 μάκρα,
559 500 630 568 άδος
646 499 679 564 τέ
693 526 744 580 μιν
759 502 840 564 ίκετο
856 500 958 580 θυμόν,

167 611 251 672 σίτου
266 632 299 671 τε
314 609 472 688 γλυκεροῖο
488 604 556 685 περὶ
572 602 685 684 φρένας
700 604 802 686 ίμερος
817 606 903 687 αἱρεῖ,

166 715 257 792 τῆμος
273 709 338 796 σφῇ
356 709 444 794 άρετῆ
462 707 578 771 Δαναοὶ
593 704 722 791 ῥήξαντο
739 706 911 790 φάλαγγας,
1075 735 1109 785 90

167 812 342 893 κεκλόμενοι
357 808 491 893 ἑτάροισι
507 812 583 873 κατὰ
598 811 716 894 στίχας·
741 812 774 876 ἔν
788 809 816 875 δ’
833 808 1030 894 Ἀγαμέμνων

167 923 282 997 πρῶτος
297 913 409 997 όρουσ’,
425 913 478 978 ἔλε
492 912 517 978 δ’
534 914 627 996 ἄνδρα
643 913 781 998 Βιήνορα,
797 913 927 994 ποιμένα
943 921 1035 989 λαῶν,

168 1020 266 1093 αὐτόν,
283 1019 387 1084 ἔπειτα
403 1017 427 1083 δ’
446 1021 564 1100 ἑταῖρον
578 1018 691 1098 Ὀϊλῆα
706 1015 893 1098 πλήξιππον.

168 1122 247 1201 ῆτοι
262 1123 280 1186 ά
293 1121 321 1205 γ’
340 1121 376 1202 ἔξ
388 1125 490 1187 ἵππων
506 1121 731 1203 κατεπάλμενος
747 1122 848 1188 ἀντίος
864 1122 947 1198 ἔστη·

168 1225 219 1288 τὸν
234 1225 258 1288 δ’
276 1225 340 1292 ἰθὺς
353 1231 496 1305 μεμαῶτα
509 1225 660 1304 μετώπιον
675 1223 740 1304 όξέῖ
754 1226 837 1306 δουρὶ
1077 1250 1109 1298 95

168 1326 242 1407 νύξ’,
259 1328 329 1392 οὐδὲ
344 1327 480 1410 στεφάνη
497 1329 568 1409 δόρυ
584 1330 613 1393 οἱ
631 1327 726 1412 σχέθε
739 1326 958 1410 χαλκοβάρεια,

169 1428 250 1490 ἆλλδ
264 1428 301 1492 δι’
318 1427 406 1505 αύτῆς
421 1426 497 1507 ήλθε
512 1428 562 1492 καὶ
577 1426 695 1504 ὀστέου,
712 1427 884 1510 ἐγκέφαλος
899 1428 932 1490 δὲ

170 1531 254 1595 ἔνδον
268 1530 347 1597 άπας
362 1529 548 1596 πεπάλακτο·
572 1529 712 1610 δάμασσε
727 1531 761 1595 δέ
775 1556 828 1611 μιν
842 1536 992 1612 μεμαῶτα.

170 1635 218 1697 καὶ
233 1632 300 1700 τοὺς
313 1634 370 1713 μὲν
385 1634 476 1699 λίπεν
491 1634 559 1698 αὖθι
575 1632 653 1713 άναξ
666 1636 781 1716 ἀνδρῶν
795 1632 992 1716 Ἀγαμέμνων

170 1736 296 1817 στήθεσι
311 1737 550 1821 παμφαίνοντας,
567 1738 633 1802 ἐπεὶ
649 1740 792 1820 περίδυσε
805 1743 944 1821 χιτῶνας·
1065 1763 1112 1798 ιοο

169 1841 259 1923 αὐτὰρ
275 1842 292 1903 ό
306 1845 350 1921 βῆ
364 1840 396 1924 ῥ’
409 1838 497 1907 Ἶσόν
511 1865 545 1905 τε
561 1842 610 1905 καὶ
624 1840 774 1922 Ἀντιφον
790 1837 978 1921 ἐξεναρίξων,

169 1947 214 2009 υίε
229 1944 287 2010 δύω
304 1943 463 2025 Πριάμοιο,
478 1944 569 2010 υόθον
584 1946 632 2009 καὶ
647 1943 784 2028 γνήσιον,
800 1944 891 2024 άμφω

172 2050 214 2112 εῖν
229 2049 273 2112 ἔυὶ
288 2048 385 2132 δίφρῳ
402 2048 515 2115 ἔόντας·
537 2049 554 2112 ό
568 2050 624 2127 μὲν
639 2049 727 2114 νόθος
745 2047 910 2130 ἡνιόχευεν,

168 2151 313 2232 Ἀντιφος
328 2150 364 2212 αὖ
379 2150 558 2233 παρέβασκε
572 2151 760 2232 περικλυτός·
783 2152 807 2216 ώ
824 2149 889 2215 ποτ’
905 2148 1069 2231 Ἀχιλλεὺς

169 2255 247 2334 Ἴδης
263 2257 296 2319 ἔν
312 2258 452 2334 κνημοῖσι
467 2256 533 2333 δίδη
548 2255 698 2337 μόσχοισι
712 2253 846 2336 λύγοισι,
1065 2278 1111 2326 105

172 2356 354 2439 ποιμαίνοντ’
370 2355 418 2421 ἔπ’
435 2358 524 2422 όεσσι
539 2358 656 2437 λαβών,
674 2358 722 2422 καὶ
738 2357 849 2422 ἔλυσεν
864 2354 1005 2419 άποίυων.

172 2460 206 2538 δή
221 2463 290 2524 τότε
304 2457 333 2541 γ’
349 2457 504 2542 Ἀτρεΐδης
521 2459 695 2543 εύρυκρείων
707 2458 906 2541 Ἀγαμέμνων

172 2563 223 2626 τὸν
235 2565 291 2641 μὲν
306 2563 380 2644 ύπέρ
394 2563 500 2640 μαζοῖο
517 2565 593 2626 κατὰ
608 2567 720 2642 στῆθος
733 2561 816 2644 βάλε
831 2560 922 2641 δουρί,

170 2664 316 2746 Ἀντιφου
331 2664 368 2728 ού
383 2667 463 2746 παρὰ
478 2664 529 2731 οῖς
544 2665 639 2730 ἔλασε
654 2663 747 2746 ξίφει,
763 2666 797 2728 ἔκ
811 2660 838 2728 δ’
853 2659 943 2742 ἔβαλ’
959 2663 1068 2726 ίππων.

174 2769 378 2852 σπερχόμενος
389 2764 420 2842 ,δ’
436 2768 497 2831 άπὸ
511 2772 589 2832 τοῖιν
604 2769 701 2831 έούλα
715 2767 824 2850 τεύχεα
840 2764 926 2840 καλά,
1067 2790 1114 2827 110

173 2871 357 2954 γιγνώσκων·
381 2872 431 2935 καὶ
445 2869 503 2953 γάρ
520 2878 582 2952 σφε
594 2870 689 2953 πάρος
703 2869 784 2952 παρά
799 2868 887 2948 νηυσὶ
903 2868 1011 2953 θοῇσιν

175 2976 259 3049 εῖδευ,
276 2972 320 3038 ὅτ’
340 2971 377 3052 ἔξ
386 2973 468 3053 Ἴδης
484 2974 598 3056 ἄγαγεν
611 2976 707 3041 πόδας
722 2974 797 3038 ὠκὺς
812 2969 985 3054 Ἀχιλλεύς.

175 3077 212 3143 ὣς
226 3079 258 3141 δὲ
273 3076 353 3141 λέων
369 3075 500 3157 ἐλάφοιο
515 3076 638 3159 ταχείης
652 3075 746 3156 νήπια
761 3075 850 3141 τέκνα

174 3183 290 3262 ῥηϊδίως
306 3178 443 3258 συνέαξε,
458 3181 568 3260 λαβὼν
584 3185 774 3263 κρατεροῖσιν
788 3181 920 3254 ὀδοῦσιν,

176 3285 271 3350 ἐλθὼν
286 3285 329 3351 εἰς
345 3282 443 3363 εύυήν,
460 3285 579 3348 άπαλόν
594 3283 628 3348 τέ
644 3283 698 3365 σφ’
715 3283 788 3366 ήτορ
803 3282 930 3365 ἀπηύρα·
1069 3309 1114 3356 115

174 3387 192 3464 ἡ
208 3388 232 3452 δ’
249 3390 278 3452 εί
290 3386 347 3468 πέρ
362 3411 396 3452 τε
410 3387 521 3473 τύχῃσι
535 3386 619 3466 μάλα
634 3389 757 3470 σχεδόν,
774 3386 809 3451 ού
823 3386 946 3450 δύναταί
961 3395 1019 3466 σφι

175 3497 344 3573 χραισμεῖν·
368 3491 460 3570 αύτῆυ
475 3491 532 3574 γάρ
546 3517 599 3572 μιν
614 3492 672 3555 ὑπὸ
687 3493 794 3573 τρόμος
809 3491 892 3557 αίνδς
908 3489 1012 3554 ίκάνει·

176 3597 366 3677 καρπαλίμως
384 3595 409 3659 δ’
426 3593 492 3674 ἤϊξε
507 3599 556 3660 διά
572 3598 667 3677 δρυμά
680 3598 777 3660 πυκνά
792 3596 841 3658 καὶ
855 3596 932 3672 ὕλην

178 3698 335 3764 σπεύδουσ’
354 3699 504 3780 ἱδρώουσα
519 3704 659 3782 κραταιοῦ
675 3697 763 3779 θηρδς
778 3696 830 3780 ὑφ’
847 3699 947 3780 ὁρμῆς·
