2834 4234
246 354 309 416 666
540 371 588 416 10.
612 356 846 418 ΟΔὙΣΣΕΙΑΣ
870 357 906 420 Κ.

245 524 305 590 οὐδ’
320 527 351 589 οί
363 524 392 607 γ’
408 523 590 605 ὡρμήθησαν
604 525 650 590 ἐπ’
667 525 821 607 ἀνδράσιν,
837 523 907 588 ἀλλ’
922 524 979 606 ἀρα
994 525 1043 589 τοί
1055 550 1091 606 γε

245 629 368 716 οὐρῇσιν
383 631 513 714 μακρῇσι
528 630 776 710 περισσαίνοντες
791 627 928 693 ἀνέσταν.

246 732 285 797 ὡς
299 732 325 796 δ’
341 732 384 795 ὅτ’
399 731 436 796 ἀν
451 730 530 812 ἀμφὶ
544 732 658 796 ἄνακτα
674 731 758 798 κύνες
773 734 912 810 δαίτηθεν
929 732 1012 796 ἰόντα

246 835 382 899 σαίνωσ’·
412 837 471 899 αἰεὶ
486 834 543 918 γάρ
559 861 591 900 τε
608 835 695 917 φέρει
709 837 891 919 μειλίγματα
908 841 1009 915 θυμοῦ·

245 939 284 1004 ὣς
300 938 368 1005 τοὺς
383 936 460 1019 ἀμφὶ
477 939 561 1002 λύκοι
578 939 799 1022 κρατερώνυχες
815 939 867 1018 ἠδὲ
881 938 1003 1005 λέοντες
1063 995 1065 1000 .

245 1049 360 1108 σαῖνον·
391 1040 437 1105 τοὶ
452 1042 478 1106 δ’
493 1043 623 1119 ἔδεισαν,
639 1043 706 1106 ἐπεὶ
721 1046 787 1106 ἴδον
802 1045 872 1106 αίνά
886 1041 1018 1123 πέλωρα.

245 1147 337 1210 ἔσταν
352 1145 376 1209 δ’
394 1149 427 1210 ἐν
441 1147 617 1227 προθύροισι
634 1149 703 1211 θεᾶς
720 1144 992 1224 καλλιπλοκάμοιο,
1146 1170 1192 1206 οιο

245 1249 355 1330 Κίρκης
370 1249 396 1313 δ’
412 1249 498 1314 ἔνδον
514 1251 622 1314 ἄκουον
637 1250 797 1328 ἀειδούσης
812 1249 864 1312 ἀντὶ
879 1251 968 1335 καλῇ,

246 1353 332 1417 ἱστὸν
347 1351 541 1435 ἐποιχομένης
557 1351 654 1434 μέγαν
668 1353 831 1433 άμβροτον,
846 1354 895 1416 οἶα
911 1351 1008 1416 θεάων

243 1455 341 1520 λεπτά
359 1481 391 1520 τε
408 1453 455 1518 καί
470 1458 614 1539 χαρίεντα
630 1453 677 1519 καὶ
692 1453 792 1537 ἀγλαὰ
807 1457 880 1537 ἔργα
895 1455 1050 1520 πέλονται.

244 1563 325 1621 τοῖσι
340 1563 372 1622 δὲ
387 1558 489 1638 μύθων
504 1557 577 1641 ἦρχε
593 1561 737 1636 Πολίτης,
754 1559 886 1642 ὄρχαμος
901 1561 1026 1641 ἀνδρῶν,

246 1664 279 1728 ὅς
295 1687 346 1742 μοι
363 1662 503 1740 κήδιστος
519 1661 631 1742 ἑτάρων
645 1660 682 1740 ἦν
698 1663 875 1728 κεδνότατός
889 1683 931 1727 τε·
1144 1688 1191 1737 2²5

288 1763 354 1826 “Ὥ
369 1766 463 1845 φίλοι,
481 1766 567 1829 ἔνδον
582 1764 639 1846 γάρ
653 1791 698 1830 τις
714 1765 896 1848 ἐποιχομένη
912 1766 1007 1849 μέγαν
1023 1764 1108 1829 ἱστὸν
1191 1796 1194 1800 ·

244 1869 338 1932 καλὸν
354 1868 487 1944 ἀοιδιάει,
503 1869 632 1933 δάπεδον
647 1868 672 1933 δ’
687 1868 768 1932 ἀπαν
784 1869 1000 1950 ἀμφιμέμυκεν,

243 1969 261 2049 ἢ
279 1977 346 2039 θεὸς
362 1971 396 2051 ἠέ
411 1970 493 2055 γυνύ·
523 1971 605 2035 ἀλλά
621 1973 823 2054 φθεγγόμεθα
838 1970 986 2037 θῖισσον.”

281 2074 345 2142 Ὣς
360 2076 405 2157 ἀρ’
421 2078 588 2158 ἐφώνησεν,
603 2078 650 2141 τοὶ
666 2076 690 2140 δ’
707 2076 894 2158 ἐφθέγγοντο
911 2080 1078 2142 καλεῦντες.

243 2181 262 2258 ἡ
279 2180 305 2243 δ’
320 2180 388 2261 αἶψ’
404 2178 572 2258 ἐξελθοῦσα
588 2181 677 2260 θύρας
696 2179 767 2259 ὤϊξε
782 2179 909 2261 φαεινάς
1143 2206 1191 2254 ²30

245 2285 293 2348 καὶ
310 2282 405 2347 κάλει·
436 2286 465 2348 οἱ
481 2283 506 2347 δ’
521 2284 582 2360 ἀμα
596 2283 707 2350 πάντες
722 2285 887 2371 ἀϊδρείῇσιν
902 2284 1021 2348 έποντο·

245 2387 418 2470 Εὐρύλοχος
431 2387 456 2450 δ’
470 2387 638 2466 ὑπέμεινεν,
655 2388 815 2464 ὀϊσάμενος
831 2389 921 2453 δόλον
937 2388 1024 2452 εἶναι.

244 2494 328 2557 εῖσεν
343 2491 369 2553 δ’
384 2493 590 2572 εἰσαγαγοῦσα
606 2494 680 2554 κατά
695 2491 839 2571 κλισμούς
855 2518 888 2556 τε
904 2494 1027 2572 θρόνους
1042 2516 1084 2571 τε,

245 2597 278 2658 ἐν
293 2593 325 2658 δέ
339 2601 415 2674 σφιν
430 2595 517 2675 τυρόν
531 2592 628 2680 τεκαὶ
644 2595 760 2675 ἀλφιτα
776 2593 823 2659 καί
837 2595 909 2676 μέλι
925 2595 1047 2679 χλωρδν

245 2702 314 2782 οῖνφ
332 2698 491 2782 Πραμνείῳ
507 2699 605 2761 ἐκύκα·
625 2699 784 2779 ,ἀνέμισγε
800 2701 831 2763 δέ
848 2701 922 2784 σι’τιρ
1143 2725 1189 2775 ²35

244 2798 387 2882 φάρμακα
401 2801 496 2884 λύγρ’,
511 2803 561 2866 ίνα
576 2801 678 2886 πάγχυ
695 2803 841 2866 λαθοίατο
857 2804 998 2886 πατρίδος
1013 2805 1088 2879 αἴης.

244 2903 335 2984 αύτάρ
351 2906 417 2971 ἐπεὶ
433 2906 527 2970 δῶκέν
542 2931 575 2970 τε
591 2905 638 2970 καὶ
655 2906 768 2984 ἔκπιον,
784 2906 876 2970 αὐτίκ’
892 2907 996 2972 ἔπειτα

242 3005 346 3092 ῥάβδῳ
362 3013 535 3088 πεπληγυῖα
550 3009 624 3072 κατὰ
640 3014 802 3090 συφεοῖσιν
818 3013 930 3093 ἐέργνυ.

244 3112 274 3173 οἱ
290 3113 322 3174 δέ
338 3118 419 3177 συῶν
433 3114 489 3192 μέν
504 3113 577 3196 ἔχον
593 3111 729 3194 κεφαλὰς
745 3113 850 3194 φωνήν
865 3140 898 3179 τε
913 3114 1018 3195 τρίχας
1032 3139 1067 3178 τε

244 3216 293 3278 καὶ
308 3214 408 3294 δέμας,
425 3217 515 3296 αὐτὰρ
531 3223 598 3282 νοῦς
612 3215 650 3295 ἦν
665 3218 792 3297 ἔμπεδος
808 3218 847 3284 ὡς
861 3223 895 3281 τὸ
910 3216 1004 3298 πάρος
1018 3243 1085 3301 περ.
1144 3247 1191 3294 240

245 3319 284 3385 ὣς
300 3321 329 3382 οἱ
344 3321 399 3398 μὲν
416 3321 571 3387 κλαίοντες
586 3318 719 3403 ἐέρχατο·
751 3327 832 3385 τοῖσι
846 3324 877 3386 δέ
894 3321 987 3402 Κίρκη

245 3422 304 3504 πάρ
319 3422 345 3506 ῤ’
360 3423 473 3489 ἀκυλον
487 3425 626 3505 βάλανόν
642 3424 667 3486 τ’
683 3425 798 3504 ἔβαλεν
813 3425 927 3506 καρπόν
943 3450 976 3489 τε
991 3428 1125 3509 κρανείης

245 3526 373 3606 ἔδμεναι,
389 3528 439 3590 οἶα
454 3530 525 3595 ούες
538 3529 754 3612 χαμαιευνάδες
771 3531 836 3593 αίέν
852 3528 981 3592 ἔδουσιν.

289 3632 459 3714 Εὐρύλοχος
474 3632 500 3695 δ’
515 3631 566 3714 ἀφ·
578 3631 651 3710 ἦλθε
668 3633 740 3711 θοὴν
756 3633 806 3697 ἐπὶ
821 3635 879 3711 νῆα
894 3632 1050 3714 μέλαιναν,

245 3736 390 3819 ἀγγελίην
405 3735 517 3816 ἑτάρων
532 3735 621 3814 ἐρέων
636 3736 684 3800 καὶ
699 3735 822 3801 ἀδευκέα
836 3739 962 3817 πότμον.
1143 3765 1190 3814 ²45
