2874 4234
531 371 558 435 9.
581 355 816 415 οκπννιιικν
840 359 867 418 1.·
1111 355 1171 436 651

224 516 389 597 δειπνήσας
404 518 430 582 δ’
445 519 553 600 ἄντρου
568 518 700 598 ἐξῆλασε
715 521 805 584 πίονα
823 523 915 600 μῆλα,

222 622 343 703 ῥηϊδίως
359 624 488 704 ἀφελὼν
498 623 603 704 θυρεὸν
618 623 722 706 μέγαν·
745 624 837 705 αὐτὰρ
854 624 957 688 ἔπειτα

223 724 271 805 ἄψ
287 726 419 810 ἐπέθηχ’,
435 727 475 794 ὧς
490 727 519 790 εί
532 752 565 790 τε
586 726 718 813 φαρέτρῃ
733 727 811 806 πῶμ’
828 729 955 806 ἐπιθείη.

223 828 326 916 πολλῇ
338 832 374 893 δὲ
386 831 475 914 ῥοίζῳ
491 830 564 912 πρὸς
579 833 647 911 όρος
663 829 753 910 τρέπε
769 832 858 894 πίονα
873 835 956 910 μῆλα

224 932 370 1015 Κύκλωψ·
393 934 486 1015 αὐτὰρ
501 935 559 1015 ἐγὼ
575 936 708 1013 λιπόμην
724 937 800 997 κακὰ
814 934 1061 1015 βυσσοδομεύων,

225 1038 254 1100 εί
267 1063 330 1103 πως
344 1037 496 1118 τισαίμην,
512 1039 576 1115 δοίη
593 1036 626 1101 δέ
641 1063 690 1116 μοι
709 1037 797 1120 εὖχος
812 1035 934 1116 Ἀθήνη.

223 1141 278 1219 ἤδε
293 1142 326 1204 δέ
341 1167 392 1220 μοι
408 1141 483 1205 κατὰ
499 1146 592 1221 θυμὸν
607 1142 714 1221 ἆμίστη
730 1141 854 1222 φαίνετο
869 1140 979 1220 βουλή.

224 1243 389 1309 Κύκλωπος
404 1244 461 1326 γάρ
477 1245 574 1309 έκειτο
589 1243 667 1325 μέγα
681 1246 816 1325 ῥόπαλον
832 1247 912 1325 παρὰ
928 1245 1020 1330 σηκῷ,

223 1353 344 1429 χλωρὸν
360 1347 508 1413 ἐλαΐνεον·
530 1353 565 1411 τὸ
580 1351 636 1427 μὲν
651 1349 785 1428 ἔκταμεν,
803 1350 883 1429 ὄφρα
898 1349 1009 1430 φοροίη

226 1452 361 1518 αὐανθέν.
395 1457 428 1515 τὸ
443 1454 500 1532 μὲν
514 1452 609 1531 ἄμμες
625 1449 766 1531 ἐίσκομεν
782 1435 978 1532 εἰσορόωντες

225 1557 323 1620 ὅσσον
339 1556 365 1619 θ’
383 1557 469 1620 ἱστὸν
484 1555 555 1635 νηὸς
570 1556 754 1635 ἐεικοσόροιο
769 1557 923 1634 μελαίνης,

226 1660 366 1740 φορτίδος
382 1660 505 1741 εὐρείης,
520 1661 541 1738 ἤ
555 1659 581 1722 τ’
598 1657 729 1742 ἐκπεράᾳ
743 1659 821 1740 μέγα
836 1665 956 1740 λαῖτμα·

224 1765 339 1827 τόσσον
355 1764 408 1842 ἔην
421 1767 523 1843 μῆκος,
538 1765 653 1828 τόσσον
668 1761 768 1846 πάχος
782 1761 988 1844 εἰσοράασθαι.

224 1868 347 1947 τοῦμὲν
362 1864 477 1930 ὅσοντ’
493 1869 616 1950 ὄργυιαν
632 1867 710 1949 ἐγὼν
726 1865 868 1947 ἀπέκοψα
886 1866 1050 1946 παραστάς,

225 1967 274 2035 καὶ
290 1971 434 2053 παρέθηχ’
450 1970 612 2051 ἑτάροισιν,
629 1969 775 2048 ἀποξῦναι
791 1967 815 2033 δ’
830 1970 985 2034 ἐκέλευσα·

226 2076 255 2137 οὶ
271 2073 296 2138 δ’
314 2075 429 2152 ὁμαλὸν
444 2074 584 2152 ποίησαν
609 2074 668 2155 ἐγὼ
683 2070 708 2136 δ’
724 2073 844 2135 ε’θόωσα
859 2075 1014 2155 παραστὰς

226 2178 326 2260 ἄκρον,
342 2178 425 2260 ἄφαρ
441 2181 473 2242 δὲ
492 2178 601 2258 λαβὼν
618 2176 800 2259 ἐπυράκτεον
815 2178 847 2240 ἐν
862 2179 933 2259 πυρὶ
949 2178 1056 2264 κηλέῳ.

124 2307 127 2312 ·
226 2281 274 2346 καὶ
288 2282 323 2346 τὸ
337 2284 395 2363 μὲν
409 2282 442 2345 εὖ
457 2282 607 2362 κατέθηκα
622 2282 815 2363 κατακρύψας
829 2282 887 2345 ὑπὸ
904 2283 1013 2366 κόπρῳ,

224 2387 244 2465 ἤ
257 2388 296 2470 ῥα
312 2386 386 2450 κατὰ
402 2387 524 2452 σπείους
542 2386 648 2468 κέχυτο
663 2381 770 2467 μεγάλ’
784 2383 876 2463 ἤλιθα
892 2384 1003 2465 πολλῆ·

225 2489 317 2570 αὐτὰρ
333 2489 400 2555 τοὺς
414 2489 529 2554 ἄλλους
545 2487 644 2571 κλήρῳ
660 2487 857 2552 πεπαλάσθαι
872 2489 998 2572 ἄνωγον,

225 2593 259 2659 ός
274 2593 516 2679 τιςτολμῆσειεν
528 2590 592 2672 ἐμοὶ
608 2592 665 2656 σὺν
679 2598 797 2674 μοχλὸν
813 2592 914 2672 ἀείρας

225 2701 331 2779 τρῖψαι
347 2699 379 2760 ἐν
394 2697 553 2781 ὀφθαλμῷ,
570 2697 622 2759 ὅτε
637 2695 690 2759 τὸν
704 2697 815 2778 γλυκὺς
829 2698 922 2762 ὕπνος
941 2696 1048 2760 ἱκάνοι.

226 2802 255 2864 οἶ
270 2797 296 2864 δ’
312 2801 425 2884 ἔλαχον
439 2799 509 2866 τοὺς
524 2799 562 2864 ἄν
577 2826 610 2864 κε
626 2801 675 2863 καὶ
691 2798 803 2878 ἤθελον
818 2799 904 2864 αὐτὸς
922 2798 1055 2875 ἑλέσθαι,

225 2903 380 2985 τέσσαρες,
396 2903 488 2984 αὐτὰρ
505 2903 563 2985 ε’γδ
580 2903 715 2983 πέμπτος
730 2906 806 2983 μετὰ
820 2908 920 2967 τοῖσιν
935 2904 1075 2984 ἐλέγμην.

227 3008 366 3088 ἑσπέριος
381 3005 406 3070 δ’
422 3005 516 3086 ἤλθεν
530 3007 711 3090 καλλίτριχα
725 3010 808 3085 μῆλα
824 3006 966 3086 νομεύων·

226 3109 332 3198 αὐτίκα
345 3108 370 3174 δ’
387 3113 429 3176 είς
445 3111 512 3190 εύρδ
528 3109 621 3177 σπέος
637 3109 738 3189 ἤλασε
753 3111 843 3174 πίονα
857 3113 947 3190 μῆλα,

226 3215 323 3278 πάντα
331 3213 418 3291 μάλ’,
434 3215 502 3279 ούδέ
515 3240 544 3277 τι
559 3219 648 3277 λεῖπε
663 3216 792 3294 βαθείης
808 3215 930 3278 ἔκτοθεν
941 3214 1049 3293 αὐλῆς,

225 3315 245 3395 ἤ
260 3343 289 3380 τι
304 3317 472 3398 ὀϊσάμενος,
488 3315 507 3397 ἤ
524 3314 572 3381 καὶ
591 3321 656 3383 θεὸς
672 3319 712 3383 ὣς
729 3316 898 3381 ἐκέλευσεν.
973 3367 977 3386 ,

225 3423 318 3502 αύτδρ
332 3420 423 3485 ἔπειτ’
441 3422 567 3500 ἐπέθηκε
583 3421 689 3505 θυρεὸν
703 3421 799 3503 μέγαν
814 3421 909 3501 ὑψόσ’
925 3421 1034 3502 ἀείρας,

225 3525 365 3603 ἑζόμενος
380 3524 404 3588 δ’
420 3524 553 3608 ἤμελγεν
568 3527 614 3590 όϊς
630 3525 679 3589 καὶ
694 3522 828 3605 μηκάδας
844 3525 940 3607 αἶγας,

225 3628 324 3692 πάντα
340 3626 413 3691 κατὰ
427 3635 542 3711 μοῖραν,
559 3631 608 3693 καὶ
622 3627 670 3693 ὑπ’
688 3629 820 3710 ἔμβρυον
833 3629 905 3708 ἤκεν
921 3629 1041 3716 ἑκάστη.

225 3733 317 3815 αὐτὰρ
333 3733 400 3796 ἐπεὶ
416 3732 452 3811 δὴ
471 3738 587 3798 σπεῦσε
604 3731 812 3814 πονησάμενος
827 3732 865 3796 τὰ
882 3734 902 3795 δ
917 3733 999 3815 έργα,

670 3850 730 3919 v5
