2792 4232
279 325 341 412 306
595 338 645 409 15·
669 328 840 389 1A1AA02
863 327 900 390 0.

279 491 299 572 ἦ
315 491 450 565 ἔλπεσθ’,
466 489 504 572 ῆν
519 495 592 572 νῆας
608 493 663 581 έλη
679 493 874 576 κορυθαίολος
884 491 1011 574 Ἕκτωρ,

280 597 414 675 ἐμβαδὸν
429 594 548 675 ἵξεσθαι
563 595 601 676 ῆν
615 599 743 680 πατρίδα
757 602 848 679 γαῖαν
864 596 1014 669 έκαοτος,·
1173 625 1220 674 505

279 697 298 777 ῆ
313 699 365 761 οὐκ
381 701 554 780 ὀτρύνοντος
569 701 692 766 άκούετε
705 699 783 765 λοδν
798 701 916 764 ἅπαντα

275 799 428 882 Ἕκτορος,
446 801 479 869 δς
493 801 529 880 δῆ
545 806 618 881 νῆας
633 805 792 884 ἐνιπρῆσαι
806 803 955 881 μενεαίνει
963 817 982 877 ,·’

279 905 314 967 ού
328 909 388 983 μδν
403 906 434 970 ἔς
447 931 484 986 γε
498 905 591 988 χορὸν
607 904 702 970 κέλετ’
719 906 856 984 ἐλθέμεν,
872 905 954 968 ἀλλὰ
972 903 1135 989 μάχεσθαι.

278 1007 349 1086 ἡμῖν
364 1008 389 1073 δ’
406 1008 440 1070 ού
455 1033 500 1073 τις
514 1013 600 1072 τοῦδε
616 1009 685 1074 νόος
700 1009 749 1071 καὶ
764 1011 851 1088 μῆτις
867 1009 1005 1086 ἀμείνων,

278 1109 297 1189 ῆ
313 1111 494 1197 αὐτοσχεδίῃ
509 1109 594 1190 μῖξαι
608 1109 713 1193 χεῖράς
728 1136 761 1174 τε
775 1110 866 1189 μένος
882 1135 924 1174 τε.
1173 1140 1221 1188 510

278 1216 435 1297 βέλτερον,
451 1212 470 1294 ῆ
487 1213 659 1279 ἀπολέσθαι
674 1215 728 1278 έυει
743 1216 855 1297 χρόνον
869 1214 904 1292 ῆέ
918 1219 1038 1293 βιῶναι,

278 1315 296 1395 ῆ
313 1321 389 1397 δηθδι
405 1316 605 1399 στρεύγεσθαι
622 1318 654 1381 ἐν
669 1318 737 1402 αίνῆ
753 1319 887 1394 δηϊοτῆτι

280 1420 328 1484 ὧδ’
345 1420 440 1485 οὕτως
454 1423 535 1498 παρὰ
549 1420 656 1498 νηυσὶν
671 1415 721 1482 ὑπ’
737 1417 864 1500 ἀνδράσι
879 1419 1126 1501 χειροτέροισιν.”

315 1521 379 1589 Ὣς
394 1523 486 1586 είπδν
501 1523 611 1605 ὤτρυνε
625 1520 715 1601 μένος
734 1521 783 1584 καὶ
798 1520 892 1600 θυμὸν
907 1520 1045 1586 ἑκάστου.

279 1626 339 1691 ἔνθ’
352 1624 469 1707 Ἕκτωρ
484 1626 539 1705 μὲν
554 1625 607 1688 ἐλε
623 1623 760 1706 Σχεδίον,
776 1623 963 1704 Περιμήδεος
977 1624 1053 1697 υἱόν,
1175 1649 1202 1699 5¹
1208 1651 1222 1700 5

279 1728 374 1811 ἀρχὸν
388 1727 531 1806 Φωκήων,
550 1729 625 1792 Αίας
641 1726 665 1789 δ’
683 1725 735 1790 έλε
749 1724 950 1805 Λαοδάμαντα

278 1832 412 1914 ἡγεμόνα
426 1828 573 1912 πρυλέων,
591 1826 768 1910 ’Λντήυορος
783 1829 900 1910 άγλαδν
915 1831 990 1894 υἱόν

279 1932 479 2012 Πουλυδάμας
495 1931 519 1996 δ’
532 1931 629 1996 Ὦτον
646 1929 818 2010 Κυλλήνιον
834 1929 995 2015 ἐξενάριξε,

278 2037 433 2102 Φυλεΐδεω
450 2035 564 2117 έτιιρον,
581 2034 760 2118 μεγαθύμων
773 2035 870 2118 άρχδν
885 2034 1023 2102 Ἐπειῶν.

279 2143 319 2225 τῷ
335 2143 368 2204 δὲ
384 2137 490 2222 Μέγης
506 2137 673 2220 ἐπόρουσεν
688 2139 768 2202 ίδόν·
793 2141 809 2202 ὁ
824 2138 849 2203 δ’
865 2141 979 2203 ὕπαιθα
995 2139 1109 2219 λιάσθη
1177 2166 1225 2216 520

280 2243 488 2323 Πουλυδάμας·
513 2243 561 2309 καὶ
580 2248 632 2307 τοῢ
648 2243 705 2324 μέυ
717 2239 923 2324 ἀπήμβροτεν·
944 2243 978 2306 ού
993 2243 1227 2325 γὰρ’Λπόλλων

281 2346 329 2408 εία
343 2341 468 2408 Πάνθου
482 2343 548 2408 υίδν
563 2344 607 2408 ἐνὶ
623 2343 810 2428 προμάχοισι
826 2348 963 2425 δαμῆναι·

280 2446 373 2527 αὐτὰρ
388 2446 406 2509 ό
420 2472 456 2527 γε
472 2447 626 2526 Κροίσμου
641 2449 753 2526 στῆθος
766 2447 862 2527 μέσον
878 2447 987 2511 οὔτασε
1002 2450 1091 2529 δουρί.

280 2549 431 2626 δούπησεν
446 2550 480 2611 δὲ
495 2547 608 2612 πεσόν·
632 2549 648 2612 ό
663 2547 688 2613 δ’
705 2548 757 2613 ἀπ’
773 2550 860 2629 ὤμων
875 2549 972 2632 τεύχε’
988 2551 1094 2613 ἐσύλα.

280 2652 379 2732 τόφρα
393 2653 427 2715 δὲ
441 2652 482 2734 τῷ
499 2651 647 2732 ἐπόρουσε
662 2653 785 2734 Δόλοψ,
802 2654 913 2734 αἰχμῆς
929 2653 961 2716 εὖ
977 2654 1071 2731 εἰδώς,
1176 2681 1225 2728 5²5

280 2755 479 2833 Λαμπετίδης,
495 2751 529 2817 δν
544 2751 670 2832 Λάμπος
685 2754 823 2837 ἐγείνατο
839 2752 988 2836 φέρτατον
1002 2756 1077 2830 υἱόν,

281 2855 547 2937 Λαομεδοντιάδης,
564 2857 596 2921 εὖ
612 2857 712 2923 είδότα
728 2857 863 2938 θούριδος
878 2859 981 2937 ἀλκῆς,

281 2959 313 3026 δς
328 2960 396 3024 τότε
410 2958 562 3025 Φυλείδαο
576 2959 674 3040 μέσον
688 2958 782 3026 σάκος
796 2960 906 3026 οὔτασε
921 2962 1004 3044 δουρὶ

284 3059 409 3142 ἐγγύθεν
425 3057 572 3139 ὁρμηθείς·
597 3057 718 3122 πυκινὸς
733 3056 767 3121 δέ
782 3059 812 3120 οἱ
826 3057 936 3140 ἤρκεσε
951 3059 1059 3142 θώρηξ,

282 3164 336 3227 τόν
350 3161 379 3246 ῥ’
397 3162 501 3242 ἐφόρει
516 3158 678 3242 γυάλοισιν
693 3158 832 3240 άρηρότα·
856 3161 909 3226 τόν
924 3186 998 3225 ποτε
1013 3162 1129 3230 Φυλεὺς
1178 3191 1228 3240 530

283 3263 397 3346 ἤγαγεν
411 3261 447 3342 ἐξ
459 3263 602 3344 Ἐφύρης,
618 3267 753 3340 ποταμοῦ
768 3263 828 3326 άπο
844 3262 1044 3340 Σελλήεντος.

284 3367 380 3448 ξεῖνος
394 3365 452 3450 γάρ
468 3369 497 3430 οἱ
513 3367 622 3430 ἔδωκεν
636 3362 716 3443 ἅναξ
729 3366 844 3448 ἀνδρῶν
860 3365 1002 3448 Εὐφήτης

285 3474 316 3537 ἐς
330 3471 465 3550 πόλεμον
480 3467 613 3550 φορέειν,
629 3466 721 3547 δηίων
737 3469 852 3550 ἀνδρῶν
867 3469 1011 3549 ἀλεωρήν·

285 3577 318 3641 θς
333 3577 361 3638 οί
377 3576 426 3638 καὶ
442 3573 510 3636 τότε
526 3571 633 3638 παιδὸς
649 3572 708 3636 ἀπὸ
723 3571 815 3655 χροὸς
829 3570 930 3651 ἤρκεσ’
948 3575 1084 3656 ὄλεθρον.

284 3682 336 3740 τοῦ
351 3678 384 3740 δὲ
400 3673 505 3755 Μέγης
521 3675 645 3756 κόρυθος
659 3673 828 3756 χαλκήρεος
844 3677 1044 3754 ίπποδασείης
1179 3709 1228 3758 535
