<?xml version="1.0" encoding="UTF-8"?>
<!DOCTYPE html PUBLIC "-//W3C//DTD XHTML 1.0 Transitional//EN"
    "http://www.w3.org/TR/xhtml1/DTD/xhtml1-transitional.dtd">
<html xmlns="http://www.w3.org/1999/xhtml" xml:lang="en" lang="en">
 <head>
  <title>
</title>
<meta http-equiv="Content-Type" content="text/html;charset=utf-8" />
  <meta name='ocr-system' content='tesseract 3.04.00' />
  <meta name='ocr-capabilities' content='ocr_page ocr_carea ocr_par ocr_line ocrx_word'/>
</head>
<body>
  <div class='ocr_page' id='page_1' title='image "./homerioperaetre00homegoog_0334.png"; bbox 0 0 2792 4232; ppageno 0'>
   <div class='ocr_carea' id='block_1_1' title="bbox 264 333 909 414">
    <p class='ocr_par' dir='ltr' id='par_1_1' title="bbox 264 333 909 414">
     <span class='ocr_line' id='line_1_1' title="bbox 264 333 909 414; baseline 0 -18"><span class='ocrx_word' id='word_1_1' title='bbox 264 333 326 414; x_wconf 86' lang='lat'>318</span> <span class='ocrx_word' id='word_1_2' title='bbox 600 333 649 396; x_wconf 88' lang='lat'>16.</span> <span class='ocrx_word' id='word_1_3' title='bbox 674 336 844 396; x_wconf 85' lang='grc' dir='ltr'>ΙΛΙΑΔΟΣ</span> <span class='ocrx_word' id='word_1_4' title='bbox 868 337 909 396; x_wconf 92' lang='grc' dir='ltr'>Π.</span> 
     </span>
    </p>
   </div>
   <div class='ocr_carea' id='block_1_2' title="bbox 214 501 1217 3777">
    <p class='ocr_par' dir='ltr' id='par_1_2' title="bbox 214 501 1211 1511">
     <span class='ocr_line' id='line_1_2' title="bbox 267 501 1210 588; baseline -0.001 -20"><span class='ocrx_word' id='word_1_5' title='bbox 267 503 341 586; x_wconf 85' lang='grc' dir='ltr'>ἔργα</span> <span class='ocrx_word' id='word_1_6' title='bbox 356 507 441 576; x_wconf 84' lang='grc' dir='ltr'>θεῶν,</span> <span class='ocrx_word' id='word_1_7' title='bbox 457 504 526 586; x_wconf 81' lang='grc' dir='ltr'>όρα</span> <span class='ocrx_word' id='word_1_8' title='bbox 542 501 643 586; x_wconf 81' lang='grc' dir='ltr'>πάγχυ</span> <span class='ocrx_word' id='word_1_9' title='bbox 658 501 758 587; x_wconf 91' lang='grc' dir='ltr'>μάχης</span> <span class='ocrx_word' id='word_1_10' title='bbox 773 504 823 568; x_wconf 79' lang='grc' dir='ltr'>ἐπὶ</span> <span class='ocrx_word' id='word_1_11' title='bbox 837 503 934 584; x_wconf 91' lang='grc' dir='ltr'>μήδεα</span> <span class='ocrx_word' id='word_1_12' title='bbox 950 509 1030 588; x_wconf 81' lang='grc' dir='ltr'>κεῖρε</span> <span class='ocrx_word' id='word_1_13' title='bbox 1163 531 1210 567; x_wconf 85' lang='lat'>120</span> 
     </span>
     <span class='ocr_line' id='line_1_3' title="bbox 268 604 1032 688; baseline 0.008 -21"><span class='ocrx_word' id='word_1_14' title='bbox 268 606 342 671; x_wconf 80' lang='grc' dir='ltr'>Ζεὺς</span> <span class='ocrx_word' id='word_1_15' title='bbox 357 604 571 688; x_wconf 71' lang='grc' dir='ltr'>ὑψιβρεμέτης,</span> <span class='ocrx_word' id='word_1_16' title='bbox 587 606 729 687; x_wconf 86' lang='grc' dir='ltr'>Τρώεσσι</span> <span class='ocrx_word' id='word_1_17' title='bbox 744 609 776 670; x_wconf 76' lang='grc' dir='ltr'>δὲ</span> <span class='ocrx_word' id='word_1_18' title='bbox 792 606 923 686; x_wconf 79' lang='grc' dir='ltr'>βούλετο</span> <span class='ocrx_word' id='word_1_19' title='bbox 938 609 1032 686; x_wconf 87' lang='grc' dir='ltr'>νίκην·</span> 
     </span>
     <span class='ocr_line' id='line_1_4' title="bbox 267 705 1131 791; baseline 0.002 -21"><span class='ocrx_word' id='word_1_20' title='bbox 267 706 376 789; x_wconf 78' lang='grc' dir='ltr'>χάζετο</span> <span class='ocrx_word' id='word_1_21' title='bbox 391 705 419 772; x_wconf 89' lang='grc' dir='ltr'>δ’</span> <span class='ocrx_word' id='word_1_22' title='bbox 435 710 467 772; x_wconf 78' lang='grc' dir='ltr'>ἐκ</span> <span class='ocrx_word' id='word_1_23' title='bbox 483 708 611 788; x_wconf 88' lang='grc' dir='ltr'>βελέων.</span> <span class='ocrx_word' id='word_1_24' title='bbox 650 709 696 772; x_wconf 74' lang='grc' dir='ltr'>τοί</span> <span class='ocrx_word' id='word_1_25' title='bbox 712 707 736 772; x_wconf 91' lang='grc' dir='ltr'>δ’</span> <span class='ocrx_word' id='word_1_26' title='bbox 754 709 892 789; x_wconf 84' lang='grc' dir='ltr'>ἔμβαλον</span> <span class='ocrx_word' id='word_1_27' title='bbox 906 709 1059 787; x_wconf 84' lang='grc' dir='ltr'>ἀκάματον</span> <span class='ocrx_word' id='word_1_28' title='bbox 1075 716 1131 791; x_wconf 79' lang='grc' dir='ltr'>πῦρ</span> 
     </span>
     <span class='ocr_line' id='line_1_5' title="bbox 268 807 1075 894; baseline 0.006 -23"><span class='ocrx_word' id='word_1_29' title='bbox 268 809 317 888; x_wconf 73' lang='grc' dir='ltr'>νηῒ</span> <span class='ocrx_word' id='word_1_30' title='bbox 332 812 396 894; x_wconf 83' lang='grc' dir='ltr'>θοῇ·</span> <span class='ocrx_word' id='word_1_31' title='bbox 418 814 471 890; x_wconf 82' lang='grc' dir='ltr'>τῆς</span> <span class='ocrx_word' id='word_1_32' title='bbox 486 807 512 874; x_wconf 85' lang='grc' dir='ltr'>δ’</span> <span class='ocrx_word' id='word_1_33' title='bbox 528 811 608 892; x_wconf 80' lang='grc' dir='ltr'>αἶψα</span> <span class='ocrx_word' id='word_1_34' title='bbox 623 809 687 873; x_wconf 87' lang='grc' dir='ltr'>κατ’</span> <span class='ocrx_word' id='word_1_35' title='bbox 703 810 843 891; x_wconf 80' lang='grc' dir='ltr'>ἀσβέστη</span> <span class='ocrx_word' id='word_1_36' title='bbox 860 811 968 894; x_wconf 81' lang='grc' dir='ltr'>κέχυτο</span> <span class='ocrx_word' id='word_1_37' title='bbox 981 811 1075 892; x_wconf 81' lang='grc' dir='ltr'>φλόξ.</span> 
     </span>
     <span class='ocr_line' id='line_1_6' title="bbox 268 912 1126 998; baseline 0.009 -24"><span class='ocrx_word' id='word_1_38' title='bbox 268 912 307 976; x_wconf 75' lang='grc' dir='ltr'>ὣς</span> <span class='ocrx_word' id='word_1_39' title='bbox 322 912 377 991; x_wconf 77' lang='grc' dir='ltr'>τήν</span> <span class='ocrx_word' id='word_1_40' title='bbox 391 915 447 994; x_wconf 78' lang='grc' dir='ltr'>μὲν</span> <span class='ocrx_word' id='word_1_41' title='bbox 462 914 595 995; x_wconf 89' lang='grc' dir='ltr'>πρύμνην</span> <span class='ocrx_word' id='word_1_42' title='bbox 611 919 668 995; x_wconf 82' lang='grc' dir='ltr'>πῦρ</span> <span class='ocrx_word' id='word_1_43' title='bbox 684 915 833 995; x_wconf 87' lang='grc' dir='ltr'>άμφεπεν·</span> <span class='ocrx_word' id='word_1_44' title='bbox 856 915 947 996; x_wconf 82' lang='grc' dir='ltr'>αὐτδρ</span> <span class='ocrx_word' id='word_1_45' title='bbox 964 912 1126 998; x_wconf 83' lang='grc' dir='ltr'>Ἀχιλλεὺς</span> 
     </span>
     <span class='ocr_line' id='line_1_7' title="bbox 266 1014 1211 1100; baseline 0.002 -22"><span class='ocrx_word' id='word_1_46' title='bbox 266 1015 349 1095; x_wconf 81' lang='grc' dir='ltr'>μηρδ</span> <span class='ocrx_word' id='word_1_47' title='bbox 365 1014 556 1096; x_wconf 76' lang='grc' dir='ltr'>πληξάμενος</span> <span class='ocrx_word' id='word_1_48' title='bbox 574 1019 756 1100; x_wconf 79' lang='grc' dir='ltr'>Πατροκλῆα</span> <span class='ocrx_word' id='word_1_49' title='bbox 771 1016 961 1098; x_wconf 89' lang='grc' dir='ltr'>προσέειπεν·</span> <span class='ocrx_word' id='word_1_50' title='bbox 1165 1045 1211 1095; x_wconf 80' lang='lat'>1²5</span> 
     </span>
     <span class='ocr_line' id='line_1_8' title="bbox 269 1117 986 1202; baseline 0 -20"><span class='ocrx_word' id='word_1_51' title='bbox 269 1128 288 1153; x_wconf 83' lang='lat'>‘¹</span> <span class='ocrx_word' id='word_1_52' title='bbox 299 1121 398 1201; x_wconf 84' lang='grc' dir='ltr'>ὄρσεο,</span> <span class='ocrx_word' id='word_1_53' title='bbox 413 1122 548 1200; x_wconf 80' lang='grc' dir='ltr'>διογενὲς</span> <span class='ocrx_word' id='word_1_54' title='bbox 562 1122 764 1202; x_wconf 88' lang='grc' dir='ltr'>Πατρόκλεες,</span> <span class='ocrx_word' id='word_1_55' title='bbox 779 1117 986 1183; x_wconf 80' lang='grc' dir='ltr'>ἱπποκέλευθε·</span> 
     </span>
     <span class='ocr_line' id='line_1_9' title="bbox 214 1221 962 1304; baseline 0 -20"><span class='ocrx_word' id='word_1_56' title='bbox 214 1281 216 1290; x_wconf 29' lang='lat' dir='ltr'><em>s</em></span> <span class='ocrx_word' id='word_1_57' title='bbox 267 1221 390 1286; x_wconf 81' lang='grc' dir='ltr'>λεύσσω</span> <span class='ocrx_word' id='word_1_58' title='bbox 406 1221 442 1302; x_wconf 79' lang='grc' dir='ltr'>δή</span> <span class='ocrx_word' id='word_1_59' title='bbox 458 1225 539 1304; x_wconf 77' lang='grc' dir='ltr'>παρὰ</span> <span class='ocrx_word' id='word_1_60' title='bbox 554 1225 643 1302; x_wconf 89' lang='grc' dir='ltr'>νηυσὶ</span> <span class='ocrx_word' id='word_1_61' title='bbox 659 1223 750 1304; x_wconf 81' lang='grc' dir='ltr'>πυρὸς</span> <span class='ocrx_word' id='word_1_62' title='bbox 765 1221 862 1302; x_wconf 84' lang='grc' dir='ltr'>δηίοιο</span> <span class='ocrx_word' id='word_1_63' title='bbox 881 1221 962 1300; x_wconf 80' lang='grc' dir='ltr'>ἵωήυ·</span> 
     </span>
     <span class='ocr_line' id='line_1_10' title="bbox 268 1323 1026 1406; baseline 0.001 -18"><span class='ocrx_word' id='word_1_64' title='bbox 268 1327 308 1403; x_wconf 79' lang='grc' dir='ltr'>μή</span> <span class='ocrx_word' id='word_1_65' title='bbox 324 1324 360 1404; x_wconf 81' lang='grc' dir='ltr'>δή</span> <span class='ocrx_word' id='word_1_66' title='bbox 377 1328 448 1404; x_wconf 81' lang='grc' dir='ltr'>νῆας</span> <span class='ocrx_word' id='word_1_67' title='bbox 464 1325 558 1388; x_wconf 77' lang='grc' dir='ltr'>ἕλωσι</span> <span class='ocrx_word' id='word_1_68' title='bbox 574 1327 623 1389; x_wconf 82' lang='grc' dir='ltr'>καὶ</span> <span class='ocrx_word' id='word_1_69' title='bbox 640 1323 738 1389; x_wconf 78' lang='grc' dir='ltr'>οὐκέτι</span> <span class='ocrx_word' id='word_1_70' title='bbox 753 1328 851 1406; x_wconf 79' lang='grc' dir='ltr'>φυκτὰ</span> <span class='ocrx_word' id='word_1_71' title='bbox 865 1324 1026 1389; x_wconf 85' lang='grc' dir='ltr'>πέλωνται·</span> 
     </span>
     <span class='ocr_line' id='line_1_11' title="bbox 269 1425 1046 1511; baseline 0.003 -22"><span class='ocrx_word' id='word_1_72' title='bbox 269 1428 359 1490; x_wconf 82' lang='grc' dir='ltr'>δύσεο</span> <span class='ocrx_word' id='word_1_73' title='bbox 374 1427 483 1511; x_wconf 87' lang='grc' dir='ltr'>τεύχεα</span> <span class='ocrx_word' id='word_1_74' title='bbox 498 1431 625 1504; x_wconf 78' lang='grc' dir='ltr'>θᾶσσον,</span> <span class='ocrx_word' id='word_1_75' title='bbox 643 1429 701 1510; x_wconf 77' lang='grc' dir='ltr'>έγιδ</span> <span class='ocrx_word' id='word_1_76' title='bbox 718 1427 751 1491; x_wconf 85' lang='grc' dir='ltr'>δέ</span> <span class='ocrx_word' id='word_1_77' title='bbox 766 1454 800 1492; x_wconf 91' lang='grc' dir='ltr'>κε</span> <span class='ocrx_word' id='word_1_78' title='bbox 814 1427 891 1492; x_wconf 83' lang='grc' dir='ltr'>λαὸν</span> <span class='ocrx_word' id='word_1_79' title='bbox 906 1425 1046 1510; x_wconf 85' lang='grc' dir='ltr'>ἀγείρω.”</span> 
     </span>
    </p>

    <p class='ocr_par' dir='ltr' id='par_1_3' title="bbox 269 1528 1217 3777">
     <span class='ocr_line' id='line_1_12' title="bbox 306 1528 1212 1619; baseline 0.006 -29"><span class='ocrx_word' id='word_1_80' title='bbox 306 1528 368 1596; x_wconf 80' lang='grc' dir='ltr'>Ὣς</span> <span class='ocrx_word' id='word_1_81' title='bbox 384 1529 473 1612; x_wconf 85' lang='grc' dir='ltr'>φάτο,</span> <span class='ocrx_word' id='word_1_82' title='bbox 486 1529 663 1613; x_wconf 86' lang='grc' dir='ltr'>Πάτροκλος</span> <span class='ocrx_word' id='word_1_83' title='bbox 679 1533 712 1594; x_wconf 76' lang='grc' dir='ltr'>δὲ</span> <span class='ocrx_word' id='word_1_84' title='bbox 727 1531 894 1612; x_wconf 86' lang='grc' dir='ltr'>κορύσσετο</span> <span class='ocrx_word' id='word_1_85' title='bbox 909 1532 1022 1613; x_wconf 89' lang='grc' dir='ltr'>νώροπι</span> <span class='ocrx_word' id='word_1_86' title='bbox 1035 1535 1150 1619; x_wconf 72' lang='grc' dir='ltr'>χαλκῷ.</span> <span class='ocrx_word' id='word_1_87' title='bbox 1166 1560 1212 1608; x_wconf 78' lang='lat'>130</span> 
     </span>
     <span class='ocr_line' id='line_1_13' title="bbox 270 1633 951 1720; baseline 0.001 -23"><span class='ocrx_word' id='word_1_88' title='bbox 270 1639 411 1712; x_wconf 82' lang='grc' dir='ltr'>κνημῖδας</span> <span class='ocrx_word' id='word_1_89' title='bbox 424 1636 480 1714; x_wconf 79' lang='grc' dir='ltr'>μὲν</span> <span class='ocrx_word' id='word_1_90' title='bbox 495 1640 598 1717; x_wconf 79' lang='grc' dir='ltr'>πρῶτα</span> <span class='ocrx_word' id='word_1_91' title='bbox 613 1637 681 1716; x_wconf 87' lang='grc' dir='ltr'>περὶ</span> <span class='ocrx_word' id='word_1_92' title='bbox 697 1633 846 1720; x_wconf 79' lang='grc' dir='ltr'>κνήμῃσιν</span> <span class='ocrx_word' id='word_1_93' title='bbox 862 1635 951 1712; x_wconf 80' lang='grc' dir='ltr'>ἔθηκε</span> 
     </span>
     <span class='ocr_line' id='line_1_14' title="bbox 270 1736 953 1820; baseline 0.006 -20"><span class='ocrx_word' id='word_1_94' title='bbox 270 1736 373 1813; x_wconf 86' lang='grc' dir='ltr'>καλάς,</span> <span class='ocrx_word' id='word_1_95' title='bbox 391 1738 580 1820; x_wconf 82' lang='grc' dir='ltr'>ἀργυρέοισιν</span> <span class='ocrx_word' id='word_1_96' title='bbox 596 1739 787 1818; x_wconf 79' lang='grc' dir='ltr'>ἐπισφυρίοις</span> <span class='ocrx_word' id='word_1_97' title='bbox 803 1739 953 1819; x_wconf 84' lang='grc' dir='ltr'>ἀραρυίας·</span> 
     </span>
     <span class='ocr_line' id='line_1_15' title="bbox 270 1839 959 1923; baseline 0.006 -21"><span class='ocrx_word' id='word_1_98' title='bbox 270 1839 407 1921; x_wconf 88' lang='grc' dir='ltr'>δεύτερον</span> <span class='ocrx_word' id='word_1_99' title='bbox 422 1841 458 1904; x_wconf 77' lang='grc' dir='ltr'>αὖ</span> <span class='ocrx_word' id='word_1_100' title='bbox 474 1841 592 1921; x_wconf 80' lang='grc' dir='ltr'>θώρηκα</span> <span class='ocrx_word' id='word_1_101' title='bbox 607 1843 675 1923; x_wconf 85' lang='grc' dir='ltr'>περὶ</span> <span class='ocrx_word' id='word_1_102' title='bbox 691 1839 860 1920; x_wconf 86' lang='grc' dir='ltr'>στήθεσσιν</span> <span class='ocrx_word' id='word_1_103' title='bbox 875 1840 959 1906; x_wconf 81' lang='grc' dir='ltr'>ἔδυνε</span> 
     </span>
     <span class='ocr_line' id='line_1_16' title="bbox 270 1944 941 2024; baseline 0 -18"><span class='ocrx_word' id='word_1_104' title='bbox 270 1944 409 2008; x_wconf 82' lang='grc' dir='ltr'>ποικίλον</span> <span class='ocrx_word' id='word_1_105' title='bbox 424 1944 606 2024; x_wconf 88' lang='grc' dir='ltr'>ἀστερόεντα</span> <span class='ocrx_word' id='word_1_106' title='bbox 621 1944 772 2009; x_wconf 75' lang='grc' dir='ltr'>ποδώκεος</span> <span class='ocrx_word' id='word_1_107' title='bbox 788 1945 941 2007; x_wconf 71' lang='grc' dir='ltr'>Αίακῶαο.</span> 
     </span>
     <span class='ocr_line' id='line_1_17' title="bbox 270 2043 1213 2130; baseline 0.003 -20"><span class='ocrx_word' id='word_1_108' title='bbox 270 2048 347 2127; x_wconf 88' lang='grc' dir='ltr'>ἀμφὶ</span> <span class='ocrx_word' id='word_1_109' title='bbox 363 2044 389 2110; x_wconf 86' lang='grc' dir='ltr'>δ’</span> <span class='ocrx_word' id='word_1_110' title='bbox 405 2043 451 2128; x_wconf 86' lang='grc' dir='ltr'>ἀρ’</span> <span class='ocrx_word' id='word_1_111' title='bbox 467 2046 594 2126; x_wconf 82' lang='grc' dir='ltr'>ὤμοισιν</span> <span class='ocrx_word' id='word_1_112' title='bbox 608 2045 726 2126; x_wconf 87' lang='grc' dir='ltr'>βάλετο</span> <span class='ocrx_word' id='word_1_113' title='bbox 742 2045 831 2130; x_wconf 81' lang='grc' dir='ltr'>ξίφος</span> <span class='ocrx_word' id='word_1_114' title='bbox 848 2047 1034 2129; x_wconf 82' lang='grc' dir='ltr'>ἀργυρόηλον</span> <span class='ocrx_word' id='word_1_115' title='bbox 1165 2075 1213 2129; x_wconf 74' lang='lat'>135</span> 
     </span>
     <span class='ocr_line' id='line_1_18' title="bbox 269 2149 1110 2234; baseline 0.004 -21"><span class='ocrx_word' id='word_1_116' title='bbox 269 2149 412 2234; x_wconf 89' lang='grc' dir='ltr'>χάλκεον,</span> <span class='ocrx_word' id='word_1_117' title='bbox 429 2150 520 2230; x_wconf 81' lang='grc' dir='ltr'>αὐτὰρ</span> <span class='ocrx_word' id='word_1_118' title='bbox 536 2150 641 2215; x_wconf 85' lang='grc' dir='ltr'>ἔπειτα</span> <span class='ocrx_word' id='word_1_119' title='bbox 656 2149 749 2216; x_wconf 92' lang='grc' dir='ltr'>σάκος</span> <span class='ocrx_word' id='word_1_120' title='bbox 764 2149 842 2232; x_wconf 87' lang='grc' dir='ltr'>μέγα</span> <span class='ocrx_word' id='word_1_121' title='bbox 856 2176 889 2214; x_wconf 91' lang='grc' dir='ltr'>τε</span> <span class='ocrx_word' id='word_1_122' title='bbox 905 2154 1054 2231; x_wconf 89' lang='grc' dir='ltr'>στιβαρόν</span> <span class='ocrx_word' id='word_1_123' title='bbox 1069 2171 1110 2217; x_wconf 85' lang='grc' dir='ltr'>τε·</span> 
     </span>
     <span class='ocr_line' id='line_1_19' title="bbox 270 2253 986 2338; baseline 0.001 -21"><span class='ocrx_word' id='word_1_124' title='bbox 270 2256 354 2337; x_wconf 86' lang='grc' dir='ltr'>κρατὶ</span> <span class='ocrx_word' id='word_1_125' title='bbox 369 2255 394 2317; x_wconf 89' lang='grc' dir='ltr'>δ’</span> <span class='ocrx_word' id='word_1_126' title='bbox 411 2253 457 2318; x_wconf 73' lang='grc' dir='ltr'>ἐπ’</span> <span class='ocrx_word' id='word_1_127' title='bbox 475 2254 587 2338; x_wconf 77' lang='grc' dir='ltr'>ἰφθίμῳ</span> <span class='ocrx_word' id='word_1_128' title='bbox 605 2253 711 2332; x_wconf 89' lang='grc' dir='ltr'>κυνέην</span> <span class='ocrx_word' id='word_1_129' title='bbox 726 2254 865 2318; x_wconf 80' lang='grc' dir='ltr'>εὔτυκτον</span> <span class='ocrx_word' id='word_1_130' title='bbox 880 2254 986 2333; x_wconf 87' lang='grc' dir='ltr'>έθηκεν</span> 
     </span>
     <span class='ocr_line' id='line_1_20' title="bbox 270 2357 1025 2439; baseline -0.001 -18"><span class='ocrx_word' id='word_1_131' title='bbox 270 2360 420 2439; x_wconf 84' lang='grc' dir='ltr'>ἵππουριν·</span> <span class='ocrx_word' id='word_1_132' title='bbox 443 2357 542 2420; x_wconf 87' lang='grc' dir='ltr'>δεινὸν</span> <span class='ocrx_word' id='word_1_133' title='bbox 556 2359 589 2420; x_wconf 76' lang='grc' dir='ltr'>δὲ</span> <span class='ocrx_word' id='word_1_134' title='bbox 603 2358 702 2437; x_wconf 88' lang='grc' dir='ltr'>λόφος</span> <span class='ocrx_word' id='word_1_135' title='bbox 718 2358 902 2437; x_wconf 87' lang='grc' dir='ltr'>καθύπερθεν</span> <span class='ocrx_word' id='word_1_136' title='bbox 916 2357 1025 2421; x_wconf 80' lang='grc' dir='ltr'>ἔνευεν.</span> 
     </span>
     <span class='ocr_line' id='line_1_21' title="bbox 271 2458 1070 2542; baseline 0.001 -19"><span class='ocrx_word' id='word_1_137' title='bbox 271 2463 369 2524; x_wconf 87' lang='grc' dir='ltr'>εἵλετο</span> <span class='ocrx_word' id='word_1_138' title='bbox 386 2461 410 2524; x_wconf 91' lang='grc' dir='ltr'>δ’</span> <span class='ocrx_word' id='word_1_139' title='bbox 427 2461 540 2538; x_wconf 79' lang='grc' dir='ltr'>ἄλκιμα</span> <span class='ocrx_word' id='word_1_140' title='bbox 554 2465 649 2542; x_wconf 82' lang='grc' dir='ltr'>δοῦρε,</span> <span class='ocrx_word' id='word_1_141' title='bbox 666 2460 703 2523; x_wconf 81' lang='grc' dir='ltr'>τά</span> <span class='ocrx_word' id='word_1_142' title='bbox 718 2463 747 2524; x_wconf 83' lang='grc' dir='ltr'>οἵ</span> <span class='ocrx_word' id='word_1_143' title='bbox 762 2458 943 2541; x_wconf 86' lang='grc' dir='ltr'>παλάμηφιν</span> <span class='ocrx_word' id='word_1_144' title='bbox 958 2458 1070 2540; x_wconf 82' lang='grc' dir='ltr'>ἀρήρει.</span> 
     </span>
     <span class='ocr_line' id='line_1_22' title="bbox 273 2562 1216 2647; baseline 0.005 -22"><span class='ocrx_word' id='word_1_145' title='bbox 273 2565 362 2646; x_wconf 83' lang='grc' dir='ltr'>ἔγχος</span> <span class='ocrx_word' id='word_1_146' title='bbox 378 2562 404 2627; x_wconf 91' lang='grc' dir='ltr'>δ’</span> <span class='ocrx_word' id='word_1_147' title='bbox 421 2564 478 2647; x_wconf 78' lang='grc' dir='ltr'>οὐχ</span> <span class='ocrx_word' id='word_1_148' title='bbox 493 2562 572 2628; x_wconf 80' lang='grc' dir='ltr'>ἕλετ’</span> <span class='ocrx_word' id='word_1_149' title='bbox 589 2565 653 2629; x_wconf 87' lang='grc' dir='ltr'>οἶον</span> <span class='ocrx_word' id='word_1_150' title='bbox 669 2565 816 2643; x_wconf 87' lang='grc' dir='ltr'>ἀμύμονος</span> <span class='ocrx_word' id='word_1_151' title='bbox 832 2564 986 2637; x_wconf 82' lang='grc' dir='ltr'>Αἰακίδαο,</span> <span class='ocrx_word' id='word_1_152' title='bbox 1169 2593 1216 2640; x_wconf 81' lang='grc' dir='ltr'>ιηο</span> 
     </span>
     <span class='ocr_line' id='line_1_23' title="bbox 271 2664 1183 2750; baseline 0.004 -20"><span class='ocrx_word' id='word_1_153' title='bbox 271 2667 362 2747; x_wconf 86' lang='grc' dir='ltr'>βριθὺ</span> <span class='ocrx_word' id='word_1_154' title='bbox 376 2665 455 2749; x_wconf 89' lang='grc' dir='ltr'>μέγα</span> <span class='ocrx_word' id='word_1_155' title='bbox 470 2668 628 2748; x_wconf 86' lang='grc' dir='ltr'>στιβαρόν·</span> <span class='ocrx_word' id='word_1_156' title='bbox 652 2667 687 2730; x_wconf 89' lang='grc' dir='ltr'>τὸ</span> <span class='ocrx_word' id='word_1_157' title='bbox 701 2669 756 2745; x_wconf 79' lang='grc' dir='ltr'>μὲν</span> <span class='ocrx_word' id='word_1_158' title='bbox 771 2666 806 2729; x_wconf 81' lang='grc' dir='ltr'>οὗ</span> <span class='ocrx_word' id='word_1_159' title='bbox 821 2665 921 2730; x_wconf 90' lang='grc' dir='ltr'>δύνατ’</span> <span class='ocrx_word' id='word_1_160' title='bbox 936 2668 1031 2734; x_wconf 87' lang='grc' dir='ltr'>ἀλλος</span> <span class='ocrx_word' id='word_1_161' title='bbox 1048 2664 1183 2750; x_wconf 81' lang='grc' dir='ltr'>Ἀχαιῶν</span> 
     </span>
     <span class='ocr_line' id='line_1_24' title="bbox 272 2769 1112 2854; baseline 0.005 -21"><span class='ocrx_word' id='word_1_162' title='bbox 272 2770 411 2847; x_wconf 83' lang='grc' dir='ltr'>πάλλειν,</span> <span class='ocrx_word' id='word_1_163' title='bbox 427 2770 508 2833; x_wconf 85' lang='grc' dir='ltr'>ἀλλά</span> <span class='ocrx_word' id='word_1_164' title='bbox 522 2796 575 2850; x_wconf 91' lang='grc' dir='ltr'>μιν</span> <span class='ocrx_word' id='word_1_165' title='bbox 590 2771 653 2835; x_wconf 84' lang='grc' dir='ltr'>οἶος</span> <span class='ocrx_word' id='word_1_166' title='bbox 668 2770 814 2832; x_wconf 85' lang='grc' dir='ltr'>ἐπίστατο</span> <span class='ocrx_word' id='word_1_167' title='bbox 830 2774 926 2848; x_wconf 84' lang='grc' dir='ltr'>πῆλαι</span> <span class='ocrx_word' id='word_1_168' title='bbox 942 2769 1112 2854; x_wconf 85' lang='grc' dir='ltr'>Ἀχιλλεύς,</span> 
     </span>
     <span class='ocr_line' id='line_1_25' title="bbox 273 2872 1043 2956; baseline 0.005 -21"><span class='ocrx_word' id='word_1_169' title='bbox 273 2872 415 2952; x_wconf 89' lang='grc' dir='ltr'>Πηλιάδα</span> <span class='ocrx_word' id='word_1_170' title='bbox 429 2875 548 2951; x_wconf 91' lang='grc' dir='ltr'>μελίην,</span> <span class='ocrx_word' id='word_1_171' title='bbox 564 2873 620 2950; x_wconf 79' lang='grc' dir='ltr'>τήν</span> <span class='ocrx_word' id='word_1_172' title='bbox 635 2873 724 2950; x_wconf 87' lang='grc' dir='ltr'>πατρὶ</span> <span class='ocrx_word' id='word_1_173' title='bbox 740 2873 822 2956; x_wconf 82' lang='grc' dir='ltr'>φίλερ</span> <span class='ocrx_word' id='word_1_174' title='bbox 833 2875 912 2955; x_wconf 85' lang='grc' dir='ltr'>’πόρε</span> <span class='ocrx_word' id='word_1_175' title='bbox 927 2877 1043 2955; x_wconf 82' lang='grc' dir='ltr'>Χείρων</span> 
     </span>
     <span class='ocr_line' id='line_1_26' title="bbox 274 2975 1023 3058; baseline 0.004 -20"><span class='ocrx_word' id='word_1_176' title='bbox 274 2977 393 3053; x_wconf 88' lang='grc' dir='ltr'>Πηλίου</span> <span class='ocrx_word' id='word_1_177' title='bbox 408 2978 441 3039; x_wconf 78' lang='grc' dir='ltr'>ἔκ</span> <span class='ocrx_word' id='word_1_178' title='bbox 459 2979 596 3058; x_wconf 81' lang='grc' dir='ltr'>κορυφῆς,</span> <span class='ocrx_word' id='word_1_179' title='bbox 613 2975 708 3055; x_wconf 90' lang='grc' dir='ltr'>φόνον</span> <span class='ocrx_word' id='word_1_180' title='bbox 724 2975 848 3054; x_wconf 78' lang='grc' dir='ltr'>ἔμμεναι</span> <span class='ocrx_word' id='word_1_181' title='bbox 863 2975 1023 3058; x_wconf 75' lang='grc' dir='ltr'>ἡρώεσσιν.</span> 
     </span>
     <span class='ocr_line' id='line_1_27' title="bbox 274 3077 1216 3161; baseline -0.001 -18"><span class='ocrx_word' id='word_1_182' title='bbox 274 3083 383 3146; x_wconf 82' lang='grc' dir='ltr'>ἵππους</span> <span class='ocrx_word' id='word_1_183' title='bbox 399 3080 423 3142; x_wconf 94' lang='grc' dir='ltr'>δ’</span> <span class='ocrx_word' id='word_1_184' title='bbox 440 3077 648 3157; x_wconf 79' lang='grc' dir='ltr'>Αὐτομέδοντα</span> <span class='ocrx_word' id='word_1_185' title='bbox 663 3081 739 3142; x_wconf 84' lang='grc' dir='ltr'>θοῶς</span> <span class='ocrx_word' id='word_1_186' title='bbox 756 3079 914 3161; x_wconf 84' lang='grc' dir='ltr'>ζευγνῦμεν</span> <span class='ocrx_word' id='word_1_187' title='bbox 930 3079 1036 3159; x_wconf 85' lang='grc' dir='ltr'>ἄνωγε,</span> <span class='ocrx_word' id='word_1_188' title='bbox 1171 3105 1216 3156; x_wconf 76' lang='lat'>145</span> 
     </span>
     <span class='ocr_line' id='line_1_28' title="bbox 274 3179 956 3264; baseline 0 -18"><span class='ocrx_word' id='word_1_189' title='bbox 274 3184 326 3248; x_wconf 87' lang='grc' dir='ltr'>τάν</span> <span class='ocrx_word' id='word_1_190' title='bbox 340 3183 403 3263; x_wconf 86' lang='grc' dir='ltr'>μετ’</span> <span class='ocrx_word' id='word_1_191' title='bbox 425 3180 577 3264; x_wconf 81' lang='grc' dir='ltr'>Ἀχιλλῆα</span> <span class='ocrx_word' id='word_1_192' title='bbox 589 3179 738 3261; x_wconf 83' lang='grc' dir='ltr'>ῥηξήνορα</span> <span class='ocrx_word' id='word_1_193' title='bbox 753 3185 797 3246; x_wconf 81' lang='grc' dir='ltr'>τῖε</span> <span class='ocrx_word' id='word_1_194' title='bbox 813 3181 956 3262; x_wconf 88' lang='grc' dir='ltr'>μάλιστα,</span> 
     </span>
     <span class='ocr_line' id='line_1_29' title="bbox 274 3281 1061 3369; baseline -0.005 -19"><span class='ocrx_word' id='word_1_195' title='bbox 274 3288 454 3351; x_wconf 87' lang='grc' dir='ltr'>πιστότατος</span> <span class='ocrx_word' id='word_1_196' title='bbox 470 3284 503 3348; x_wconf 86' lang='grc' dir='ltr'>δέ</span> <span class='ocrx_word' id='word_1_197' title='bbox 517 3288 546 3347; x_wconf 79' lang='grc' dir='ltr'>οἵ</span> <span class='ocrx_word' id='word_1_198' title='bbox 562 3283 633 3346; x_wconf 82' lang='grc' dir='ltr'>ἔσκε</span> <span class='ocrx_word' id='word_1_199' title='bbox 647 3281 730 3369; x_wconf 84' lang='grc' dir='ltr'>μάχῃ</span> <span class='ocrx_word' id='word_1_200' title='bbox 746 3285 790 3347; x_wconf 87' lang='grc' dir='ltr'>ἔνι</span> <span class='ocrx_word' id='word_1_201' title='bbox 805 3290 905 3363; x_wconf 81' lang='grc' dir='ltr'>μεῖναι</span> <span class='ocrx_word' id='word_1_202' title='bbox 920 3283 1061 3361; x_wconf 86' lang='grc' dir='ltr'>ὁμοκλήν.</span> 
     </span>
     <span class='ocr_line' id='line_1_30' title="bbox 274 3385 1075 3471; baseline 0.001 -20"><span class='ocrx_word' id='word_1_203' title='bbox 274 3391 315 3471; x_wconf 75' lang='grc' dir='ltr'>τῷ</span> <span class='ocrx_word' id='word_1_204' title='bbox 331 3392 362 3452; x_wconf 80' lang='grc' dir='ltr'>δὲ</span> <span class='ocrx_word' id='word_1_205' title='bbox 379 3390 426 3452; x_wconf 81' lang='grc' dir='ltr'>καὶ</span> <span class='ocrx_word' id='word_1_206' title='bbox 442 3387 619 3466; x_wconf 82' lang='grc' dir='ltr'>Αὐτομέδων</span> <span class='ocrx_word' id='word_1_207' title='bbox 633 3387 730 3468; x_wconf 84' lang='grc' dir='ltr'>ύπαγε</span> <span class='ocrx_word' id='word_1_208' title='bbox 747 3386 834 3469; x_wconf 83' lang='grc' dir='ltr'>ζυγὸν</span> <span class='ocrx_word' id='word_1_209' title='bbox 849 3385 942 3452; x_wconf 82' lang='grc' dir='ltr'>ὠκέας</span> <span class='ocrx_word' id='word_1_210' title='bbox 959 3390 1075 3462; x_wconf 89' lang='grc' dir='ltr'>ἵππους,</span> 
     </span>
     <span class='ocr_line' id='line_1_31' title="bbox 276 3486 1042 3573; baseline -0.005 -15"><span class='ocrx_word' id='word_1_211' title='bbox 276 3492 395 3558; x_wconf 84' lang='grc' dir='ltr'>Ξάνθον</span> <span class='ocrx_word' id='word_1_212' title='bbox 410 3493 458 3553; x_wconf 86' lang='grc' dir='ltr'>καὶ</span> <span class='ocrx_word' id='word_1_213' title='bbox 474 3491 596 3563; x_wconf 91' lang='grc' dir='ltr'>Βαλίον,</span> <span class='ocrx_word' id='word_1_214' title='bbox 612 3490 653 3552; x_wconf 76' lang='grc' dir='ltr'>τὸ</span> <span class='ocrx_word' id='word_1_215' title='bbox 667 3489 730 3569; x_wconf 87' lang='grc' dir='ltr'>άμα</span> <span class='ocrx_word' id='word_1_216' title='bbox 744 3489 868 3573; x_wconf 78' lang='grc' dir='ltr'>πνοιῇσι</span> <span class='ocrx_word' id='word_1_217' title='bbox 883 3486 1042 3567; x_wconf 89' lang='grc' dir='ltr'>πετέσθην,</span> 
     </span>
     <span class='ocr_line' id='line_1_32' title="bbox 275 3590 1217 3677; baseline 0.001 -21"><span class='ocrx_word' id='word_1_218' title='bbox 275 3594 342 3659; x_wconf 86' lang='grc' dir='ltr'>τοὺς</span> <span class='ocrx_word' id='word_1_219' title='bbox 361 3593 442 3656; x_wconf 87' lang='grc' dir='ltr'>ἔτεκε</span> <span class='ocrx_word' id='word_1_220' title='bbox 458 3595 582 3676; x_wconf 83' lang='grc' dir='ltr'>Ζεφύρῳ</span> <span class='ocrx_word' id='word_1_221' title='bbox 599 3591 697 3677; x_wconf 78' lang='grc' dir='ltr'>ἀνέμῳ</span> <span class='ocrx_word' id='word_1_222' title='bbox 712 3590 843 3672; x_wconf 74' lang='grc' dir='ltr'>Ἀρπυια</span> <span class='ocrx_word' id='word_1_223' title='bbox 859 3590 1010 3674; x_wconf 88' lang='grc' dir='ltr'>Ποδάργη,</span> <span class='ocrx_word' id='word_1_224' title='bbox 1171 3621 1217 3671; x_wconf 79' lang='lat'>¹50</span> 
     </span>
     <span class='ocr_line' id='line_1_33' title="bbox 276 3693 957 3777; baseline 0.001 -17"><span class='ocrx_word' id='word_1_225' title='bbox 276 3693 447 3776; x_wconf 87' lang='grc' dir='ltr'>βοσκομένη</span> <span class='ocrx_word' id='word_1_226' title='bbox 462 3699 587 3775; x_wconf 78' lang='grc' dir='ltr'>λειμῶνι</span> <span class='ocrx_word' id='word_1_227' title='bbox 606 3698 686 3777; x_wconf 74' lang='grc' dir='ltr'>παρὰ</span> <span class='ocrx_word' id='word_1_228' title='bbox 701 3697 773 3776; x_wconf 82' lang='grc' dir='ltr'>ῥόον</span> <span class='ocrx_word' id='word_1_229' title='bbox 788 3694 957 3761; x_wconf 85' lang='grc' dir='ltr'>Ὠκεανοῖο.</span> 
     </span>
    </p>
   </div>
   <div class='ocr_carea' id='block_1_3' title="bbox 0 0 1412 4232">
    <p class='ocr_par' dir='ltr' id='par_1_4' title="bbox 0 0 1412 4232">
     <span class='ocr_line' id='line_1_34' title="bbox 0 0 1412 4232; baseline 0 0"><span class='ocrx_word' id='word_1_230' title='bbox 0 0 1412 4232; x_wconf 95' lang='lat' dir='ltr'> </span> 
     </span>
    </p>
   </div>
  </div>
 </body>
</html>
