2792 4232
259 344 321 422 348
578 351 627 416 17.
652 339 822 398 ικιΑΔοΣ
848 339 878 396 Ρ.

256 515 273 541 “
283 510 384 587 Τρῶες
400 506 448 569 καὶ
463 505 567 569 Λύκιοι
584 505 632 568 καὶ
646 503 797 586 Δάρδανοι
813 505 1029 588 ἀγχιμαχηταί,

255 609 357 690 ἀνέρες
373 610 453 682 ἔστε,
473 612 570 691 φίλοι,
586 608 745 689 μνήσασθε
761 613 793 674 δὲ
810 609 944 689 θούριδος
963 610 1063 685 ἀλκῆς,
1157 622 1201 682 185

255 712 322 793 ὄφρ’
340 711 377 775 ἀν
392 713 469 795 ἐγδυ
483 712 629 794 Ἀχιλῆος
645 713 794 791 ἀμύμονος
810 712 897 774 ἔντεα
912 711 970 775 δύω

256 813 342 886 καλά,
359 814 395 878 τά
411 815 603 898 Πατρόκλοιο
618 815 692 893 βίην
712 811 833 895 ἐνάριξα
854 810 1028 879 κοτακτάς.”

291 918 354 985 Ὣς
370 920 426 998 ἀρα
441 917 589 999 φωνήσας
607 919 709 999 ἀπέβη
727 923 923 1001 κορυθαίολος
933 917 1050 999 Ἕκτωρ

255 1022 339 1101 δηΐου
356 1024 388 1086 ἐκ
404 1022 560 1102 πολέμοιο·
585 1022 662 1089 θέων
674 1021 700 1086 δ’
717 1024 856 1106 ἐκίχανεν
872 1023 1006 1103 ἑταίρους

256 1125 318 1189 ἀκα
332 1125 413 1205 μόλ’,
432 1126 465 1188 οὔ
480 1152 526 1189 πω
542 1131 625 1206 τῆλε,
641 1127 715 1190 ποσὶ
732 1132 905 1207 κραιπνοῖσι
919 1126 1092 1204 μετασπόν,
1156 1153 1205 1203 ¹90

255 1230 284 1292 οΐ
300 1231 387 1311 προτὶ
403 1229 479 1292 άστυ
495 1228 590 1311 φέρον
606 1230 700 1294 κλυτὰ
715 1231 825 1312 τεύχεα
843 1228 1030 1310 Πηλεΐωνος.

256 1333 330 1398 στὰς
345 1329 372 1396 δ’
389 1331 537 1396 ἀπάνευθε
552 1332 652 1416 μάχης
669 1333 876 1414 πολυδακρύου
892 1330 968 1397 ἔντε’
984 1333 1119 1414 άμειβεν·

256 1435 274 1514 ή
289 1462 335 1498 τοι
351 1437 367 1498 ὁ
382 1437 437 1515 μέν
456 1439 493 1498 τδι
511 1437 530 1498 ἀ
546 1441 622 1500 δῶκε
638 1435 743 1518 φέρειν
758 1435 845 1518 προτὶ
857 1435 955 1500 Ἴλιον
972 1436 1038 1517 ἱρὴν

254 1541 357 1621 Τρωσὶ
373 1539 658 1621 φιλοπτολέμοισιν,
676 1542 692 1602 ὁ
709 1539 734 1604 δ’
750 1541 889 1621 ἄμβροτα
904 1540 1014 1623 τεύχεα
1028 1543 1097 1605 δΰνε

256 1643 413 1721 Πηλεΐδεω
431 1641 584 1728 Ἀχιλῆος,
602 1644 621 1707 ά
638 1647 666 1707 οἱ
683 1644 747 1707 θεοὶ
763 1642 952 1724 Οὐρανίωνες
1159 1669 1204 1717 195

256 1748 345 1828 πατρὶ
360 1749 442 1833 φίλῳ
459 1750 579 1829 ἔπορον·
604 1750 620 1810 ὁ
636 1746 662 1811 δ’
678 1748 735 1828 ἀρα
751 1745 774 1832 ᾧ
790 1748 875 1811 παιδὶ
890 1749 1012 1811 ὄπασσε

255 1850 359 1934 γηράς·
384 1850 454 1916 ἀλλ’
471 1852 526 1934 ούχ
541 1851 605 1918 υΐὸς
621 1854 654 1915 ἐν
670 1853 770 1916 ἔντεσι
786 1851 897 1932 πατρὸς
913 1849 1015 1933 ἐγήρα.

299 1955 361 2018 Τὸν
376 1955 400 2018 δ’
419 1955 459 2021 ὡς
473 1955 526 2018 οὖν
542 1954 711 2020 ἀπάνευθεν
727 1958 791 2020 ίδεν
807 1953 1031 2036 νεφεληγερέτα
1049 1953 1124 2018 Ζεὺς

256 2059 379 2141 τεύχεσι
395 2059 552 2138 Πηλεΐδαο
569 2061 795 2141 κορυσσόμενον
811 2060 913 2138 θείοιο,

257 2162 381 2241 κινήσας
395 2165 433 2245 ῥα
450 2162 522 2245 κάρη
539 2166 627 2244 προτὶ
644 2163 679 2228 δν
692 2162 848 2243 μυθήσατο
864 2163 967 2243 θυμόν·
1157 2187 1206 2222 200

257 2268 303 2328 “ἀ
318 2268 402 2345 δείλ’,
419 2266 488 2330 οὐδέ
503 2268 533 2329 τί
547 2291 593 2329 τοι
610 2266 737 2334 θάνατος
754 2267 932 2347 καταθύμιός
948 2269 1042 2340 ἐστιν,

257 2370 290 2436 δς
305 2369 340 2448 δή
357 2395 403 2432 τοι
420 2375 532 2452 σχεδὸν
548 2370 619 2434 εἶσι·
643 2370 682 2433 σὺ
698 2371 722 2434 δ’
738 2372 877 2451 ἄμβροτα
895 2368 1003 2450 τεύχεα
1021 2367 1118 2432 δύνεις

257 2473 363 2553 ἀνδρὸς
378 2474 529 2553 ἀριστῆος,
546 2473 599 2536 τόν
615 2499 647 2537 τε
663 2472 823 2555 τρομέουσι
839 2471 887 2536 καὶ
902 2472 1003 2534 ἄλλοι·

257 2582 309 2639 τοῦ
324 2577 360 2655 δὴ
378 2580 495 2657 ἑταῖρον
511 2577 641 2659 ἔπεφνες
658 2577 747 2655 ἐνηέα
762 2601 794 2639 τε
811 2578 952 2657 κρατερόν
967 2600 1007 2651 τε,

257 2680 366 2762 τεύχεα
381 2680 406 2743 δ’
423 2680 457 2744 ού
473 2681 547 2744 κατὰ
564 2683 679 2760 κόσμον
696 2679 755 2743 ἀπὸ
771 2679 878 2761 κρατός
893 2703 925 2742 τε
942 2679 991 2742 καὶ
1007 2679 1094 2758 ὤμων
1160 2705 1207 2752 205

217 2837 219 2842 .
258 2787 349 2848 εἵλευ·
374 2783 447 2864 ἀτάρ
463 2810 509 2848 τοι
525 2790 578 2848 νῦν
593 2810 629 2866 γε
644 2783 722 2865 μέγα
738 2783 844 2864 κράτος
860 2780 1039 2866 ἐγγυαλίξω,

257 2895 317 2953 τῶν
332 2889 440 2968 ποινὴν
455 2890 473 2949 ό
487 2914 534 2952 τοι
550 2888 583 2950 οὔ
598 2913 627 2950 τι
641 2886 741 2969 μάχης
756 2887 789 2950 ἐκ
805 2886 989 2966 νοστήσαντι

258 2990 375 3070 δέξεται
390 2991 581 3080 Ἀνδρομάχη
602 2995 696 3054 κλυτὰ
710 2991 819 3074 τεύχεα
835 2988 1039 3071 Πηλεΐωνος.”

298 3095 351 3172 Ἦ,
369 3094 416 3160 καὶ
433 3095 594 3178 κυανέῃσιν
610 3095 655 3158 ἔπ’
673 3094 786 3174 ὀφρύσι
802 3101 891 3160 νεῦσε
907 3095 1052 3176 Κρονίων.

255 3200 377 3282 Ἕκτορι
394 3201 418 3264 δ’
435 3201 550 3283 ἥρμοσε
565 3197 662 3282 τεύχε’
679 3198 729 3262 ἐπὶ
746 3196 825 3280 χροΐ,
840 3203 876 3262 δῦ
891 3197 924 3261 δέ
938 3224 991 3277 μιν
1004 3195 1097 3279 Ἀρης
1160 3223 1209 3260 210

260 3303 357 3370 δεινὸς
373 3303 520 3380 ἐνυάλιος,
538 3306 676 3381 πλῆσθεν
691 3302 715 3365 δ’
733 3302 790 3383 ἀρα
805 3303 834 3365 oz
849 3299 933 3382 μέλε’
950 3303 1034 3367 ἐντὸς

259 3409 353 3487 ἀλκῆς
372 3410 420 3472 καὶ
436 3408 569 3474 σθένεος·
593 3406 668 3486 μετὰ
684 3409 717 3469 δέ
733 3405 870 3472 κλειτοὺς
885 3405 1059 3485 ἐπικούρους

258 3515 301 3591 βῆ
316 3514 355 3594 ῥα
369 3512 447 3593 μέγα
464 3510 568 3594 ἰάχων·
593 3509 753 3575 ἰνδάλλετο
773 3506 806 3572 δέ
823 3516 916 3590 σφισι
932 3513 1008 3573 πάσι

259 3616 382 3699 τεύχεσι
397 3615 591 3695 λαμπόμενος
605 3613 777 3696 μεγαθύμου
794 3612 981 3692 Πηλεΐωνος.

260 3721 389 3800 ὤτρυνεν
405 3719 438 3781 δέ
450 3717 580 3780 ἕκαστον
596 3718 795 3798 ἐποιχόμενος
810 3716 946 3796 ἐπέεσσι,
1162 3745 1209 3796 215
