2792 4232
276 338 339 402 302
596 324 646 392 15·
669 313 838 374 [AIAA02
862 312 899 382 ο,

277 484 344 564 μηδ’
361 485 436 548 οὕτω
450 481 610 566 Τρώεσσιν
625 480 661 544 ἔα
676 477 845 558 δάμνασθαι
859 471 1031 556 Ἀχαιούς.”

314 587 377 654 Ὣς
392 583 478 668 ἔφατ’
495 586 665 669 εὐχόμενος,
680 582 759 666 μέγα
773 582 798 645 δ’
815 581 923 645 ἔκτυπε
937 579 1061 658 μητίετα
1077 576 1159 650 Ζεύς,

278 689 377 771 ἀράων
393 689 466 754 ἀίων
481 686 659 766 Νηληϊάδαο
673 684 822 768 γέροντος.

320 797 421 872 Τρῶες
436 789 463 856 δ’
479 791 517 856 ὧς
533 791 677 854 ἐπύθοντο
694 788 768 854 Διὸς
784 787 895 850 κτύπον
909 783 1070 866 αἰγιόχοιο,

277 899 396 972 μᾶλλον
412 890 460 958 ἐπ’
472 891 638 975 Ἀργείοισι
654 895 752 972 θόρον,
768 886 922 970 μνήσαντο
937 887 969 952 δὲ
984 883 1109 968 χάρμης.
1175 898 1222 958 380

209 1047 211 1052 ι
279 1004 307 1065 οἱ
326 999 351 1064 δ’
370 1002 409 1066 ὥς
427 1026 457 1064 τε
475 995 554 1079 μέγα
570 1001 646 1076 κῦμα
661 991 820 1070 θαλάσσης
836 990 1012 1071 εὐρυπόροιο

279 1101 348 1180 νηὸς
362 1101 435 1181 ύπέρ
450 1101 562 1182 τοίχων
578 1095 793 1176 καταβήσεται,
810 1089 919 1155 ὁππότ’
935 1091 1041 1175 ἐπείγῃ

277 1205 305 1269 ἲς
321 1202 439 1281 ἀνέμου·
461 1201 480 1280 ή
495 1201 553 1284 γάρ
568 1227 602 1265 τε
615 1197 750 1280 μάλιστά
764 1223 800 1279 γε
816 1193 917 1275 κύματ’
933 1191 1073 1274 ὀφέλλει·

279 1308 318 1372 ὣς
332 1311 432 1386 Τρῶες
446 1302 564 1390 μεγάλῃ
580 1304 651 1389 ἰαχῇ
668 1303 742 1364 κατά
759 1303 860 1380 τεῖχος
876 1296 1009 1375 ἔβαινον,

278 1411 388 1475 ἵππους
403 1406 428 1484 δ’
446 1407 660 1472 εἰσελάσαντες
676 1405 725 1467 ἐπὶ
741 1402 892 1485 πρύμνῃσι
906 1397 1040 1480 μάχοντο
1174 1412 1222 1472 585

280 1512 405 1594 ἔγχεσιν
421 1512 582 1592 ἀμφιγύοις
596 1507 790 1590 αὐτοσχεδόν,
808 1504 906 1583 οἱμὲν
924 1499 978 1582 ἀφ’
995 1503 1102 1577 ἵππων,

280 1617 307 1677 οἱ
323 1613 347 1676 δ’
365 1613 424 1677 ἀπὸ
439 1620 518 1692 νηῶν
531 1614 589 1694 ὕψι
603 1607 775 1691 μελαινάων
791 1603 953 1685 ἐπιβάντες

279 1723 419 1797 μακροῖσι
435 1715 582 1794 ξυστοῖσι,
597 1713 635 1777 τά
648 1713 687 1796 ῥά
702 1709 758 1792 σφ’
775 1709 825 1772 ἐπὶ
841 1708 948 1786 νηυσὶν
965 1705 1062 1769 ἔκειτο

280 1821 416 1901 ναύμαχα
432 1817 608 1897 κολλήεντα,
624 1819 700 1881 κατὰ
716 1814 814 1892 στόμα
830 1809 932 1889 εἱμένα
946 1811 1063 1892 χαλκῷ.

324 1913 500 1997 Πάτροκλος
516 1919 540 1981 δ’
564 1919 617 1997 ἧος
632 1917 688 1994 μέν
701 1913 827 1996 Ἀχαιοί
839 1937 873 1976 τε
887 1910 988 1994 Τρῶές
1003 1934 1036 1973 τε
1178 1934 1225 1985 390

282 2009 398 2089 τείχεος
414 2009 630 2092 ἀμφεμάχοντο
645 2007 742 2072 θοάων
759 2009 858 2071 ἔκτοθι
874 2014 961 2087 νηῶν,

282 2107 369 2190 τόφρ’
385 2109 445 2194 ὅγ’
462 2113 506 2177 ἐνὶ
523 2113 624 2198 κλισίῃ
641 2109 830 2193 ἀγαπήνορος
845 2111 1033 2192 Εὐρυπύλοιο

281 2212 360 2291 ήστό
372 2239 405 2277 τε
421 2213 537 2278 καὶτὸν
552 2214 657 2295 ἔτερπε
670 2215 785 2296 λόγοις,
802 2215 851 2279 ἐπὶ
867 2212 893 2277 δ’
909 2214 992 2278 έλκεϊ
1006 2213 1106 2298 λυγρῷ

282 2314 413 2397 φάρμακ’
430 2316 571 2396 ἀκέσματ’
588 2318 705 2380 ἔπασσε
719 2315 891 2397 μελαινάων
906 2315 1047 2380 ὀδυνάων.

282 2414 374 2496 αύτδιρ
389 2415 454 2477 ἐπεὶ
471 2413 506 2492 δή
523 2418 623 2496 τεῖχος
639 2414 862 2493 ἐπεσσυμένους
877 2416 985 2493 ἐνόησε
1178 2437 1225 2488 395

282 2515 395 2590 Τρῶας,
412 2512 486 2592 ἀτδρ
502 2516 631 2576 Δαναῶν
644 2511 750 2594 γένετο
765 2510 836 2594 ἰαχή
852 2537 884 2575 τε
899 2512 1000 2592 φόβος
1015 2537 1058 2586 τε,

283 2611 405 2697 ᾤμωξέν
419 2611 446 2676 τ’
461 2614 506 2696 ἀρ’
523 2615 627 2679 ἔπειτα
643 2617 691 2679 καὶ
707 2617 729 2678 δ
745 2612 917 2695 πεπλήγετο
932 2617 1014 2697 μηρὼ

282 2719 371 2799 χερσὶ
388 2719 619 2800 καταπρηνέσσ’,
636 2719 861 2801 ὀλοφυρόμενος
876 2716 900 2780 δ’
917 2717 989 2784 ἐπος
1004 2720 1089 2796 ηὔδα·

284 2826 300 2854 “
312 2818 471 2901 Εὐρύπυλ’,
488 2821 585 2889 οὐκέτι
605 2848 651 2886 τοι
671 2822 796 2901 δύναμαι
810 2817 954 2902 χατέοντί
966 2845 1022 2901 περ
1039 2821 1133 2900 ἔμπης

282 2924 388 2988 ἐνθάδε
403 2925 598 3006 παρμενέμεν·
621 2926 657 3005 δή
672 2928 729 3007 γάρ
743 2922 821 3005 μέγα
836 2928 933 2990 νεῖκος
949 2926 1069 3008 όρωρεν·
1175 2958 1225 3007 400

282 3029 363 3090 ἀλλά
379 3029 416 3090 σέ
429 3031 485 3108 μὲν
501 3028 639 3110 θεράπων
653 3024 864 3106 ποτιτερπέτω,
880 3028 972 3109 αιἰτδρ
990 3027 1048 3107 ἐγύ
1063 3051 1100 3109 γε

282 3133 452 3210 σπεύσομαι
468 3134 511 3199 είς
525 3132 666 3216 Ἀχιλῆα,
682 3128 721 3194 ἵν’
737 3130 848 3212 ὀτρύνω
865 3133 1048 3212 πολεμίζειν.

281 3233 326 3299 τίς
341 3230 367 3296 δ’
383 3233 438 3297 οἶδ’
454 3237 483 3299 εί
497 3234 548 3298 κέν
564 3237 593 3298 οἱ
609 3233 665 3298 σὺν
680 3233 798 3312 δαίμονι
813 3235 906 3314 θυμὸν
921 3236 1009 3318 ἀρίνω

282 3336 454 3416 παρειπῶν;
478 3338 575 3420 ἀγαθή
591 3337 623 3400 δέ
638 3337 827 3417 παραίφασίς
843 3341 928 3402 ἐστιν
943 3336 1090 3418 ἐταίρου.”

322 3438 385 3501 Τάν
398 3440 453 3518 μὲν
469 3437 515 3522 ἀρ’
531 3441 570 3506 ἀς
585 3438 708 3504 είπόντα
723 3441 813 3506 πόδες
828 3439 932 3522 φέρον·
956 3439 1047 3523 αὐτὰρ
1062 3439 1186 3524 Ἀχαιοὶ

280 3544 384 3622 Τρῶας
400 3541 617 3625 ἐπερχομένους
631 3541 722 3622 μένον
738 3543 875 3623 ἔμπεδον,
893 3541 952 3606 οὐδ’
969 3542 1110 3607 ἐδύναντο
1175 3557 1226 3620 406

281 3643 480 3726 παυροτέρους
499 3671 554 3728 περ
575 3645 679 3712 ἐόντας
697 3647 879 3710 ἀπώσασθαι
895 3646 975 3728 παρά
991 3652 1081 3727 νηῶν·
