2738 4226
465 355 516 409 τι,
543 343 713 402 ΙΛΙΑΔΟΣ
737 344 773 404 Α.
1034 355 1096 419 205

154 509 244 576 τοῦδ’
260 510 278 592 ἦ
294 536 340 574 τοι
356 508 428 576 δέκα
443 510 524 590 οἶμοι
540 509 615 574 ἔσαν
630 507 762 588 μέλανος
779 508 907 584 κυάνοιο,

154 617 265 679 δώδεκα
279 615 312 678 δὲ
326 618 455 696 χρυσοῖο
470 614 519 676 καὶ
535 616 633 676 εἴκοσι
649 609 854 693 κασσιτέροιο·
917 633 918 638 ’
1065 641 1094 690 ²5

155 718 269 783 κυάνεοι
285 720 318 782 δὲ
337 715 495 798 δράκοντες
510 714 681 798 ὀρωρέχατο
697 717 785 796 προτὶ
800 716 901 797 δειρὴν

153 827 228 902 τρεῖς
244 821 385 903 ἑκάτερθ’,
396 822 513 902 ἴρισσιν
528 819 669 892 ἐοικότες,
687 819 721 885 ἀς
736 844 769 883 τε
786 820 923 899 Κρονίων

152 927 183 988 ἐν
198 922 286 1006 νέφεϊ
301 922 433 1005 στήριξε,
448 921 535 1004 τέρας
550 924 690 1004 μερόπων
706 923 877 1005 ἀνθρώπων.

153 1028 228 1108 ἀμφὶ
243 1026 270 1092 δ’
285 1027 332 1108 ἀρ’
349 1027 476 1107 ὤμοισιν
491 1025 608 1106 βάλετο
622 1023 721 1108 ξίφος·
745 1027 779 1090 ἐν
793 1024 828 1091 δέ
845 1028 874 1090 οἱ
890 1026 961 1105 ήλαι

151 1132 286 1213 χρύσειοι
302 1129 487 1211 πάμφαινον,
503 1131 577 1211 ἀτδιρ
593 1131 661 1210 περὶ
677 1128 802 1195 καυλεδν
817 1129 870 1208 ἦεν
1064 1158 1094 1204 30

152 1234 301 1317 ἀργύρεον,
318 1231 713 1316 χρυσέοισινκάορτήρεσσιν
728 1232 848 1315 ἀρηρός.

151 1339 186 1402 δν
201 1336 227 1401 δ’
243 1335 325 1402 ἕλετ’
340 1337 536 1418 ἀμφιβρότην
551 1341 777 1401 πολυδαίδαλον
791 1335 908 1400 ἀσπίδα
924 1340 1035 1417 θοῦριν,

151 1439 254 1519 καλήν,
271 1440 309 1520 ἣν
323 1439 393 1522 πέρι
407 1442 463 1518 μέν
479 1440 584 1504 κύκλοι
599 1437 672 1503 δέκα
686 1436 815 1522 χάλκεοι
831 1439 918 1517 ἦσαν,

152 1547 182 1607 ἐν
197 1542 229 1608 δέ
245 1546 274 1608 οἶ
289 1545 425 1624 ὀμφαλοὶ
438 1542 518 1621 ἦσαν
534 1543 648 1606 ἐείκοσι
664 1539 858 1622 κασσιτέροιο

149 1648 258 1725 λευκοί,
274 1648 307 1710 ἐν
322 1649 356 1710 δὲ
369 1644 577 1725 μέσοισινέην
591 1644 724 1725 μέλανος
740 1645 871 1710 κυάνοιο.

149 1752 184 1834 τῇ
199 1750 227 1814 δ’
244 1751 293 1814 ἐπὶ
307 1752 364 1829 μὲν
378 1751 482 1832 Γοργῶ
498 1755 696 1831 βλοσυρῶπις
712 1748 908 1830 ἐστεφάνωτο

149 1849 246 1914 δεινὸν
261 1847 436 1932 δερκομένη,
452 1851 523 1931 περὶ·
538 1853 570 1914 δὲ
588 1853 699 1930 Δεῖμός
715 1877 748 1916 τε
764 1853 869 1931 Φόβος
887 1877 926 1915 τε.

148 1958 199 2031 τῆς
214 1952 240 2017 δ’
256 1950 293 2033 ἐξ
304 1952 448 2034 ἀργύρεος
463 1954 602 2032 τελαμῶν
617 1953 663 2032 ἦν·
688 1954 779 2035 αὐτὰρ
797 1951 844 2016 ἐπ’
864 1953 952 2016 αὐτοῦ

150 2056 270 2122 κυάνεος
285 2055 425 2126 ἐλέλικτο
444 2054 567 2137 δράκων,
585 2059 717 2137 κεφαλαὶ
733 2055 766 2121 δέ
782 2059 810 2120 οἱ
827 2057 906 2136 ἦσαν

148 2165 224 2241 τρεῖς
240 2157 475 2241 ἀμφιστρεφέες,
492 2159 558 2228 ἑνδς
573 2159 701 2242 αὐχένος
716 2162 904 2240 ἐκπεφυυῖαι.

149 2266 230 2343 κρατὶ
245 2262 270 2327 δ’
288 2261 334 2326 ἐπ’
353 2263 535 2342 ἀμφίφαλον
550 2261 657 2341 κυνέην
674 2261 744 2327 θέτο
760 2261 990 2344 τετραφάληρον

148 2371 296 2446 ἵππουριν·
320 2365 420 2438 δεινδν
435 2367 468 2429 δὲ
483 2366 582 2447 λόφος
599 2365 783 2448 καθύπερθεν
801 2366 910 2431 ἔνευεν.

147 2473 245 2534 εἵλετο
260 2468 285 2533 δ’
301 2468 415 2547 ἄλκιμα
430 2471 516 2548 δοῦρε
531 2468 598 2544 δύω,
617 2467 817 2550 κεκορυθμένα
832 2471 950 2553 χαλκῷ,

147 2572 226 2652 ὀξέα·
249 2573 322 2648 τῆλε
336 2573 369 2634 δὲ
386 2569 503 2652 χαλκὸς
518 2571 569 2634 ἀπ’
586 2570 715 2653 αιἰτόφιν
731 2573 858 2654 οάραυδν
873 2575 947 2636 εἵσω

146 2673 249 2755 λάμπ’·
267 2675 317 2739 ἐπὶ
333 2672 358 2737 δ’
375 2673 567 2755 ἐγδούπησαν
581 2672 727 2754 Ἀθηναίη
744 2700 777 2739 τε
793 2675 842 2738 καὶ
853 2673 946 2755 Ἥρη,

146 2783 275 2854 τιμῶσαι
289 2780 432 2856 βασιλῆα
446 2777 655 2859 πολυχρύσοιο
677 2775 831 2856 Μυκήνης.

187 2878 323 2965 Ἡνιόχιρ
339 2882 394 2960 μὲν
410 2880 515 2944 ἔπειτα
529 2880 568 2964 ἐῷ
583 2877 751 2944 ἐπέτελλεν
766 2881 893 2945 ἕκαστος

146 2988 254 3052 ἵππους
269 2985 302 3048 εὖ
318 2987 393 3048 κατδι
409 2983 523 3064 κόσμον
539 2982 679 3065 ἐρυκέμεν
695 2983 758 3047 αὖθ’
775 2985 825 3047 ἐπὶ
840 2981 955 3067 τάφρῳ,

146 3090 229 3152 αὐτοὶ
245 3090 278 3153 δὲ
294 3086 422 3168 πρυλέες
438 3087 494 3151 σὺν
509 3087 632 3170 τεύχεσι
648 3085 854 3170 θωρηχθέντες

143 3191 256 3271 ῥώοντ’·
281 3190 438 3270 ἄσβεστος
453 3193 486 3254 δέ
500 3190 561 3270 βοὴ
578 3188 673 3271 γένετ’
689 3189 764 3267 ἠῶθι
780 3191 848 3271 πρό.

144 3297 227 3372 φθδυ
242 3294 275 3356 δὲ
288 3292 356 3375 μέγ’
374 3291 493 3372 ἱππήων
509 3293 559 3357 ἐπὶ
574 3291 679 3376 τάφριρ
697 3290 907 3370 κοσμηθέντες,

145 3399 253 3474 ἱππῆες
269 3395 293 3460 δ’
310 3396 417 3476 ὀλίγον
431 3396 619 3474 μετεκίαθον·
644 3396 677 3460 ἐν
692 3395 726 3458 δέ
741 3395 882 3474 κυδοιμὸν

143 3495 224 3577 ὦρσε
240 3498 331 3564 κακὸν
347 3498 502 3578 Κρονίδης,
519 3496 594 3562 κατὰ
609 3495 634 3561 δ’
651 3496 768 3578 ύήόθεν
784 3498 855 3577 ἧκεν
872 3498 979 3580 ἐέρσας

143 3603 247 3679 αἵματι
261 3601 412 3681 μυδαλέας
428 3599 464 3678 ἐξ
477 3599 604 3682 αἰθέρος,
621 3597 715 3664 οὕνεκ’
733 3599 844 3678 ἔμελλε

143 3707 262 3770 πολλὰς
278 3704 419 3786 ἰφθίμους
435 3704 572 3784 κεφαλὰς
583 3701 666 3766 Ἀϊδι
682 3701 854 3785 προϊάψειν.
