2848 4296
543 338 782 398 20.1A1AA02
804 339 840 396 Υ.

218 505 304 570 ἀντία
320 503 497 582 Πηλεΐωνος
511 504 691 586 ὑπερθύμοιο
706 503 859 587 μάχεσθαι
872 530 882 578 ,·

218 609 251 672 οὗ
265 609 321 687 μὲν
336 610 394 690 γὰρ
410 613 461 672 νθν
477 613 579 688 πρῶτα
594 608 746 672 ποδώκεος
766 607 828 670 ἄντ’
844 607 992 690 Ἀχιλῆος

217 709 380 790 στήσομαι,
396 709 465 772 ἀλλ’
482 709 537 788 ἤδη
553 737 591 789 με
607 712 656 774 καὶ
671 712 785 774 ἄλλοτε
800 711 882 791 δουρὶ
898 713 1043 792 φόβησεν
1132 742 1165 790 90

218 813 253 890 ἔξ
263 812 353 892 Ἴδης,
371 815 421 878 ὅτε
436 814 550 893 βουσὶν
566 812 717 893 ἐπήλυθεν
732 812 903 899 ῆμετέρῃσι,

217 916 311 997 πέρσε
327 919 359 980 δέ
375 917 555 998 Λυρνησσὸν
570 918 619 981 καὶ
634 915 790 995 Πήδασον·
815 917 908 994 αθτάρ
924 919 977 996 ἐμὲ
993 919 1067 984 Ζεὺς

219 1020 359 1102 εἰρύσαθ’,
376 1021 409 1086 ὅς
423 1045 475 1101 μοι
491 1023 610 1102 ἐπῶρσε
625 1020 714 1100 μένος
728 1019 868 1102 λαιψηρά
882 1046 915 1084 τε
932 1026 1035 1103 γοῦνα.

218 1122 237 1202 ή
252 1124 277 1185 κ’
293 1123 406 1204 έκάμην
420 1124 478 1187 ύπδ
493 1125 602 1206 χερσὶν
618 1123 784 1206 Ἀχιλλῆος
801 1125 849 1187 καί
866 1122 1005 1204 Ἀθήνης,

218 1227 237 1306 ή
253 1229 281 1290 οἳ
298 1228 431 1308 πρόσθεν
446 1229 536 1290 ἰοῦσα
551 1230 628 1291 τίθει
644 1226 722 1308 φάος
739 1224 785 1306 ἠδ’
802 1226 941 1291 ἐκέλευεν
1132 1253 1164 1304 95

219 1330 305 1412 ἔγχεϊ
319 1332 452 1415 χαλκείῳ
468 1330 605 1414 Λέλεγας
621 1332 670 1395 καί
684 1336 789 1413 Τρῶας
810 1332 948 1412 ε’ναίρειν.

220 1434 259 1517 τῷ
277 1435 328 1498 οὐκ
345 1433 409 1498 ἔστ’
425 1433 571 1518 Ἀχιλῆος
588 1437 724 1499 ἐναντίον
740 1434 832 1516 ἄνδρα
845 1433 1010 1517 μάχεσθαι·

220 1538 278 1603 αἰεὶ
293 1537 351 1621 γὰρ
365 1537 448 1620 πάρα
463 1541 506 1606 εἰς
520 1566 557 1622 γε
572 1544 659 1615 θεῶν,
676 1537 709 1605 δς
723 1540 832 1622 λοιγὸν
847 1540 961 1620 ἀμύνει.

220 1643 268 1704 καὶ
283 1639 309 1707 δ’
324 1643 427 1709 ἄλλως
443 1649 494 1707 τοῦ
510 1642 541 1725 γ’
556 1645 604 1707 ἰθὺ
618 1644 714 1724 βέλος
730 1643 837 1720 πέτετ’,
852 1644 911 1707 οὐδ’
929 1643 1080 1724 ἀπολήγει

210 1749 290 1827 -πρίν
304 1753 395 1830 χροδς
411 1747 586 1829 ἀνδρομέοιο
602 1747 766 1828 διελθέμεν.
813 1750 839 1812 εἰ
855 1749 888 1811 δέ
904 1750 973 1814 θεός
988 1773 1045 1829 περ
1118 1773 1166 1808 100

219 1850 289 1913 ἶσον
304 1853 429 1916 τείνειεν
444 1850 579 1932 πολέμου
594 1851 690 1923 τέλος,
708 1851 743 1914 οὔ
758 1878 792 1915 κε
806 1849 889 1930 μάλα
903 1850 958 1933 ῥέα

221 1951 357 2031 νικήσει’,
374 1952 436 2018 οὐδ’
452 1957 479 2018 εἰ
494 1955 689 2038 παγχάλκεος
705 1955 826 2037 εὔχεται
843 1954 948 2018 εἰναι.”

263 2058 326 2121 Τὸν
341 2058 365 2121 δ’
383 2058 453 2122 αὖτε
469 2057 650 2139 προσέειπεν
666 2055 745 2136 ἀναξ
759 2058 833 2123 Διὸς
848 2058 911 2122 υίὸς
928 2055 1100 2121 Ἀπόλλων·

221 2170 240 2197 “
250 2161 336 2242 ῆρως,
352 2159 422 2224 ἀλλ’
439 2163 494 2244 ἀγε
510 2163 559 2227 καὶ
575 2161 613 2224 σὺ
629 2165 709 2227 θεοῖς
725 2160 945 2247 αἰειγενέτῃσιν

222 2266 317 2348 εύχεο·
341 2267 390 2330 καὶ
406 2269 438 2330 δέ
454 2265 491 2329 σέ
507 2274 586 2347 φασι
603 2270 677 2331 Διὸς
693 2266 799 2347 κούρης
813 2263 995 2346 Ἀφροδίτης
1122 2288 1166 2338 ¹05

220 2368 396 2452 ἐκγεγάμεν,
413 2374 510 2434 κεῖνος
525 2372 557 2433 δὲ
572 2370 726 2452 χερείονος
741 2371 774 2431 ἔκ
790 2373 860 2432 θεοῦ
876 2369 972 2431 ἐστίν·

221 2471 239 2549 ῆ
255 2474 383 2555 μὲνγὰρ
400 2472 475 2539 Διός
489 2472 567 2548 ἔσθ’,
583 2472 601 2550 ῆ
619 2473 644 2536 δ’
663 2471 699 2550 ἐξ
712 2473 813 2535 ἁλίοιο
827 2471 978 2554 γέροντος.

222 2573 292 2638 ἀλλ’
309 2577 372 2642 ἰθὺς
388 2575 462 2656 φέρε
477 2576 594 2659 χαλκὸν
609 2575 739 2657 ἀτειρέα,
755 2575 831 2655 μηδέ
847 2601 884 2640 σε
900 2572 1026 2654 πάμπαν

221 2678 400 2760 λευγαλέοις
416 2678 561 2744 ἐπέεσσιν
577 2679 771 2761 ἀποτρεπέτω
788 2680 836 2742 καὶ
852 2675 969 2764 ἀρειῇ.”

258 2780 322 2848 Ὣς
337 2784 430 2849 εἰπὼν
445 2784 594 2863 ἔμπνευσε
610 2784 699 2863 μένος
714 2782 793 2865 μέγα
807 2781 927 2861 ποιμένι
942 2787 1034 2855 λαῶν,

222 2888 264 2965 βῆ
280 2887 313 2949 δὲ
328 2889 377 2949 διδ
392 2885 556 2970 προμάχων
572 2886 785 2968 κεκορυθμένος
800 2890 904 2950 αἴθοπι
924 2888 1037 2970 χαλκῷ.

223 2987 283 3052 οὐδ’
300 2987 385 3053 ἔλαθ’
400 2989 552 3074 Ἀγχίσαο
568 2988 639 3056 πάϊς
653 2991 842 3054 λευκώλενον
852 2988 954 3070 Ἥρην

224 3093 309 3156 ἀντία
325 3091 502 3172 Πηλείωνος
518 3095 571 3158 ἰδν
587 3096 644 3159 ἀυδ
659 3093 793 3172 οὐλαμὸν
808 3094 931 3173 ἀνδρῶν·

222 3195 241 3273 ῆ
258 3197 283 3259 δ’
299 3197 403 3275 ἄμυδις
419 3195 562 3276 στήσασα
577 3197 663 3262 θεοὺς
677 3200 753 3275 μετὰ
767 3199 862 3276 μῦθον
880 3195 972 3259 ἔειπε·

224 3298 424 3380 ’(φράζεσθον
439 3301 474 3379 δή
492 3306 584 3382 σφῶϊ,
601 3301 775 3363 Ποσείδαον
798 3299 846 3362 καὶ
862 3295 986 3376 Ἀθήνη,
1123 3321 1168 3371 ¹15

224 3404 257 3467 έν
271 3404 382 3484 φρεσὶν
397 3403 584 3490 ὑμετέρῃσιν,
601 3405 682 3468 ὅπως
698 3403 785 3465 ἔσται
801 3399 871 3465 τάδε
888 3401 969 3483 ἔργα.

225 3508 345 3573 Αἰνείας
361 3505 405 3570 δ’δ’
422 3507 480 3586 ἔβη
497 3505 709 3587 κεκορυθμένος
725 3507 829 3568 αἴθοπι
844 3505 949 3589 χαλκῷ

224 3611 311 3674 ἀντία
327 3608 515 3690 Πηλεΐωνος,
531 3612 621 3686 ἀνῆκε
636 3610 668 3672 δὲ
685 3613 802 3685 Φοῖβος
816 3607 988 3671 Ἀπόλλων.

224 3714 293 3776 ἀλλ’
311 3713 405 3796 ἄγεθ’,
420 3713 505 3792 ἡμεῖς
521 3712 576 3794 πέρ
592 3739 644 3794 μιν
659 3712 884 3793 ἀποτρωπῶμεν
899 3712 1019 3774 ὀπίσσω
