2834 4234
265 322 329 390 754
548 322 598 390 15.
629 312 865 375 ΟΔΎΣΣΕΙΑΣ
896 314 933 375 Ο.

264 485 316 544 τοῦ
331 480 357 544 δ’
372 483 447 547 υίεῖς
462 479 592 563 ἐγένοντ’
607 482 780 560 Ἀλκμαίων
794 481 984 564 Ἀμφίλοχός
1002 507 1044 546 τε.

266 583 400 650 Μάντιος
414 584 451 647 αὖ
466 584 568 648 τέκετο
584 586 781 667 Πολυφείδεά
795 612 827 649 τε
844 587 973 649 Κλεῖτόν
987 604 1030 648 τε·

265 687 335 750 ἀλλ’
350 687 369 766 ἦ
384 712 431 750 τοι
447 692 576 751 Κλεῖτον
590 691 795 771 χρυσόθρονος
810 688 946 767 ἥρπασεν
961 689 1044 754 Ἠὼς
1163 715 1174 748 ι
1179 715 1211 763 50

265 789 394 857 κάλλεος
410 793 510 856 εἵνεκα
526 794 583 870 αίο,
599 792 637 855 ἵν’
653 791 832 856 ἀθανάτοισι
848 793 960 872 μετείη·

263 895 355 975 αὐτὰρ
370 893 539 974 ὑπέρθυμον
556 897 752 976 Πολυφείδεα
766 897 873 973 μάντιν
888 895 1054 960 Ἀπόλλων

264 1001 334 1075 θῆκε
349 1003 468 1078 βροτῶν
484 998 531 1081 ὄχ’
548 999 682 1081 άριστον,
694 999 759 1064 ἐπεὶ
776 998 866 1064 θάνεν
880 1000 1078 1080 Ἀμφιάραος·

264 1103 297 1168 ός
311 1101 342 1184 ῥ’
356 1100 567 1184 Ὑπερησίηνδ’
583 1102 778 1167 ἀπενάσσατο
794 1105 884 1186 πατρὶ
899 1104 1057 1187 χολωθείς,

264 1206 324 1270 ἔνθ’
341 1207 408 1288 ὅγε
424 1205 569 1271 ναιετάων
582 1207 743 1286 μαντεύετο
759 1211 836 1270 πᾶσι
851 1212 1000 1289 βροτοῖσι.
1163 1233 1210 1282 255

306 1315 369 1373 Τοῦ
383 1314 439 1391 μὲν
455 1310 500 1392 ἀρ’
515 1313 579 1377 υίὸς
594 1311 718 1388 ἐπῆλθε,
736 1311 949 1389 Θεοκλύμενος
963 1311 990 1374 δ’
1006 1309 1090 1390 ὄνομ’
1105 1308 1167 1390 ἦεν,

263 1412 296 1479 δς
310 1415 378 1478 τότε
393 1414 577 1498 Τηλεμάχου
592 1413 688 1480 πέλας
703 1417 819 1479 ἵστατο·
843 1415 895 1478 τὸν
911 1414 936 1478 δ’
952 1415 1073 1496 ε’κίχανε

264 1516 422 1581 σπένδοντ’
438 1517 601 1599 εὐχόμενόν
616 1544 649 1582 τε
666 1521 720 1602 θοῇ
739 1521 820 1604 παρὰ
835 1517 885 1596 νηὶ
899 1519 1038 1604 μελαίνῃ,

264 1621 314 1682 καί
327 1647 379 1701 μιν
396 1619 543 1700 φωνήσας
560 1621 635 1685 ἔπεα
649 1623 815 1700 πτερόεντα
830 1623 994 1703 προσηύδα·

264 1720 317 1785 “ὦ
334 1722 411 1804 φίλ’,
427 1725 494 1788 ἐπεί
508 1749 544 1788 σε
560 1724 670 1790 θύοντα
686 1724 799 1808 κιχάνω
815 1724 883 1809 τῷδ’
899 1721 943 1789 ἐνὶ
959 1723 1056 1807 χάρη,
1162 1735 1211 1786 260

263 1827 388 1906 λίσσομ’
403 1829 476 1908 ὑπὲρ
492 1830 587 1893 θυέων
603 1830 652 1892 καὶ
666 1830 815 1908 δαίμονος,
831 1827 923 1908 αὐτὰρ
940 1831 1045 1892 ἔπειτα

264 1933 321 2008 σῆς
337 1930 362 1993 τ’
378 1930 467 1994 αὐτοῦ
482 1936 620 2012 κεφαλῆς
636 1930 685 1996 καὶ
702 1934 835 2013 ἑταίρων,
850 1933 880 1995 οί
897 1956 943 1994 τοι
959 1931 1091 2008 ἕπονται,

265 2032 331 2098 είπέ
345 2059 396 2115 μοι
413 2035 553 2120 είρομένιρ
570 2037 715 2117 νημερτέα
732 2034 799 2117 μηδ’
816 2035 986 2120 ἐπικεύσῃς·

263 2138 309 2203 τίς
323 2138 418 2202 πάθεν
433 2141 476 2205 είς
491 2141 606 2216 ἀνδρῶν
615 2163 629 2211 .·
652 2141 724 2204 πόθι
739 2165 785 2203 τοι
801 2140 892 2204 πόλις
910 2139 962 2218 ἠδὲ
977 2141 1081 2215 τοκῆες
1094 2135 1130 2212 ,·”

306 2242 369 2306 Τὸν
384 2242 410 2306 δ’
426 2243 462 2304 αδ
476 2244 657 2326 Τηλέμαχος
675 2241 862 2321 πεπνυμένος
881 2243 983 2306 ἀντίον
997 2241 1081 2319 ηύδο·
1163 2255 1211 2316 265

264 2350 285 2379 “
296 2345 400 2428 τοιγὰρ
416 2346 474 2426 έγύ
490 2371 547 2422 τοι,
564 2344 653 2424 ξεῖνε,
668 2346 739 2424 μόλ’
754 2344 900 2426 ἀτρεκέως
916 2345 1080 2426 ἀγορεύσω.

264 2447 300 2528 ἐξ
313 2449 429 2528 Ἰθάκης
444 2449 531 2532 γένος
548 2450 615 2528 είμί,
630 2450 727 2530 πατὴρ
743 2449 776 2513 δέ
791 2450 844 2527 μοί
860 2451 944 2512 ἐστιν
959 2449 1137 2528 Ὀδυσσεύς,

265 2554 371 2617 εἴπατ’
387 2553 449 2631 ἔην·
471 2559 524 2618 νῦν
540 2553 566 2616 δ’
580 2551 636 2633 ἥδη
657 2553 807 2633 ἀπέφθιτο
822 2554 923 2638 λυγρῷ
941 2552 1066 2638 ὀλέθρῳ.

263 2657 388 2721 τούνεκα
403 2661 455 2721 νῦν
471 2658 592 2739 ἑτάρους
607 2683 640 2721 τε
655 2660 764 2738 λαβὸν
782 2658 830 2720 καὶ
845 2659 902 2734 νῆα
916 2655 1059 2735 μέλαιναν

263 2761 357 2840 ἦλθον
372 2762 559 2840 πευσόμενος
574 2761 684 2843 πατρὸς
699 2762 755 2840 δην
770 2760 971 2842 οίχομένοιο.”
1163 2787 1212 2836 270

306 2868 368 2928 Τδν
383 2863 408 2926 δ’
423 2864 493 2927 αὖτε
512 2863 673 2945 προσέειπε
691 2863 900 2945 Θεοκλύμενος
916 2862 1059 2942 θεοειδής·

264 2972 282 3000 “
293 2968 369 3030 οὕτω
385 2992 431 3031 τοι
448 2965 496 3030 καὶ
512 2969 589 3052 ἐγὼν
605 2971 638 3032 έκ
654 2969 807 3049 πατρίδος,
823 2967 917 3048 ἀνδρα
933 2972 1080 3034 κατακτὰς

264 3070 410 3150 ἔμφυλον·
435 3074 544 3136 πολλοὶ
560 3075 593 3137 δὲ
608 3072 784 3153 κασίγνητοί
798 3096 831 3135 τε
847 3073 912 3136 έται
928 3097 960 3135 τε

259 3171 370 3254 Ἀργος
386 3175 430 3239 ἀν’
448 3177 627 3256 ἱππόβοτον,
642 3173 719 3257 μέγα
734 3179 767 3239 δὲ
784 3175 958 3256 κρατέουσιν
973 3174 1116 3257 Ἀχαιῶν.

263 3282 322 3340 τῶν
336 3278 563 3360 ὑπαλευάμενος
578 3276 708 3342 θάνατον
728 3280 776 3343 καὶ
793 3283 867 3360 κῆρα
881 3279 1030 3357 μέλαιναν
1164 3305 1210 3356 ²75

263 3379 376 3462 φεύγω,
393 3383 460 3445 έπεί
472 3383 507 3447 νύ
520 3409 571 3462 μοι
586 3382 661 3446 αἶσα
676 3381 739 3446 κατ’
754 3384 927 3463 ἀνθρώπους
943 3380 1128 3459 ἀλάλησθαι.

264 3483 345 3548 ἀλλά
362 3509 400 3566 με
415 3486 485 3565 νηὸς
503 3487 647 3567 ἔφεσσαι,
664 3488 733 3552 έπεί
746 3512 783 3550 σε
798 3486 903 3570 φυγὼν
917 3485 1065 3564 ἱκέτευσα,

262 3587 303 3670 μή
318 3613 355 3669 με
372 3591 596 3656 κατακτείνωσι·
620 3590 794 3669 διωκέμεναι
810 3593 868 3672 γδρ
883 3586 968 3652 όίω.”

305 3698 368 3760 Τὸν
383 3692 407 3758 δ’
423 3692 459 3754 αὖ
474 3693 656 3780 Τηλέμαχος
670 3693 856 3773 πεπνυμένος
872 3694 974 3759 ἀντίον
988 3694 1071 3773 ηύδα·
