2908 4232
588 375 638 436 24.
664 362 833 424 ΙΛΙΑΔΟΣ
856 361 895 421 Ω.
1145 373 1208 444 503

263 531 392 609 ἐννῆμαρ
407 526 463 608 μέν
478 525 504 592 κ’
520 529 611 594 αὐτὸν
626 531 671 594 ἐνὶ
685 530 827 614 μεγάροις
842 529 994 614 γοάοιμεν,

261 633 297 718 τῇ
315 629 423 720 δεκάτῃ
442 631 475 695 δέ
490 659 523 697 κε
538 632 702 714 θάπτοιμεν
717 635 840 700 δαινῦτό
854 660 888 698 τε
902 636 985 711 λαός,
1162 647 1210 712 655

262 734 403 823 ἑνδεκάτῃ
419 735 453 799 δέ
468 763 501 800 κε
516 723 632 817 τύμβου
648 738 696 801 ἐπ’
712 739 791 822 αὐτῷ
807 737 998 818 ποιήσαιμεν,

261 839 297 924 τῇ
313 840 346 902 δὲ
361 837 529 926 δυωδεκάτῃ
545 838 757 920 πολεμίξομεν,
776 843 874 921 εἴπερ
892 837 1037 922 άνάγκη.”

303 946 366 1007 Τὸν
381 941 406 1006 δ’
423 943 493 1008 αὖτε
509 943 674 1024 προσέειπε
689 943 839 1025 ποδάρκης
854 949 916 1012 δῖος
931 944 1104 1026 Ἀχιλλεύς·

261 1047 280 1080 “
289 1044 376 1110 ἔσται
391 1071 437 1109 τοι
454 1047 502 1110 καὶ
518 1052 621 1123 ταῦτα,
636 1046 726 1130 γέρον
741 1044 861 1129 Πρίαμ’,
878 1047 918 1112 ὡς
934 1046 972 1109 σδ
989 1048 1130 1112 κελεύεις·

261 1147 369 1230 σχήσω
384 1148 441 1231 γὰρ
459 1150 594 1229 πόλεμον
608 1153 725 1214 τόσσον
738 1151 850 1232 χρόνον
866 1152 963 1213 ὅσσον
979 1147 1125 1234 ἄνωγας.”
1160 1163 1210 1226 670

296 1247 360 1316 Ὠς
375 1252 432 1333 άρα
446 1251 593 1332 φωνήσας
611 1253 662 1316 ἐπὶ
678 1254 780 1338 καρπῷ
796 1256 884 1334 χεῖρα
899 1250 1040 1335 γέροντος

261 1352 378 1433 ἔλλαβε
393 1353 554 1437 δεξιτερήν,
569 1353 610 1436 μή
626 1381 689 1422 πως
704 1353 807 1420 δείσει’
825 1356 870 1419 ἐνὶ
887 1358 976 1440 θυμῷ.

237 1461 244 1525 Ι
261 1458 359 1535 οἱμὲν
374 1455 418 1539 ἄρ’
435 1460 468 1522 ἐν
483 1460 622 1543 προδόμῳ
641 1459 733 1536 δόμου
749 1459 853 1522 αὐτόθι
870 1457 1063 1539 κοιμήσαντο,

259 1558 353 1642 κῆρυξ
366 1559 414 1624 καὶ
430 1563 575 1643 Πρίαμος,
591 1565 700 1626 πυκινὰ
715 1564 808 1644 φρεσὶ
822 1561 906 1641 μήδε’
923 1562 1054 1645 ἔχοντες,

259 1661 529 1746 αύτδρἌχιλλεδς
544 1665 610 1728 εύδε
624 1667 710 1750 μυχῷ
726 1666 847 1744 κλισίης
863 1663 1021 1745 ἐϋπήκτου·
1158 1679 1207 1742 675

257 1767 298 1850 τῷ
314 1769 347 1829 δὲ
363 1768 490 1849 Βρισηὶς
505 1767 695 1850 παρελέξατο
711 1768 927 1854 καλλιπάρῃος.

297 1869 410 1934 Ἀλλοι
424 1869 481 1950 μέν
493 1873 533 1953 ῥα
548 1871 614 1935 θεοί
631 1896 663 1934 τε
680 1872 728 1934 καὶ
744 1870 848 1952 άνέρες
865 1874 1084 1953 ἱπποκορυσταὶ

257 1975 344 2038 εὗδον
359 1974 527 2056 παννύχιοι,
541 1976 668 2058 μαλακῷ
685 1973 862 2054 δεδμημένοι
877 1976 970 2059 ύπνιρ·

257 2077 327 2141 ἀλλ’
344 2079 401 2161 οὐχ
416 2076 560 2159 Ἑρμείαν
575 2077 723 2159 ἐριούνιον
737 2079 829 2143 ὕπνος
845 2077 1003 2159 ἔμαρπτεν,

256 2179 425 2264 ὁρμαίνοντ’
440 2183 499 2244 ἆνδ
514 2180 607 2260 θυμὸν
622 2181 704 2246 ὅπως
722 2181 861 2261 Πρίαμον
875 2171 1015 2260 βασιλῆα
1158 2195 1208 2243 68ο

256 2291 336 2363 νηῶν
351 2283 518 2366 ἐκπέμψειε
532 2284 635 2347 λαθδν
653 2284 750 2365 ἱεροὺς
765 2285 949 2366 πυλαωρούς.

257 2392 314 2468 στῆ
330 2385 357 2452 δ’
373 2388 418 2470 ἄρ’
434 2390 508 2469 ὑπὲρ
526 2389 661 2469 κεφαλῆς
677 2387 728 2451 καί
740 2413 793 2468 μιν
808 2387 882 2470 πρὸς
895 2391 991 2468 μῦθον
1006 2389 1117 2453 ἔειπεν·

257 2489 308 2554 “ιδ
323 2490 422 2574 γέρον,
439 2491 473 2554 ού
488 2490 523 2555 νύ
538 2517 566 2554 τι
583 2491 636 2554 σοί
649 2517 686 2573 γε
699 2488 787 2571 μέλει
803 2491 904 2568 κακόν,
921 2492 987 2556 οίον
1001 2490 1045 2555 ἔθ’
1063 2493 1157 2556 εὕδεις

257 2592 401 2676 ἀνδράσιν
416 2596 450 2657 ἐν
464 2593 604 2672 δηΐοισιν,
622 2595 690 2658 ἐπεί
705 2593 734 2654 τ’
751 2596 854 2658 είασεν
870 2593 1043 2678 Ἀχιλλεύς.

256 2699 305 2762 καὶ
321 2703 373 2762 νῦν
386 2699 442 2779 μέν
457 2698 551 2780 φίλον
566 2697 631 2761 υἱὸν
646 2697 769 2769 ἐλύσαο,
787 2696 890 2760 πολλὰ
905 2697 930 2760 δ’
946 2698 1068 2764 ἔδωκας·
1157 2709 1205 2771 685

256 2806 322 2865 σεῖο
338 2799 372 2865 δέ
387 2827 420 2865 κε
436 2801 511 2879 ζωοῦ
526 2801 577 2864 καὶ
591 2801 653 2882 τρὶς
667 2801 746 2864 τόσα
761 2805 842 2865 δοῖεν
857 2799 968 2864 ἄποινα

255 2908 360 2970 παῖδες
375 2904 421 2967 τοὶ
437 2904 604 2982 μετόπισθε
619 2902 823 2982 λελειμμένοι,
839 2906 872 2967 αἵ
890 2901 916 2967 κ’
933 2898 1133 2986 Ἀγαμέμνων

255 3009 336 3094 γνώῃ
352 3006 383 3072 π’
397 3006 560 3090 Ἀτρείδης,
577 3008 698 3089 γνόωσι
714 3010 746 3071 δὲ
762 3006 871 3073 πάντες
886 3007 1037 3090 Ἀχαιοί.”

292 3109 355 3177 Ὠς
371 3109 466 3193 ἔφατ’,
483 3110 600 3175 ἔδεισεν
615 3108 639 3174 δ’
658 3112 673 3173 ό
688 3109 792 3193 γέρων,
810 3109 921 3192 κήρυκα
935 3109 962 3174 δ’
978 3111 1096 3191 ἀνίστη.

255 3219 354 3278 τοῖσιν
369 3211 394 3278 δ’
409 3213 550 3297 Ἑρμείας
567 3211 649 3293 ζεῦξ’
665 3217 774 3282 ἵππους
788 3214 930 3294 ἡμιόνους
944 3240 987 3288 τε,
1153 3229 1204 3294 690

253 3317 352 3399 ῥίμφα
369 3315 394 3382 δ’
411 3317 459 3399 ἆρ’
476 3317 563 3386 αὐτὸς
579 3319 688 3382 ἔλαυνε
703 3321 779 3382 κατὰ
795 3319 933 3400 στρατόν,
947 3316 1015 3382 οὐδέ
1031 3343 1076 3385 τις
1091 3318 1177 3402 ἔγνω.

297 3417 387 3484 Ἀλλ’
402 3423 453 3485 ὅτε
469 3422 504 3502 δη
521 3421 617 3504 πόρον
631 3419 700 3501 ίξον
714 3423 844 3502 ἐϋρρεῖος
860 3427 1017 3503 ποταμοῖο,

255 3521 377 3590 Ξάνθου
392 3523 552 3604 δινήεντος,
569 3523 605 3591 δν
620 3522 767 3590 ἀθάνατος
782 3523 884 3588 τέκετο
901 3525 984 3605 Ζεύς,

254 3624 394 3709 Ἑρμείας
407 3630 464 3706 μὲν
479 3627 570 3693 ἔπειτ’
587 3626 688 3708 άπέβη
706 3633 780 3708 πρὸς
794 3628 909 3708 μακρὸν
920 3627 1089 3709 Ὄλυμπον,

255 3729 337 3798 Ἠὼς
352 3732 385 3795 δέ
401 3732 606 3813 κροκόπεπλος
620 3733 757 3798 ἐκίδνατο
772 3734 875 3796 πᾶσαν
890 3729 936 3796 ἐπ’
953 3733 1032 3807 αἶαν,
1151 3745 1200 3810 695
