2874 4234
517 369 547 435 7.
578 359 813 420 οΔυΣΣΕιΑΣ
846 361 885 418 ιι.
1114 354 1176 430 617

228 524 310 590 ὅσσα
326 551 362 608 γε
377 525 413 604 δὴ
430 524 585 606 ξύμπαντα
601 530 677 592 θεῶν
693 527 785 604 ἰότητι
801 527 931 606 μόγησα.

229 630 299 693 ἀλλ’
315 632 366 708 ἐμὲ
381 631 437 708 μὲν
452 633 602 711 δορπῆσαι
618 631 727 693 έάσατε
744 631 907 711 κηδόμενόν
922 648 987 711 περ·
1130 652 1176 701 2ι5

229 734 264 797 οἰι
279 734 337 816 γάρ
353 759 382 796 τι
397 733 526 819 στυγερῇ
542 731 592 797 ἔπί
608 734 733 816 γαστέρι
750 734 889 816 κύντερον
904 734 985 796 ἀλλο

229 838 352 914 ἔπλετο,
366 837 386 917 ή
401 837 426 898 τ’
442 836 601 902 ἐκέλευσεν
616 838 648 900 ἔο
663 836 838 917 μνήσασθαι
854 836 968 922 ἀνάγκῃ

229 938 276 1004 καί
288 940 371 1020 μάλα
385 943 558 1022 τειρόμενον
573 940 621 1005 καὶ
637 943 681 1005 ἔνὶ
696 943 789 1023 φρεσὶ
805 939 912 1007 πένθος
927 941 1046 1023 ἔχοντα,

229 1045 269 1111 ὡς
285 1043 333 1108 καὶ
349 1047 408 1127 ἐγὼ
425 1045 533 1112 πένθος
547 1048 602 1126 μὲν
618 1046 678 1128 ἔχω
696 1047 817 1127 φρεσίν,
833 1045 851 1123 ή
868 1047 901 1108 δὲ
915 1043 987 1123 μόλ’
1004 1040 1063 1106 αἰεὶ

230 1147 387 1227 ἐσθέμεναι
404 1148 520 1213 κέλεται
537 1147 584 1212 καὶ
601 1148 733 1228 πινέμεν,
749 1151 781 1212 ἔκ
798 1149 831 1213 δέ
845 1174 882 1229 με
898 1147 1019 1212 πάντων
1130 1171 1177 1207 22ο

228 1252 353 1330 ληθάνει
370 1253 438 1315 όσσ’
457 1253 579 1330 ἔπαθον,
597 1254 645 1317 καί
660 1255 881 1331 ἐνιπλησθῆναι
897 1252 1016 1333 ἀνόγει.

229 1359 312 1436 ὑμεῖς
328 1357 354 1420 δ’
369 1357 547 1438 ὀτρύνεσθαι
563 1357 612 1436 ἀμ’
627 1356 677 1435 ήοῐ
691 1358 924 1438 φαινομένηφιν,

230 1462 269 1526 ὥς
285 1461 310 1522 κ’
328 1464 379 1541 ἐμὲ
394 1460 447 1524 τδν
463 1460 610 1539 δύστηνον
628 1463 700 1541 ἔμῆς
712 1459 878 1541 ἐπιβήσετε
893 1459 1017 1541 πάτρης,

231 1565 351 1646 καίπερ
367 1565 470 1628 πολλὰ
487 1567 631 1629 παθόντα·
656 1566 755 1630 ἰδόντα
770 1591 808 1644 με
824 1562 873 1628 καί
887 1564 973 1628 λίποι
989 1563 1063 1626 αἰὼν

230 1671 336 1745 κτῆσιν
352 1669 426 1748 ἔμὴν
442 1667 541 1748 δμῶάς
557 1695 590 1734 τε
606 1669 654 1732 καί
669 1669 822 1750 ὑψερεφὲς
839 1669 916 1751 μέγα
932 1664 1042 1748 δῶμα.”
1130 1692 1177 1740 225

266 1768 329 1836 Ὠς
346 1772 445 1852 ἔφαθ’,
462 1776 491 1836 οἱ
507 1773 532 1837 δ’
551 1774 608 1854 άρο
623 1773 733 1838 πάντες
749 1770 874 1858 ἐπῄνεον
889 1772 934 1851 ἠδ’
950 1770 1091 1834 ἔκέλευον

229 1875 416 1955 πεμπέμεναι
431 1881 484 1941 τὸν
499 1875 609 1954 ξεῖνον,
626 1875 691 1940 ἔπεί
709 1874 782 1940 κατὰ
796 1882 902 1956 μοῖραν
918 1877 1028 1939 ἔειπεν.

230 1979 323 2059 αὐτὰρ
338 1978 405 2042 ἔπεί
422 1981 552 2043 σπεῖσάν
568 1981 594 2041 τ’
609 1981 696 2043 ἔπιόν
711 1979 738 2043 θ’
752 1979 829 2044 όσον
843 1979 935 2058 ἤθελε
951 1978 1051 2056 θυμός,

229 2085 258 2145 οἱ
274 2087 331 2162 μὲν
346 2084 533 2149 κακκείοντες
549 2084 625 2164 ἔβαν
639 2084 756 2148 οἶκόνδε
771 2083 907 2159 ἔκαστος,

230 2187 320 2269 αὐτὰρ
338 2189 398 2250 όέν
413 2186 534 2272 μεγάρῳ
549 2188 730 2252 ὑπελείπετο
746 2192 810 2253 δῖος
825 2187 1003 2263 Ὀδυσσεύς,
1129 2211 1178 2258 230

229 2293 288 2371 πδιρ
305 2291 338 2356 δέ
353 2293 381 2354 οἱ
398 2289 508 2369 Ἀρήτη
525 2316 558 2355 τε
574 2292 622 2354 καὶ
637 2291 795 2357 ’Λλκίνοος
811 2290 945 2369 θεοειδής

229 2395 336 2475 ἥσθην·
362 2395 532 2475 ἀμφίπολοι
548 2395 573 2457 δ’
589 2395 779 2473 ἀπεκόσμεον
795 2395 880 2458 ἔντεα
896 2395 1004 2460 δαιτός.

229 2503 329 2562 τοῖσιν
345 2499 370 2562 δ’
386 2497 496 2579 Ἀρήτη
512 2499 700 2564 λευκώλενος
718 2497 828 2582 ἤρχετο
843 2499 954 2577 μύθων·

230 2602 307 2683 ἔγνω
322 2605 380 2684 γάρ
397 2605 493 2683 φᾶρός
508 2627 540 2667 τε
556 2602 670 2686 χιτῶνά
685 2627 717 2667 τε
732 2603 827 2681 εἵματ’
843 2606 951 2666 ἰδοῦσα

230 2705 318 2783 καλό,
337 2705 374 2768 τά
388 2706 415 2788 ῥ’
431 2707 503 2785 αὐτή
520 2706 605 2785 τεῦξε
622 2706 678 2770 σδν
694 2707 899 2788 ἀμφιπόλοισι
913 2703 1039 2787 γυναιξί·
1131 2733 1142 2765 2
1148 2732 1177 2780 35

231 2810 281 2870 καί
294 2834 346 2888 μιν
362 2810 521 2891 φωνήσασ’
537 2811 611 2874 ἔπεα
626 2812 789 2889 πτερόεντα
804 2810 968 2890 προσηύδα·

273 2916 291 2944 “
303 2916 400 2990 Ξεῖνε,
417 2919 451 2976 τδ
464 2912 518 2992 μέν
534 2941 571 2977 σε
587 2921 704 2995 πρῶτον
720 2915 798 2996 έγδν
814 2913 972 2995 εἰρήσομαι
987 2911 1069 2990 αὐτή·

230 3016 275 3080 τίς
292 3018 385 3080 πόθεν
401 3019 443 3083 εἰς
460 3018 597 3098 ἀνδρῶν;
622 3019 666 3083 τίς
682 3043 729 3082 τοι
743 3018 814 3081 τάδε
830 3018 926 3098 εἵματ’
943 3019 1075 3090 ἔδωκεν,·

232 3119 267 3181 οὐ
282 3121 318 3197 δὴ
335 3119 394 3204 φῂς
410 3122 459 3183 ἔπί
475 3122 586 3186 πόντον
602 3123 756 3201 ἀλώμενος
773 3121 872 3186 ἐνθάδ’
889 3120 1008 3185 ἱκέσθαι
1021 3120 1061 3195 ,·”

272 3223 336 3301 Τήν
352 3223 377 3286 δ’
394 3225 638 3304 ἀπαμειβόμενος
653 3226 793 3306 προσέφη
810 3227 976 3305 πολύμητις
988 3225 1163 3290 Ὀδυσσεύς·

230 3325 418 3406 κἀργαλέον,
433 3329 590 3407 βασίλεια,
608 3329 763 3408 διηνεκέως
779 3329 941 3411 ἀγορεῦσαι
1131 3355 1177 3404 ²41

231 3428 319 3508 κήδε’,
336 3431 404 3494 ἐπεί
416 3456 467 3508 μοι
483 3431 587 3495 πολλὰ
601 3432 697 3494 δόσαν
713 3429 776 3495 θεοί
792 3433 978 3511 οἰιρανίωνες·

229 3537 316 3594 τοῦτο
332 3531 365 3594 δέ
379 3558 426 3596 τοι
442 3533 514 3615 ἔρέω
529 3533 548 3597 ό
562 3535 592 3614 μ’
608 3536 739 3616 ἀνείρεαι
754 3535 807 3614 ἠδὲ
823 3537 986 3619 μεταλλᾷς.

227 3637 358 3718 Ὠγυγίη
374 3663 419 3702 τις
434 3641 527 3715 νῆσος
542 3640 714 3721 ἀπόπροθεν
729 3641 773 3703 εἰν
789 3636 841 3702 ἀλί
857 3646 961 3718 κεῖται,
1076 3685 1078 3689 s

228 3740 300 3804 ἔνθα
314 3742 369 3820 μὲν
381 3739 549 3809 Ἀτλαντος
566 3743 706 3825 θυγάτηρ,
722 3744 878 3809 δολόεσσα
893 3744 1040 3823 Καλυψώ,
1130 3769 1177 3822 24⁵

672 3862 733 3930 X3
