2728 4230
246 342 305 407 118
579 345 609 410 6.
633 349 804 410 ΙΛΙΑΔΟΣ
827 350 863 410 Ζ.

241 513 350 581 Οίνεδς
363 513 421 598 γάρ
437 539 511 580 ποτε
525 519 589 582 δῖος
604 503 741 595 ἀμύμονα
755 514 1009 597 Βελλεροφόντην

242 615 349 696 ξείνισ’
364 619 410 683 ἑνὶ
423 617 603 700 μεγάροισιν
613 607 751 683 ’ἑείκοσιν
764 614 852 699 ἤματ’
861 614 983 697 ιὲρύξας·

242 723 271 784 οἱ
286 722 319 785 δὲ
335 722 383 784 καὶ
398 720 566 800 άλλήλοισι
580 722 675 802 πόρον
691 719 808 800 ξεινήϊα
823 718 912 784 καλά·

241 823 348 890 Οἰνεὺς
362 825 418 903 μὲν
433 825 570 906 ζωστῆρα
584 827 667 890 δίδου
682 824 799 905 φοίνικι
815 824 951 907 φαεινόν,

242 927 491 1010 Βελλεροφόντης
504 931 538 993 δὲ
551 928 683 1010 χρύσεον
698 927 791 995 δέπας
805 926 1050 1008 άμφικύπελλον,
1135 951 1183 986 220

241 1032 293 1094 καί
303 1057 356 1110 μιν
370 1031 429 1113 έγδ
446 1030 625 1096 κατέλειπον
640 1032 694 1096 ἰὼν
708 1033 742 1096 έν
756 1027 872 1111 δύμασ’
888 1032 998 1110 ἐμοῖσι.

238 1130 338 1196 Τυδέα
351 1131 378 1197 δ’
391 1134 426 1198 ού
439 1133 599 1215 μέμνημαι,
614 1135 683 1198 ἐπεί
694 1132 725 1213 μ’
742 1133 787 1198 έτι
801 1132 908 1198 τυτθόν
923 1133 1012 1197 ἑόντα

240 1233 376 1318 κάλλιφ’,
392 1234 435 1300 ὅτ’
451 1239 485 1300 ἑν
501 1234 648 1323 Θήβῃσιν
663 1236 804 1301 άπόλετο
818 1235 894 1302 λαός
908 1233 1052 1319 Ἀχαιῶν.

238 1341 279 1423 τῷ
296 1345 348 1404 νῦν
364 1340 414 1402 σοὶ
427 1341 484 1419 μὲν
498 1339 557 1421 έγδ
574 1337 671 1417 ξεῖνος
687 1340 779 1420 φίλος
791 1337 898 1422 Ἀργεϊ
911 1336 1018 1422 μέσσω

239 1442 308 1520 είμί,
325 1442 363 1504 σύ
378 1440 403 1506 δ’
419 1443 453 1507 έν
467 1443 572 1528 Λυκίῃ,
589 1442 640 1506 ὅτε
656 1447 782 1507 κεντῶν
797 1443 1022 1520 δῆμονίκωμοι.
1132 1466 1181 1517 ²²5

239 1544 332 1627 ἔγχεα
346 1541 372 1609 δ’
388 1543 533 1624 ἀλλήλων
547 1544 706 1624 άλεεύμεθα
724 1545 773 1608 καὶ
787 1542 826 1608 δι’
843 1545 960 1624 ὁμίλου·

237 1648 349 1711 πολλοὶ
362 1648 418 1727 μὲν
431 1648 490 1729 γὰρ
505 1647 572 1727 ἐμοὶ
585 1652 687 1728 Τρῶες
702 1649 818 1711 κλειτοί
831 1644 858 1708 τ’
873 1648 1036 1728 ἐπίκουροι,

238 1751 362 1816 κτείνειν
377 1752 413 1814 όν
428 1777 462 1816 κε
477 1751 546 1818 θεός
559 1777 596 1834 γε
611 1753 689 1838 πόρῃ
706 1751 755 1816 καὶ
770 1752 868 1815 ποσσὶ
884 1752 997 1835 κιχείω,

236 1855 349 1918 πολλοὶ
363 1854 390 1919 δ’
406 1854 443 1918 αύ
457 1855 509 1918 σοὶ
524 1852 645 1936 Ἀχαιοὶ
661 1852 817 1936 έναιρέμεν
831 1854 868 1918 ὅν
882 1879 916 1917 κε
933 1855 1048 1931 δύνηαι.

235 1957 345 2040 τεύχεα
357 1955 383 2020 δ’
399 1954 547 2036 ἀλλήλοις
563 1959 780 2038 ἐπαμείψομεν,
797 1958 879 2037 όφρα
894 1956 943 2020 καὶ
958 1958 1022 2022 οίδε
1132 1984 1180 2032 23c

235 2064 350 2139 γνῶσιν
366 2060 412 2123 ότι
428 2057 522 2138 ξεῖνοι
537 2060 681 2141 πατρώϊοι
701 2058 839 2142 εὐχόμεθ’
857 2056 968 2124 εἶναι.”

271 2159 335 2228 Ὠς
349 2161 407 2244 ἄρα
422 2160 613 2244 φωνήσαντε,
631 2163 695 2226 καθ’
711 2165 812 2227 ἵππιον
828 2160 959 2241 ἆίξαντε,

233 2263 339 2345 χεῖράς
353 2264 378 2326 τ’
397 2262 543 2344 θλλήλων
558 2263 698 2345 λαβέτην
713 2265 763 2328 καὶ
778 2265 984 2330 πιστιύσαντο·

236 2366 297 2430 ἔνθ’
312 2366 382 2432 αύτε
396 2367 521 2453 Γλαύκῳ
537 2369 684 2447 Κρονίδης
699 2364 813 2448 φρένας
828 2365 951 2446 ἐξέλετο
967 2368 1050 2443 Ζεύς,

235 2468 268 2535 ὃς
283 2469 356 2552 πρὸς
369 2468 516 2547 Τυδείδην
532 2467 688 2548 Διομήδεα
702 2468 799 2553 τεύχε’
817 2469 928 2551 ἄμειβε
1132 2499 1180 2548 ²35

233 2571 350 2654 χρύσεα
362 2571 524 2654 χαλκείων,
541 2571 715 2651 ἑκατόμβοι’
731 2572 925 2651 ἐννεαβοίων.

272 2674 390 2756 Ἕκτωρ
405 2677 431 2738 δ’
446 2673 486 2740 ὣς
501 2673 613 2740 Σκαιάς
627 2698 662 2739 τε
676 2674 774 2740 πύλας
790 2675 839 2738 καὶ
853 2674 957 2757 φηγὸν
971 2677 1081 2751 ἵκανεν,

234 2777 308 2858 ἀμφ’
325 2776 382 2858 άρα
395 2802 448 2857 μιν
461 2777 574 2858 Τρόων
589 2776 700 2860 ἄλοχοι
715 2775 786 2842 θέον
800 2777 854 2856 ήδὲ
869 2778 1013 2862 θύγατρες
1041 2855 1044 2860 ,

234 2881 385 2961 εἰρόμεναι
399 2877 509 2946 παῖδάς
523 2904 557 2944 τε
572 2878 771 2961 κασιγνήτους
786 2905 820 2947 τε
834 2881 905 2948 ἔτας
920 2907 954 2946 τε

234 2984 283 3046 καὶ
297 2983 418 3049 πόσιας·
441 2984 459 3046 ό
474 2979 501 3046 δ’
516 2981 622 3046 ἔπειτα
637 2986 717 3048 θεοῖς
733 2983 880 3066 εὔχεσθαι
895 2983 1006 3066 ἀνοίγει
1065 3023 1067 3028 -
1131 3009 1180 3057 240

234 3083 334 3150 πόσας
348 3081 453 3163 ἑξείης·
477 3085 614 3170 πολλῇσι
630 3085 662 3148 δὲ
679 3082 759 3163 κήδε’
776 3088 905 3166 έφῆπτο.

275 3185 364 3249 Ἀλλ’
381 3186 432 3250 ότε
447 3185 483 3265 δή
499 3184 650 3268 Πριάμοιο
665 3187 759 3267 δόμον
774 3188 947 3269 περικαλλέ’
964 3190 1057 3268 ίκανε,

234 3289 343 3377 ξεστῇς
358 3289 521 3374 αἰθούσῃσι
536 3289 855 3373 τετυγμένον-αὐτὰρ
870 3293 904 3356 ἑν
919 3293 998 3377 αὐτῷ

127 3477 129 3482 Ι
234 3390 406 3470 πεντήκοντ’
427 3392 537 3456 ἔνεσαν
552 3391 685 3472 θάλαμοι
700 3390 822 3471 ξεστοῖο
836 3393 947 3470 λίθοιο,

234 3496 366 3573 πλησίον
381 3492 527 3573 άλλήλων
542 3493 730 3575 δεδμημένοι·
754 3496 827 3561 ἔνθα
842 3496 875 3559 δὲ
889 3500 995 3561 παῖδες
1131 3521 1178 3572 ²45

234 3603 379 3674 κοιμῶντο
394 3597 545 3680 Πριάμοιο
560 3600 641 3680 παρὰ
654 3600 791 3684 μνηστῇς
806 3598 961 3681 ἀλόχοισι·

234 3699 366 3781 κουράων
381 3699 407 3765 δ’
424 3698 569 3781 ἑτέρωθεν
584 3702 715 3766 ἑναντίοι
731 3701 853 3767 ἑνδοθεν
869 3699 962 3778 αύλῆς
