2788 4230
261 334 323 414 842
551 353 601 401 20.
624 319 858 398 οαυςςοιλν
882 337 918 396 υ.

259 503 398 568 ἐλθόντες
414 498 439 566 δ’
455 503 485 568 ἐς
503 499 613 581 δώματ’
626 500 797 581 Ὀδυσσῆος
813 502 906 566 θείοιο

257 607 386 689 χλαίνας
401 609 457 685 μὲν
474 605 630 671 κατέθεντο
648 609 723 669 κατὰ
739 605 883 686 κλισμούς
900 629 932 668 τε
949 607 1072 685 θρόνους
1088 628 1127 681 τε,

259 713 287 774 οἱ
302 708 328 774 δ’
344 709 457 790 ἱέρευον
469 712 520 777 ’ὄϊς
535 711 685 794 μεγάλους
701 711 750 772 καὶ
765 711 873 775 πίονας
889 708 985 791 αἶγας,
1158 733 1210 783 ²50

259 816 357 894 ἵρευον
373 817 406 879 δέ
423 814 498 880 σύας
513 813 640 880 σιάλους
657 810 704 876 καὶ
718 816 797 893 βοῦν
812 813 967 894 ἀγελαίην·

258 916 425 1001 σπλάγχνα
440 916 464 983 δ’
480 917 525 1000 ἄρ’
543 916 730 997 ὀπτήσαντες
746 917 878 995 ἐνώμων,
893 917 926 979 ἐν
941 915 975 981 δέ
989 941 1021 979 τε
1037 915 1120 980 οἶνον

235 1069 238 1074 -
259 1023 420 1104 κρητῆρσιν
436 1021 590 1103 κερόωντο·
616 1020 753 1083 κύπελλα
768 1020 800 1083 δέ
815 1026 898 1099 νεῖμε
914 1019 1063 1099 συβώτης.

259 1129 344 1189 σῖτον
360 1125 393 1190 δέ
408 1124 464 1206 σφ’
480 1122 616 1204 ἐπένειμε
631 1124 796 1200 Φιλοίτιος,
814 1125 946 1204 ὄρχαμος
962 1123 1085 1205 ἀνδρῶν,

259 1233 362 1294 καλοῖς
378 1229 410 1291 ἐν
427 1227 591 1306 κανέοισιν,
607 1228 750 1312 ἐῳνοχόει
766 1228 798 1290 δέ
816 1227 1001 1306 Μελανθεύς.
1157 1253 1168 1287 2
1174 1253 1208 1304 55

259 1333 287 1394 οἱ
303 1329 328 1396 δ’
344 1330 389 1396 ἐπ’
406 1331 517 1396 ὀνείαθ’
534 1334 638 1409 ἑτοῖμα
653 1330 832 1413 προκείμενα
844 1335 948 1414 χεῖρας
964 1330 1081 1395 ίαλλον.

300 1433 482 1517 Τηλέμαχος
498 1433 522 1498 δ’
538 1433 674 1514 Ὀδυσῆα
689 1435 837 1515 καθίδρυε,
854 1432 958 1513 κέρδεα
973 1440 1086 1512 νωμῶν,

258 1537 342 1604 ἐντδς
358 1537 519 1604 ἐϋσταθέος
533 1537 671 1620 μεγάρου,
688 1535 768 1617 παρὰ
783 1537 889 1600 λάϊνον
904 1536 1001 1611 ούδόν,

258 1642 366 1721 δίφρον
382 1640 532 1706 ἀεικέλιον
548 1639 686 1706 καταθεὶς
702 1641 811 1722 ὀλίγην
825 1665 858 1704 τε
873 1639 1029 1718 τράπεζαν·

257 1742 318 1826 πὰρ
334 1743 360 1807 δ’
376 1745 468 1809 ἐτίθει
484 1743 673 1827 σπλάγχνων
687 1745 802 1824 μοίρας,
819 1745 851 1808 ἐν
867 1742 891 1806 δ’
908 1744 990 1808 οἶνον
1006 1744 1110 1828 ἔχευεν
1156 1758 1207 1808 260

258 1849 291 1910 ἐν
305 1846 394 1912 δέπαϊ
408 1846 538 1932 χρυσέῳ,
555 1848 605 1911 καί
618 1872 669 1925 μιν
683 1853 755 1929 πρὸς
769 1850 864 1925 μῦθον
880 1847 988 1911 ἔειπεν·
1057 1871 1060 1876 ·

257 1955 275 1984 “
286 1952 424 2014 ἐνταυθοῖ
437 1957 489 2016 νῦν
503 1951 562 2030 ῆσο
576 1949 640 2030 μετ’
656 1949 800 2032 ἀνδράσιν
815 1949 1027 2028 οἰνοποτάζων·

258 2057 412 2137 κερτομίας
429 2054 461 2120 δέ
474 2081 519 2119 τοι
536 2057 622 2121 αὐτὸς
637 2056 701 2138 ἐγὼ
712 2057 761 2120 καὶ
777 2060 879 2137 χεῖρας
895 2053 976 2135 ἆφέξ
1003 2078 1006 2084 ’

257 2161 377 2222 πάντων
390 2157 577 2240 μνηστήρων,
592 2157 658 2224 ἐπεὶ
674 2159 707 2222 οὕ
722 2183 768 2222 τοι
783 2157 888 2238 δήμιός
905 2161 989 2223 ἐστιν

258 2263 338 2329 οἶκος
354 2261 406 2341 ὅδ’,
422 2262 493 2326 ἀλλ’
509 2261 667 2342 Ὀδυσῆος,
684 2264 749 2343 ἐμοὶ
765 2261 790 2328 δ’
806 2261 954 2341 ἐκτήσατο
971 2267 1077 2329 κεῖνος.
1155 2275 1205 2338 ²⁶5

255 2367 339 2444 ὑμεῖς
354 2366 397 2444 δέ,
412 2371 590 2449 μνηστῆρες,
605 2368 749 2449 ἐπίσχετε
765 2372 856 2444 θυμὸν
872 2368 975 2444 szps

258 2471 307 2532 καὶ
321 2476 440 2552 χειρῶν,
456 2472 505 2534 ίνα
520 2469 561 2550 μή
576 2496 620 2537 τις
636 2472 696 2553 ἔρις
713 2472 762 2534 καὶ
778 2475 875 2536 νεῖκος
891 2469 1021 2550 ὀρηται.”

293 2571 357 2640 Ὧς
372 2573 472 2654 ἔφαθ’,
488 2577 517 2637 οἱ
533 2573 559 2638 δ’
576 2574 632 2654 άρα
648 2571 758 2640 πάντες
773 2572 851 2652 ὀδὰξ
863 2575 896 2636 ἐν
910 2575 1034 2656 χείλεσι
1050 2573 1160 2656 φύντες

255 2675 435 2760 Τηλέμαχον
450 2678 607 2758 θαύμαζον,
623 2676 640 2741 δ
657 2676 832 2759 θαρσαλέως
851 2677 986 2759 ὀγόρευε.

256 2786 355 2846 τοῖσιν
370 2781 396 2846 δ’
409 2779 563 2847 Ἀντίνοος
578 2781 703 2861 μετέφη,
721 2779 885 2847 Εὐπείθεος
901 2781 974 2848 υίός·
1154 2801 1204 2856 270

257 2890 274 2918 “
288 2885 336 2948 καὶ
350 2886 488 2969 χαλεπόν
504 2911 560 2965 περ
575 2887 663 2951 ἐόντα
678 2885 835 2967 δεχώμεθα
849 2889 954 2964 μῦθον,
968 2882 1098 2968 Ἀχαιοί,

254 2989 447 3072 Τηλεμάχου·
469 2988 553 3068 μάλα
568 2986 593 3052 δ’
609 2989 679 3068 ήμιν
694 2985 865 3066 άπειλήσας
880 2988 1031 3071 ἀγορεύει.

255 3088 361 3171 οὐγὰρ
377 3093 453 3159 Ζεὺς
465 3094 549 3158 είασε
564 3093 706 3174 Κρονίων·
725 3094 765 3175 τῆ
782 3091 816 3155 κέ
829 3117 881 3172 μιν
897 3091 954 3170 ήδη

255 3193 412 3274 παύσαμεν
427 3198 459 3261 ἐν
472 3196 640 3279 μεγάροισι,
655 3195 744 3279 λιγύν
763 3223 819 3277 περ
835 3194 911 3261 ἐόντ’
928 3195 1103 3278 ἆγορητήν.”

292 3295 356 3364 Ὧς
372 3298 457 3380 ἔφατ’
473 3300 633 3366 Ἀντίνοος·
651 3302 667 3362 ό
683 3299 707 3363 δ’
724 3298 770 3382 ἄρ’
785 3301 837 3364 οὐκ
854 3301 1003 3380 ἐμπάζετο
1017 3302 1128 3382 μύθων.
1155 3323 1203 3378 ²7⁵

257 3398 378 3483 κήρυκες
395 3401 419 3467 δ’
435 3405 492 3469 ὀνδ
509 3405 584 3468 άστο
601 3408 677 3469 θεῶν
694 3405 775 3487 ίερῆν
791 3406 963 3485 ἑκατόμβην

256 3505 339 3589 ήγον·
362 3507 408 3571 τοὶ
423 3505 449 3570 δ’
464 3509 605 3591 ἀγέροντο
623 3508 695 3589 κάρη
713 3510 879 3589 κομόωντες
894 3505 1015 3592 Ἀχαιοὶ

255 3609 352 3676 άλσος
366 3611 424 3674 ύπο
440 3619 559 3692 σκιερὸν
575 3615 764 3695 ἑκατηβόλου
779 3611 988 3679 Ἀπόλλωνος.

300 3716 341 3779 Οί
357 3712 382 3780 δ’
398 3716 464 3778 ἐπεὶ
480 3716 623 3795 ὤπτησαν
639 3715 702 3798 κρέ’
716 3717 862 3798 ὑπέρτερα
878 3715 925 3781 καὶ
942 3717 1093 3799 ἐρύσαντο,
