2738 4226
255 331 318 396 254
574 329 622 394 13.
647 314 816 373 ΙΛΙΑΔΟΣ
840 315 879 374 Ν.

253 481 421 561 οἰσόμενος·
444 480 497 544 τὸν
511 482 544 545 δὲ
559 479 700 561 προσέφη
717 479 824 545 σθένος
839 479 1019 560 Ἰδομενῆος·

253 594 272 619 “
283 585 430 665 Μηριόνη,
447 582 555 646 Μόλου
570 581 624 660 υἱέ,
641 584 737 650 πόδας
750 582 836 665 ταχύ,
853 582 976 663 φίλταθ’
995 583 1127 665 ἑταίραν,

252 685 329 749 τίπτ’
346 685 438 765 ῆλθες
453 687 588 766 πόλεμόν
602 710 635 751 τε
649 687 748 750 λιπῶν
764 687 812 750 καὶ
828 689 993 766 δηϊοτῆτος
1149 712 1160 745 2
1165 711 1198 759 50

252 789 286 869 ῆέ
302 815 330 854 τι
344 789 492 870 βέβληαι,
508 787 618 869 βέλεος
636 787 669 852 δέ
684 815 721 853 σε
736 789 827 870 τείρει
843 787 954 868 ἀκωκή,

253 889 287 968 ῆέ
302 918 353 957 τευ
368 893 512 975 ἀγγελίης
526 890 591 973 μετ’
607 891 653 972 ἔμ’
668 890 800 970 ἤλυθες,·
824 890 892 956 οὔδέ
906 917 953 956 τοι
969 891 1056 958 αὐτὸς

253 995 344 1075 ἧσθαι
360 997 405 1060 ἑνὶ
421 995 560 1082 κλισίῃσι
576 996 745 1075 λιλαίομαι,
762 993 844 1057 ἀλλὰ
857 994 1041 1078 μάχεσθαι.”

294 1100 357 1164 Τὸν
372 1099 397 1163 δ’
415 1099 451 1163 αὔ
467 1099 623 1180 Μηριόνης
638 1097 824 1178 πεπνυμένος
841 1098 944 1162 ἀντίου
957 1098 1041 1175 ηὔδα·

254 1209 272 1234 “
283 1197 443 1279 Ἰδομενεῦ,
460 1203 584 1282 Κρητῶν
597 1203 777 1285 βουληφόρε
791 1201 1036 1286 χαλκοχιτόνων,
1150 1229 1197 1277 255

254 1304 389 1386 ἔρχομαι,
406 1305 435 1368 εί
447 1303 478 1366 τί
492 1327 540 1367 τοι
554 1303 645 1387 ἔγχος
661 1304 705 1366 ἐνὶ
722 1304 860 1390 κλισίῃσι
874 1303 1043 1385 λέλειπται,

254 1407 422 1486 οἰσόμενος·
445 1407 481 1470 τό
496 1432 530 1472 νυ
544 1410 603 1489 γὰρ
619 1405 814 1488 κατεάξαμεν,
832 1405 848 1470 δ
866 1408 937 1487 πρὶν
953 1407 1092 1491 ἔχεσκον,

254 1511 368 1574 ἀσπίδα
385 1511 561 1593 Δηϊφόβοιο
576 1511 685 1591 βολῶν
699 1507 980 1592 ὔπερηνορέοντος.”

294 1614 357 1680 Τδν
371 1613 396 1677 δ’
409 1614 471 1678 αὔτ’
487 1614 661 1693 Ἰδομενεύς,
680 1617 804 1695 Κρητῶν
819 1615 902 1695 ἀγός,
919 1615 1022 1680 ἀντίαν
1037 1615 1120 1693 ηὔδα·

254 1727 273 1752 “
283 1717 410 1798 δούρατα
424 1717 459 1797 δ’,
475 1719 509 1781 οἵ
522 1715 548 1780 κ’
564 1715 725 1803 ἐθέλῃσθα,
741 1717 790 1780 καὶ
806 1717 839 1782 έν
855 1718 905 1780 καὶ
920 1719 1018 1781 είκοσι
1032 1717 1112 1796 δήεις
1149 1735 1197 1781 ιοο

254 1817 372 1882 ἑσταότ’
388 1821 421 1884 ἐν
436 1821 540 1906 κλισίῃ
555 1819 630 1901 πρὸς
645 1819 758 1885 ἐνῶπια
774 1822 1009 1900 παμφανόωντα,

251 1918 361 1998 Τρόϊα,
376 1921 414 1981 τά
429 1917 582 1999 κταμένων
596 1920 785 1998 ἀποαίνυμαι·
818 1919 852 1983 οὔ
866 1921 924 2002 γδρ
939 1917 991 1981 ὀίω

252 2022 367 2102 ἀνδρῶν
382 2020 553 2100 δυσμενέων
568 2025 638 2088 έκάς
654 2020 813 2100 ἱστάμενος
828 2024 1012 2102 πολεμίζειν.

252 2124 292 2210 τῷ
307 2150 360 2204 μοι
375 2123 504 2206 δοόροτά
518 2125 543 2188 τ’
560 2126 627 2189 ἔστι
643 2127 692 2190 καὶ
704 2126 830 2191 ἀσπίδες
846 2123 1071 2207 ὀμφαλόεσσαι,

252 2229 300 2291 καὶ
317 2229 438 2309 κόρυθες
454 2229 503 2292 καὶ
518 2229 649 2310 θώρηκες
663 2228 803 2310 λαμπρὸν
816 2227 1014 2311 γανόωντες.”
1149 2243 1196 2300 265

293 2330 356 2394 Τὸν
370 2328 396 2394 δ’
412 2331 448 2394 οὔ
464 2331 619 2411 Μηριόνης
634 2330 821 2411 πεπνυμένος
836 2333 939 2397 ἀντίον
953 2333 1037 2412 ηὔδα·

253 2444 272 2468 “
281 2435 333 2496 καί
345 2457 392 2497 τοι
407 2433 473 2513 ἐμοὶ
488 2433 568 2515 παριί
583 2457 616 2498 τε
632 2434 735 2519 κλισίῃ
752 2435 801 2498 καὶ
816 2433 866 2513 νηί
878 2437 1007 2522 μελαίνῃ

253 2533 343 2599 πόλλ’
360 2536 451 2618 έναρα
464 2537 586 2618 Τρόωυ·
610 2536 679 2600 ἀλλ’
696 2537 731 2600 οὔ
746 2538 860 2620 σχεδόν
876 2541 961 2604 ἐστιν
977 2538 1112 2602 ἑλέσθαι.

252 2640 319 2702 οὔδέ
334 2642 392 2722 γάρ
408 2638 467 2704 οὔδ’
484 2638 538 2718 ἐμέ
553 2646 631 2720 φημι
646 2639 839 2718 λελασμένον
854 2642 978 2720 ἔμμεναι
995 2643 1097 2721 ἀλκῆς,

252 2743 333 2805 ἀλλὰ
346 2745 423 2822 μετδ
436 2743 583 2825 πρώτοισι
597 2740 700 2826 μόχην
715 2744 774 2807 ἀνδ
789 2741 976 2825 κυδιάνειραν
1148 2769 1198 2821 ²7⁰

251 2847 386 2923 ἵσταμαι,
402 2846 516 2910 ὁππότε
532 2850 631 2911 νεῖκος
647 2845 793 2928 όρόρηται
809 2845 966 2926 πολέμοιο.

252 2949 349 3013 ἀλλον
363 2949 422 3013 πού
436 2971 503 3014 τινα
516 2953 638 3028 μᾶλλον
654 2945 786 3032 Ἀχαιῶν
801 2950 1039 3033 χαλκοχιτόυωυ

251 3049 335 3131 λήθω
348 3049 545 3134 μαρνάμενος,
565 3054 603 3116 σὲ
618 3054 650 3116 δὲ
665 3055 782 3131 ἴδμεναι
797 3052 887 3117 αὐτὸν
902 3052 983 3116 δέοιθ’

293 3155 355 3219 Τδν
369 3154 396 3219 δ’
412 3153 476 3218 αὔτ’
493 3153 667 3236 Ἰδομευεός,
685 3159 810 3236 Κρητῶν
825 3155 906 3238 ἀγός,
922 3157 1024 3220 ἀντίου
1039 3156 1123 3231 ηὔδα·

252 3264 272 3293 “
282 3258 336 3322 οἶδ’
352 3258 460 3339 ἀρετὴν
476 3259 540 3324 οἶός
555 3257 636 3321 έσσι·
661 3259 691 3320 τί
706 3283 742 3322 σε
757 3259 816 3341 χρὴ
833 3263 925 3322 ταῦτα
939 3256 1086 3341 λέγεσθαι
1094 3285 1106 3331 ,·
1149 3285 1197 3336 ²75

252 3363 278 3426 εί
296 3363 353 3444 γάρ
368 3367 421 3426 νῦν
435 3364 516 3443 παρά
531 3362 620 3440 νηυσὶ
634 3361 800 3443 λεγοίμεθα
816 3360 926 3426 πάντες
946 3361 1065 3442 ἀριστοι

252 3463 282 3526 ές
296 3460 401 3543 λόχον,
418 3461 492 3524 ἔνθα
503 3459 628 3540 μάλιστ’
644 3461 734 3542 ἀρετὴ
750 3460 911 3524 διαείδεται
926 3460 1051 3540 ἀνδρῶν,

252 3560 311 3622 ἔνθ’
329 3560 346 3622 ὅ
360 3584 393 3624 τε
408 3564 509 3626 δειλὸς
524 3559 597 3640 ἀνὴρ
612 3560 645 3626 ὅς
660 3560 685 3622 τ’
702 3560 827 3639 ἄλκιμος
842 3555 1025 3639 ἐξεφαάνθη·

251 3668 303 3728 τοῦ
316 3665 372 3746 μὲν
386 3661 444 3749 γάρ
458 3687 491 3727 τε
507 3665 597 3726 κακοῦ
613 3661 752 3745 τρέπεται
765 3661 846 3745 χρῶς
861 3661 986 3738 ἄλλυδις
1002 3660 1091 3747 ἄλλῃ,
