2746 4228
275 302 317 389 36
597 321 625 370 ι.
650 308 819 369 ικιΑΛοΣ
835 309 877 384 ιι.

274 475 383 537 τόσσοι
399 475 449 538 ἐπὶ
463 475 605 556 Τρώεσσι
622 473 694 557 κάρη
711 474 877 554 κομόωντες
891 474 1015 559 Ἀχαιοὶ

275 579 308 640 ἐν
321 579 414 660 πεδίῳ
432 578 555 642 ἵσταντο
571 582 741 660 διαρραῖσαι
756 583 919 657 μεμαῶτες.

316 677 394 746 Τοὺς
409 679 445 755 δ’,
462 681 502 746 ώς
516 679 541 742 τ’
559 681 684 744 αἰπόλια
699 678 809 743 πλατέ’
827 682 921 762 αἰγῶν
937 681 1059 744 αἰπόλοι
1076 679 1180 760 ἄνδρες

272 783 340 862 ῥεῖα
355 780 557 863 διακρίνωσιν,
573 783 640 846 ἐπεί
655 808 688 846 κε
703 785 783 866 νομῷ
799 781 955 865 μιγέωσιν,
1164 803 1214 857 475

275 886 314 948 ὣς
329 882 398 949 τοὺς
412 883 558 966 ἡγεμόνες
573 885 749 963 διεκόσμεον
765 885 837 949 ἔνθα
853 884 902 948 καὶ
918 886 991 950 ἔνθα

273 985 428 1066 ὑσμίνηνδ’
445 986 530 1063 ἰέναι,
546 990 622 1066 μετδ
637 990 670 1050 δέ
686 987 792 1068 κρείων
805 985 1013 1070 Ἀγαμέμνων,

276 1091 393 1168 όμματα
409 1091 458 1153 καί
474 1089 613 1170 κεφαλὴν
627 1091 730 1180 ἴκελος
746 1090 798 1153 Διί
813 1090 1042 1175 τερπικεραύνῳ,

271 1193 359 1275 Ἀρεϊ
373 1195 406 1258 δέ
423 1193 525 1271 ζώνην,
542 1191 667 1274 στέρνον
682 1195 715 1257 δὲ
730 1192 930 1259 Ποσειδάωνι.

275 1295 346 1374 ἠύτε
360 1301 436 1375 βοΰς
451 1293 586 1377 ἀγέληφι
599 1293 665 1378 μέγ’
683 1294 792 1379 ἐξοχος
807 1297 918 1361 ἔπλετο
934 1295 1054 1361 πάντων
1165 1307 1217 1370 480

275 1404 391 1480 ταῦρος·
416 1400 432 1461 ά
446 1396 503 1480 γάρ
519 1423 552 1464 τε
566 1399 681 1478 βόεσσι
695 1398 878 1481 μεταπρέπει
893 1397 1086 1485 ἀγρομένῃσι·

275 1506 358 1566 τοῖον
373 1500 417 1584 ἄρ’
433 1499 590 1582 Ἀτρείδην
605 1505 678 1579 θῆκε
693 1500 769 1567 Ζεὺς
782 1501 872 1581 ήματι
890 1502 988 1586 κείνῳ,

275 1603 417 1685 ἐκπρεπέ’
434 1606 468 1668 ἐν
481 1608 629 1667 πολλοῖσι
644 1605 693 1667 καὶ
714 1603 823 1687 ἔξοχον
837 1604 998 1685 ἡρώεσσιν.

315 1706 449 1770 Ἐσπετε
464 1711 517 1771 νῦν
530 1730 592 1785 μοι,
608 1710 733 1770 Μοῦσαι
746 1705 901 1787 Ὀλύμπια
919 1706 1027 1785 δώματ’
1046 1707 1218 1790 ἔχουσαι-

274 1813 357 1889 ὑμεῖς
371 1811 429 1891 γδιρ
445 1809 513 1872 θεαί
527 1810 606 1884 ἐστε,
623 1807 755 1890 πάρεστέ
770 1834 813 1884 τε,
828 1812 897 1875 ἰστε
911 1835 946 1875 τε
960 1808 1067 1884 πάντα,
1162 1823 1215 1886 ’485

274 1913 360 1991 ἡμεῖς
375 1914 408 1976 δὲ
424 1909 512 1977 κλέος
527 1911 592 1976 οῖον
607 1911 753 1991 ἀκούομεν
768 1911 836 1977 ούδέ
849 1939 880 1976 τι
894 1916 1023 1991 ἴδμεν-

276 2018 306 2080 οἰ
319 2041 398 2081 τινες
412 2014 558 2097 ἡγεμόνες
574 2020 703 2080 Δαναῶν
718 2017 767 2079 καὶ
784 2016 915 2099 κοίρανοι
931 2015 1019 2094 ἡσαν·

275 2120 392 2200 πληθὺν
407 2118 432 2184 δ’
449 2119 501 2183 οὐκ
516 2119 554 2185 δν
570 2121 628 2201 ἐγὼ
644 2118 816 2199 μυθήσομαι
832 2121 891 2185 οὔδ’
909 2120 1054 2201 ὀνομήνω,

276 2224 335 2287 οὐδ’
352 2225 382 2288 εί
394 2249 445 2302 μοι
461 2221 532 2287 δέκα
546 2224 602 2301 μὲν
614 2229 768 2305 γλῶσσαι,
785 2221 856 2286 δέκα
871 2225 904 2287 δέ
920 2224 1043 2302 στόματ’
1056 2225 1127 2298 εἰεν,

276 2327 361 2408 φωνὴ
377 2326 402 2390 δ’
418 2326 571 2407 ἄρρηκτος,
587 2323 721 2408 χάλκεον
736 2324 770 2389 δέ
784 2351 834 2404 μοι
851 2324 923 2406 ήτορ
940 2327 1030 2404 ἐνείη,
1167 2347 1217 2402 490

276 2433 302 2492 εἰ
317 2429 357 2509 μὴ
372 2427 577 2507 Ὀλυμπιάδες
592 2431 727 2502 Μοΰσαι,
745 2429 820 2492 Διὸς
834 2429 985 2512 αἰγιόχοιο

274 2531 444 2614 θυγατέρες,
460 2529 620 2610 μνησαίαθ’
638 2530 707 2594 ὅσοι
721 2529 781 2594 ὑπὸ
793 2528 891 2595 Ἴλιον
905 2531 1010 2611 ἦλθον·

276 2635 386 2718 ἀρχοὺς
402 2635 438 2698 αῖι
453 2641 532 2713 νηῶν
547 2631 620 2715 ἐρέω
636 2632 709 2711 νῆάς
724 2657 758 2697 τε
773 2631 940 2714 προπάσας.

319 2742 458 2802 Βοιωτῶν
472 2738 527 2814 μέν
542 2735 704 2814 Πηνέλεως
720 2737 769 2799 καὶ
784 2734 894 2815 Λήϊτος
909 2736 1004 2820 ἡρχον

273 2837 474 2922 Ἀρκεσίλαός
489 2863 523 2902 τε
537 2836 719 2919 Προθοήνωρ
735 2864 768 2902 τε
784 2842 913 2905 Κλονίος
929 2865 971 2916 τε,
1169 2867 1217 2917 495

276 2946 307 3006 οἵ
321 2943 347 3005 θ’
363 2941 466 3022 ’Ὑρίην
482 2938 622 3019 ἐνέμοντο
638 2942 687 3004 καί
703 2941 820 3005 Αὐλίδα
834 2940 1028 3024 πετρήεσσαν

276 3045 406 3126 Σχοῖνόν
420 3068 453 3107 τε
468 3043 593 3107 Σκῶλόν
607 3067 641 3106 τε
655 3043 848 3123 πολύκνημόν
862 3044 887 3108 τ’
904 3045 1062 3117 Ἐτεωνόν,

277 3147 434 3212 Θέσπειαν
449 3145 560 3228 Γραῖάν
574 3171 608 3210 τε
624 3147 673 3209 καὶ
689 3146 850 3229 εύρύχορον
865 3148 1086 3226 Μυκαλησσόν,

277 3252 307 3314 οἰ
320 3250 345 3312 τ’
362 3250 436 3331 ἀμφ’
449 3247 537 3330 ’Ἅρμ’
555 3248 695 3329 ἐνέμοντο
712 3251 761 3314 καὶ
779 3249 924 3315 Εἰλέσιον
940 3252 989 3314 καὶ
1003 3249 1158 3333 Ἐρυθράς,

222 3372 225 3379 ’
277 3357 307 3418 οἵ
321 3352 345 3416 τ’
360 3352 484 3418 Ἐλεῶν’
502 3353 586 3434 εἰχον
601 3353 645 3432 ἡδ’
657 3351 756 3431 Ὕλην
771 3353 819 3416 καί
835 3357 987 3428 Πετεῶνα,
1168 3381 1217 3430 500

274 3454 429 3535 Ὠκαλέην
444 3454 591 3520 Μεδεῶνά
606 3455 641 3528 τ’,
658 3458 830 3535 ἐϋκτίμενον
845 3457 1034 3537 πτολίεθρον,

276 3562 386 3626 Κώπας
403 3559 553 3638 Εὔτρησίν
567 3585 600 3623 τε
616 3557 830 3641 πολυτρήρωνά
845 3583 878 3622 τε
894 3559 1029 3638 Θίσβην,

276 3663 308 3723 οί
320 3685 353 3724 τε
370 3659 539 3739 Κορώνειαν
555 3659 604 3722 καὶ
619 3656 752 3736 ποιήενθ’
767 3655 938 3739 Ἀλίαρτον,
