2874 4234
288 306 351 368 620
581 318 608 387 7.
639 309 874 370 οΔςΣνΕικν
907 312 946 371 ιι.

286 479 438 559 μαψιδίως
453 464 653 557 κεχολῶσθαι·
676 477 786 555 ἀμείνω
802 477 827 541 δ’
844 479 950 556 αἴσιμα
965 479 1072 542 πάντα.
1187 505 1237 552 310

286 581 317 644 αἲ
333 581 474 661 γάρ,·Ζεῢ
488 605 522 642 τε
537 579 629 661 πάτερ
646 578 693 644 καί
709 580 854 660 Ἀθηναίη
871 583 920 646 καὶ
933 580 1101 658 Ἀπολλαν,

286 689 366 750 τοῖος
382 684 440 746 ἐὼν
456 684 519 750 οίός
538 684 619 762 ἐσσι,
635 682 671 745 τά
687 709 719 748 τε
735 683 871 765 φρονέων
887 685 906 748 ά
922 685 947 748 τ’
963 686 1023 767 ἐγῶ
1039 711 1105 766 περ,

285 786 378 850 παῖδά
393 787 418 849 τ’
434 786 508 866 ἐμὴν
524 785 630 870 ἐχέμεν
646 788 694 850 καὶ
711 789 780 867 έμδς
795 794 933 870 γαμβρὸς
950 789 1112 854 καλέεσθαι

285 889 353 953 αὖθι
368 891 475 969 μένων·
500 891 584 954 οἰκον
602 889 636 954 δέ
651 890 677 953 κ’
694 892 752 972 ἐγὼ
770 888 818 954 καί
835 892 969 971 κτήματα
984 893 1079 969 δοίην,

285 996 314 1057 εί
329 993 353 1056 κ’
370 996 483 1059 ἐθέλων
496 1019 533 1075 γε
547 992 656 1074 μένοις·
681 992 809 1057 ἀέκοντα
825 994 859 1058 δέ
877 995 906 1057 α’
922 995 956 1059 ού
971 1021 1015 1061 τις
1032 994 1130 1075 ἐρύξει
1186 1021 1233 1069 315

285 1095 436 1175 Φαιήκων·
459 1097 499 1176 μή
516 1102 604 1160 ταῦτα
619 1098 713 1178 φίλον
729 1095 781 1162 Διί
797 1098 887 1179 πατρὶ
901 1097 1029 1180 γένοιτο.

284 1200 405 1282 πομπὴν
421 1201 447 1265 δ’
463 1203 493 1267 ἐς
507 1200 567 1265 τόδ’
583 1202 642 1282 ἐγὼ
658 1202 861 1283 τεκμαίρομαι,
877 1201 946 1283 ὄφρ’
962 1200 995 1266 ἐὺ
1012 1203 1100 1287 εἰδῇς,

284 1305 386 1386 αὔριον
401 1305 442 1371 ἐς·
465 1307 558 1383 τῆμος
574 1307 607 1367 δὲ
623 1304 661 1367 σὺ
676 1308 732 1385 μὲν
746 1304 927 1384 δεδμημένος
941 1307 1024 1390 ὕπνῳ

283 1406 395 1486 λέξεαι,
412 1409 441 1470 οἰ
458 1408 483 1472 δ’
499 1409 613 1472 ἐλόωσι
628 1407 775 1490 γαλήνην,
791 1409 860 1490 ὄφρ’
876 1407 913 1472 ἀν
930 1411 1010 1487 ἰ’κηαι

283 1513 411 1593 πατρίδα
425 1512 485 1590 σὴν
501 1510 549 1575 καὶ
564 1517 656 1590 δῶμα,
673 1511 721 1576 καὶ
738 1516 767 1576 εἴ
781 1513 839 1575 πού
854 1539 899 1576 τοι
919 1514 1014 1593 φίλον
1029 1514 1123 1590 ἐστίν,
1185 1538 1234 1586 320

283 1617 313 1679 εἴ
326 1641 381 1697 περ
398 1616 446 1678 καὶ
460 1614 544 1694 μάλα
559 1616 677 1680 πολλὸν
693 1615 844 1697 ἑκαστέρω
862 1616 925 1679 ἐστ’
942 1616 1085 1695 Εὐβοίης,

284 1717 338 1797 τήν
354 1745 410 1800 περ
423 1719 578 1797 τηλοτάτω
594 1718 673 1801 φάσ’
690 1720 812 1799 ἔμμεναι
829 1721 859 1783 οἰ
872 1746 925 1799 μιν
936 1723 1036 1784 ἴδοντο

283 1830 367 1888 λαῶν
381 1824 539 1904 ἡμετέρων,
556 1825 606 1888 ὅτε
621 1849 654 1888 τε
670 1821 782 1901 ξανθδν
796 1821 1003 1902 Ῥαδάμανθυν

285 1926 359 2009 ἦγον
374 1929 568 2008 ἐποψόμενον
582 1928 700 2002 Τιτυόν,
717 1925 841 2007 Γαιήῖον
855 1929 932 1991 υἱόν.

285 2032 333 2094 καὶ
347 2033 403 2112 μὲν
418 2034 447 2094 οἰ
464 2031 525 2095 ἔνθ’
540 2031 644 2111 ἦλθον,
661 2032 710 2094 καί
726 2031 795 2111 άτερ
812 2031 956 2111 καμάτοιο
972 2031 1125 2096 τέλεσσαν
1186 2057 1214 2106 32
1220 2057 1233 2104 5

283 2136 373 2214 ἤματι
389 2138 429 2221 τῷ
445 2136 522 2220 αὐτῷ
540 2137 588 2199 καὶ
605 2134 762 2214 ἀπήνυσαν
778 2135 870 2198 οἴκαδ’
885 2135 1016 2198 ὀπίσσω.

284 2237 415 2317 εἰδήσεις
430 2243 463 2304 δὲ
480 2236 526 2302 καὶ
543 2239 630 2304 αὐτὸς
646 2235 689 2301 ε’νί
707 2237 817 2320 φρεσίν
833 2240 931 2302 ὅσσον
943 2238 1064 2318 ἄρισται

285 2346 355 2421 νῆες
370 2343 437 2420 ἐμαὶ
454 2339 502 2405 καὶ
519 2346 620 2422 κοῦροι
637 2343 831 2424 ἀναρρίπτειν
847 2341 908 2404 ἀλα
923 2339 1037 2426 πηδῷ.”

321 2444 384 2512 Ὣς
400 2445 488 2526 φάτο,
506 2445 640 2527 γήθησεν
656 2448 689 2509 δέ
705 2447 859 2512 πολύτλας
874 2451 936 2511 δῖος
952 2445 1131 2523 Ὀδυσσεύς,

285 2549 446 2632 εὐχόμενος
461 2549 487 2612 δ’
503 2550 559 2630 άρα
575 2549 658 2613 εἶπεν
675 2549 747 2615 ἐπος
761 2549 788 2612 τ’
803 2549 890 2629 ἔφατ’
906 2549 938 2612 ἔκ
954 2549 980 2614 τ’
993 2549 1128 2628 ὀνόμαζε·
1185 2577 1234 2624 330

329 2657 346 2688 ‘⁶
357 2658 416 2716 Ζεῢ
433 2651 534 2732 πάτερ,
551 2653 610 2716 αἵθ’
626 2654 685 2716 ὅσα
701 2653 767 2717 εἶπε
782 2651 993 2731 τελευτήσειεν
1009 2653 1126 2718 ἅπαντα

283 2756 451 2823 Ἀλκίνοος·
474 2762 526 2820 τοῦ
541 2757 597 2834 μέν
614 2782 665 2820 κεν
681 2759 731 2821 ἐπὶ
748 2758 884 2837 ζείδωρον
900 2755 1029 2838 άρουραν

283 2861 441 2941 ἄσβεστον
458 2861 544 2926 κλέος
559 2863 613 2939 εἰη,
631 2861 688 2944 ἐγὼ
705 2859 738 2924 δέ
754 2885 786 2923 κε
802 2860 919 2942 πατρίδ’
936 2859 1081 2940 ἱκαίμην.”

321 2963 384 3031 Ὣς
400 2967 428 3028 οἱ
444 2967 499 3044 μὲν
513 2969 635 3028 τοιαῦτα
650 2970 723 3046 πρὸς
738 2961 892 3041 ἀλλήλους
908 2964 1061 3046 ἀγόρευον,

284 3068 406 3132 κέκλετο
423 3069 447 3132 δ’
462 3066 572 3148 Ἀρήτη
588 3069 774 3132 λευκώλενος
790 3067 995 3145 ἀμφιπόλοισι
1186 3095 1234 3144 335

285 3172 377 3252 δέμνι’
393 3172 441 3236 ὑπ’
458 3172 585 3259 αἰθούσῃ
602 3171 721 3251 θέμεναι
737 3172 786 3235 καὶ
801 3169 896 3253 ῥήγεα
912 3173 990 3233 καλά

283 3275 426 3357 πορφύρε’
443 3277 616 3354 ἐμβαλέειν,
633 3272 779 3356 στορέσαι
794 3274 819 3336 τ’
836 3274 988 3355 ἐφύπερθε
1003 3273 1147 3353 τάπητας,

282 3381 411 3462 χλαίνας
427 3379 451 3439 τ’
468 3379 623 3459 ἐνθέμεναι
639 3378 730 3444 σύλας
747 3378 932 3458 καθύπερθεν
949 3377 1092 3442 ἕσασθαι.

284 3485 315 3545 αἱ
331 3482 356 3545 δ’
371 3483 441 3546 ίσαν
456 3483 488 3545 ἐκ
502 3482 645 3563 μεγάροιο
662 3479 732 3546 δάος
747 3483 823 3560 μετὰ
838 3478 945 3564 χερσίν
961 3481 1096 3564 ἔχουσαι·

283 3585 376 3664 αὐτάρ
393 3581 457 3649 ἐπεὶ
473 3587 625 3666 στόρεσαν
640 3585 765 3650 πυκινὸν
780 3585 872 3667 λέχος
888 3584 1094 3666 ἐγκονέουσαι,
1183 3611 1234 3662 ³40

284 3690 413 3770 ὤτρυνον
428 3689 563 3768 Ὀδυσῆα
579 3688 801 3771 παριστάμεναι
818 3685 972 3752 ἐπέεσσιν·
