2908 4232
548 377 575 421 1.
598 362 829 421 οΔνςςυιΑς
853 364 889 423 A.
1128 373 1192 444 515

241 529 340 610 ξεῖνον
354 533 431 609 δηθδ
447 531 573 618 θύρῃσιν
587 531 768 612 ἐφεστάμεν
799 531 903 613 ἐγγύθι
918 532 950 594 δὲ
966 529 1040 598 στάς
1144 559 1192 595 τοο

239 635 317 720 χεῖρ’
332 635 385 700 ἕλε
400 633 553 714 δεξιτερὴν
569 633 617 698 καὶ
633 633 755 713 ἐδέξατο
770 633 903 717 χάλκεον
919 635 1018 718 ἔγχος,

240 743 291 803 καί
303 765 356 819 μιν
371 738 516 818 φωνήσας
531 739 607 804 ἔπεα
619 739 785 820 πτερόεντα
796 738 959 820 προσηύδα·

283 845 299 874 “
309 845 414 923 Χαῖρε,
430 840 521 920 ξεῖνε,
536 839 605 924 παρ’
620 841 695 921 ἀμμι
709 841 869 923 φιλήσεαι·
900 843 992 923 ούτδρ
1008 842 1112 906 ἔπειτα

239 945 361 1008 δείπνου
376 944 573 1026 πασσάμενος
586 945 734 1025 μυθήσεαι
750 946 838 1008 ὅττεό
853 970 891 1008 σε
905 943 993 1027 χρή.”

275 1047 338 1114 Ὣς
354 1049 447 1112 είπδν
461 1048 567 1132 ἡγεῖθ’,
581 1049 600 1128 ή
616 1049 643 1112 δ’
660 1049 772 1112 ἕσπετο
788 1047 917 1114 Παλλάς
934 1047 1056 1127 Ἀθήνη.
1143 1077 1192 1126 125

238 1153 267 1214 οῖ
283 1149 309 1216 δ’
324 1153 375 1216 ότε
390 1151 427 1231 δή
441 1152 468 1236 ῤ’
485 1153 630 1218 ἔντοσθεν
643 1154 720 1216 έπαυ
735 1153 828 1232 δόμου
841 1155 985 1234 ύψηλοῖο,

238 1254 329 1338 ἔγχος
344 1255 400 1332 μέν
414 1253 442 1334 ῥ’
451 1256 574 1334 ἔστησε
589 1256 692 1336 φέρων
705 1255 781 1336 πρὸς
796 1256 881 1318 κίονα
895 1256 1012 1337 μακρὴν

237 1359 413 1438 δουροδόκης
430 1360 574 1424 ἔντοσθεν
588 1358 704 1438 ἐϋξόου,
719 1361 792 1424 ἔνθα
807 1383 863 1438 περ
878 1359 960 1422 ἀλλα

237 1461 318 1544 ἔγχε’
334 1459 508 1540 Ὀδυσσῆος
522 1465 747 1543 ταλασίφρονος
762 1465 869 1526 ἵστατο
887 1461 1000 1537 πολλά,

236 1565 328 1644 αὐτὴν
344 1564 372 1630 δ’
388 1568 419 1632 ἐς
437 1568 547 1647 θρόνον
561 1569 645 1632 εἷσεν
658 1565 752 1646 άγων,
769 1566 828 1629 ὑπὸ
843 1571 914 1629 λῖτα
930 1565 1097 1643 πετάσσας,
1136 1594 1186 1644 130

237 1675 330 1733 καλὸν
346 1669 516 1735 δαιδάλεον
545 1669 604 1734 ύπδ
618 1671 653 1733 δὲ
668 1673 775 1750 θρῆνυς
789 1671 884 1734 ποσὶν
900 1669 962 1748 ἦεν.

234 1771 295 1853 πὰρ
311 1773 336 1837 δ’
352 1773 438 1839 αὐτὸς
457 1774 588 1853 κλισμδν
603 1773 673 1836 θέτο
687 1775 836 1850 ποικίλον,
851 1771 973 1836 ἔκτοθεν
985 1773 1091 1838 ἀλλων

234 1875 422 1956 μνηστήρων,
437 1877 478 1956 μὴ
494 1875 592 1955 ξεῖνος
607 1875 739 1952 ἀνιηθεὶς
754 1876 911 1961 ὀρυμαγδῷ

235 1981 346 2064 δείπνῳ
362 1978 513 2058 ἁδήσειεν,
528 1978 748 2060 ὑπερφιάλοισι
761 1980 924 2059 μετελθόν,

234 2082 279 2160 ἠδ’
296 2084 346 2146 ἵνα
360 2108 412 2163 μιν
428 2080 496 2163 περί
510 2081 623 2164 πατρδς
640 2081 855 2164 ἀποιχομένοιο
871 2083 977 2164 ἔροιτο.
1136 2109 1184 2159 135

235 2185 365 2267 χέρνιβα
380 2187 405 2251 δ’
422 2187 598 2268 ἀμφίπολος
613 2189 735 2270 προχόῳ
751 2187 878 2268 ἐπέχευε
893 2185 1034 2267 φέρουσα

234 2292 313 2376 καλῇ
328 2291 466 2377 χρυσείη,
477 2292 552 2370 ὑπὲρ
568 2289 724 2372 ἀργυρέοιο
738 2289 881 2370 λέβητος,

234 2395 395 2474 νίψασθαι·
424 2393 505 2476 παρὰ
520 2396 554 2458 δὲ
566 2393 677 2473 ξεστὴν
692 2393 841 2458 ἐτάνυσσε
858 2393 1015 2475 τράπεζαν.

233 2501 320 2561 σῖτον
335 2496 362 2560 δ’
378 2499 476 2576 αίδοίη
495 2499 584 2577 ταμίη
600 2497 749 2579 παρέθηκε
760 2499 907 2578 φέρουσα,

233 2601 333 2665 εἴδατα
348 2601 439 2664 πόλλ’
456 2604 604 2679 ἐπιθεῖσα,
619 2600 799 2682 χαριζομένη
814 2602 996 2681 παρεόντων
1136 2629 1183 2679 140

232 2709 349 2784 δαιτρὸς
365 2707 398 2768 δέ
414 2711 520 2785 κρειῶν
538 2705 666 2770 πίνακας
683 2703 851 2786 παρέθηκεν
865 2705 968 2786 ἀείρας

232 2810 393 2886 παντοίων,
410 2811 491 2888 πορδ
505 2805 540 2872 δέ
558 2815 617 2889 σφι
632 2811 708 2872 τίθει
723 2808 852 2891 χρύσεια
867 2808 1011 2887 κύπελλα,

233 2911 324 2991 κῆρυξ
337 2911 364 2975 δ’
381 2913 516 2976 αάτοῖσιν
532 2911 600 2992 θάμ’
616 2909 754 2997 έπᾷχετο
767 2913 957 2994 οἰνοχοεύων.

273 3014 327 3080 Ἐς
342 3016 367 3079 δ’
382 3013 479 3092 ἦλθον
493 3019 662 3095 μνηστῆρες
677 3015 830 3098 ἀγήνορες.
861 3018 891 3078 οἱ
905 3017 961 3094 μὲν
977 3017 1081 3080 ἔπειτα

231 3116 329 3196 ἑξείης
346 3118 448 3196 ἕζοντο
464 3120 540 3180 κατὰ
554 3118 699 3198 κλισμούς
713 3143 747 3182 τε
757 3119 885 3200 θρόνους
899 3143 941 3184 τε.
1133 3148 1179 3198 ¹4⁵

230 3225 311 3284 τοῖσι
326 3225 358 3286 δὲ
375 3220 496 3302 κήρυκες
512 3225 568 3302 μὲν
582 3223 660 3302 ύδωρ
676 3220 726 3286 ἐπὶ
741 3227 844 3305 χεῖρας
859 3223 976 3306 ἔχευαν,

230 3329 317 3389 σῖτον
332 3327 365 3388 δὲ
379 3323 474 3409 δμῳαί
492 3324 675 3407 παρενήνεον
690 3329 723 3390 έν
739 3327 880 3404 κανέοισι,

229 3433 329 3509 κοῦροι
345 3430 378 3491 δὲ
394 3433 538 3510 κρητῆρας
553 3431 763 3512 ἐπεστέψαντο
778 3435 894 3493 ποτοῖο.

228 3533 258 3595 οῖ
273 3530 298 3595 δ’
316 3529 362 3595 ἐπ’
380 3532 489 3594 ὀνείαθ’
505 3535 607 3612 ἑτοῖμα
623 3533 803 3613 προκείμενα
817 3537 920 3614 χεῖρας
935 3536 1054 3602 ἴαλλον.

227 3635 319 3716 αὐτὰρ
334 3632 400 3698 ἐπεὶ
415 3636 524 3702 πόσιος
540 3634 588 3700 καὶ
604 3637 726 3716 ἐδητύος
744 3635 780 3714 ἐξ
792 3637 862 3716 ἔρον
877 3638 945 3704 έντο
1129 3665 1178 3716 ¹50

225 3741 402 3819 μνηστῆρες,
417 3742 517 3803 τοῖσιν
530 3742 586 3820 μὶν
598 3742 644 3804 ἐνὶ
657 3738 771 3822 φρεσὶν
785 3742 869 3804 ἀλλα
882 3741 1021 3822 μεμήλει,

565 3872 567 3883 “
675 3864 691 3908 S
708 3863 727 3910 2
