2792 4232
236 335 299 420 336
544 339 594 404 16.
619 343 789 402 ιΛιΑΔοΣ
813 343 853 402 Π.

226 511 275 574 καὶ
286 507 420 591 Πέριμον
436 508 582 592 Μεγάδην
598 511 647 572 καὶ
657 509 825 591 Ἐπίστορα
834 511 883 574 καὶ
892 508 1108 584 Μελάνιππον,
1127 523 1174 587 695

225 614 316 695 αὐτὰρ
336 612 428 677 ἔπειτ’
443 612 582 677 Ἔλασον
599 615 647 677 καὶ
665 613 803 677 Μούλιον
818 613 870 692 ἠδὲ
886 611 1058 696 Πυλάρτην·

224 717 292 782 τοὺς
308 716 388 781 έλεν·
413 718 441 783 οἱ
458 715 483 780 δ’
500 716 592 780 ἀλλοι
608 717 725 799 φύγαδε
740 717 875 796 μνώοντο
891 717 1026 784 ἕκαστος.

263 819 360 882 Ἔνθα
377 846 427 884 κεν
446 821 604 902 ὑψίπυλον
617 821 730 901 Τροίην
746 821 818 886 έλον
833 822 895 886 υῐες
909 821 1043 904 Ἀχαιῶν

225 925 404 1005 Πατρόκλου
419 923 477 988 ὑπὸ
492 925 591 1006 χερσί·
615 923 742 1006 περιπρὸ
757 926 815 1007 γδρ
832 925 917 1008 ἔγχεϊ
932 928 1012 990 θῦεν·

225 1029 251 1090 εἰ
268 1027 308 1106 μὴ
324 1027 489 1091 Ἀπόλλων
504 1031 620 1107 Φοῖβος
638 1025 783 1108 ἐϋδμήτου
798 1029 849 1092 έπὶ
865 1027 978 1110 πύργου
1127 1051 1175 1102 700

225 1130 308 1208 έστη,
325 1132 364 1214 τῷ
382 1131 458 1193 όλοά
474 1129 621 1212 φρονέων,
637 1131 779 1211 Τρώεσσι
795 1130 820 1194 δ’
834 1129 961 1213 ἀρήγων.

224 1235 286 1314 τρὶς
299 1234 356 1312 μὶν
371 1232 417 1296 ἐπ’
435 1234 568 1316 άγκῶνος
583 1237 626 1315 βη
643 1234 760 1318 τείχεος
778 1236 912 1316 ύφηλαῖο

224 1335 408 1418 Πάτροκλος,
424 1338 488 1418 τρὶς
503 1336 528 1399 δ’
546 1337 635 1400 αὐτὸν
651 1335 895 1418 ἀπεστυφέλιξεν
912 1337 1086 1410 Ἀπόλλων,

223 1439 360 1523 χείρεσσ’
377 1439 545 1526 ἀθανάτῃσι
560 1439 690 1521 φαεινὴν
707 1441 824 1506 ἀσπίδα
840 1441 969 1506 νύσσων.

225 1543 294 1607 ἀλλ’
311 1545 361 1607 ὅτε
377 1543 413 1623 δὴ
430 1543 463 1607 τὸ
478 1542 619 1626 τέταρτον
635 1543 787 1608 ἐπέσσυτο
803 1547 921 1625 δαίμονι
936 1545 1013 1620 ἶσος,
1126 1565 1174 1620 705

224 1646 307 1710 δεινὰ
322 1647 347 1711 δ’
365 1645 538 1726 ὁμοκλήσας
554 1647 629 1712 ἔπεα
644 1649 808 1728 πτερόεντα
823 1648 987 1730 προσηύδα·

226 1757 242 1784 “
252 1749 354 1834 χάζεο,
371 1752 503 1834 διογενές
519 1753 720 1833 Πατρόκλεες·
743 1751 778 1814 ού
793 1751 827 1814 νύ
842 1777 889 1816 τοι
905 1752 980 1816 αἶσα

225 1855 270 1938 οφ
286 1854 345 1918 ὑπὸ
360 1855 442 1936 δουρὶ
458 1856 550 1918 πόλιν
567 1853 674 1938 πέρθαι
689 1855 801 1935 Τρώων
818 1855 991 1938 ἀγερώχων,
1016 1845 1018 1852 ’

225 1957 284 2020 οὐδ’
300 1955 350 2021 ὑπ’
365 1957 544 2040 Ἀχιλλῆος,
561 1959 594 2024 ὅς
609 1983 665 2039 περ
681 1958 735 2022 σέο
751 1965 870 2023 πολλδν
886 1958 1044 2038 ἀμείνων.”

261 2061 324 2128 Ὣς
337 2061 426 2142 φάτο,
440 2061 618 2145 Πάτροκλος
630 2061 655 2125 δ’
668 2061 832 2146 ἀνεχάζετο
843 2062 961 2126 πολλὸν
975 2063 1106 2138 ὀπίσσω,
1124 2085 1173 2137 710
1235 2049 1238 2056 ¹

224 2169 313 2244 μῆνιν
329 2163 512 2246 ἀλευάμενος
529 2166 719 2246 ἑκατηβόλου
733 2167 942 2232 Ἀπόλλωνος.

264 2268 381 2350 Ἕκτωρ
397 2269 421 2333 δ’
439 2271 472 2333 ἐν
488 2273 617 2356 Σκαιῇσι
630 2270 725 2356 πύλης
742 2271 795 2354 έχε
809 2271 949 2352 μώνυχας
964 2272 1085 2334 ίππους·

225 2374 286 2450 δίζε
301 2371 358 2454 γὰρ
374 2373 408 2451 ἠὲ
423 2372 552 2456 μάχοιτο
568 2373 643 2437 κατὰ
660 2374 770 2446 κλόνον
785 2374 866 2438 αδτις
882 2371 1028 2445 ἐλάσσας,

225 2476 244 2554 ἦ
259 2476 352 2542 λαοὺς
368 2478 399 2542 ές
413 2481 513 2558 τεῖχος
529 2475 729 2556 ὁμοκλήσειεν
745 2479 864 2555 ἀλῆναι.

225 2579 304 2643 ταῦτ’
322 2580 380 2662 ἀρα
395 2581 424 2644 οἱ
440 2579 599 2662 φρονέοντι
615 2582 783 2661 παρίστατο
798 2584 916 2658 Φοῖβος
930 2577 1105 2657 Ἀπόλλων,
1126 2604 1172 2657 7¹5

225 2682 308 2765 ἀνέρι
324 2683 482 2763 εἰσάμενος
498 2686 588 2770 αἰζηῷ
604 2709 637 2749 τε
654 2685 783 2769 κρατερῷ
799 2707 841 2759 τε,

226 2784 330 2874 Ἀσίῳ,
347 2787 379 2853 δς
393 2786 511 2869 μήτρως
526 2787 562 2867 ἦν
573 2788 718 2870 Ἕκτορος
735 2786 925 2866 ἱπποδάμοιο,

226 2892 480 2972 αὐτοκασίγνητος
495 2888 638 2974 Ἑκάβης,
655 2893 718 2957 υἱδς
734 2893 766 2954 δὲ
784 2891 949 2970 Δύμαντος,

226 2995 258 3061 δς
274 2997 388 3081 Φρυγίη
405 2996 527 3061 ναίεσκε
541 2997 612 3082 ῥοῇς
628 2995 678 3059 ἔπι
694 2995 889 3076 Σαγγαρίοιο·

226 3100 266 3184 τῷ
281 3125 334 3177 μιν
352 3098 527 3175 ἐεισάμενος
542 3097 682 3180 προσέφη
700 3098 774 3163 Διδς
793 3099 856 3164 υἱὸς
870 3099 1043 3163 Ἀπόλλων·
1126 3123 1174 3175 720

226 3200 369 3283 “Ἕκτορ,
386 3205 473 3266 τίπτε
487 3201 588 3286 μάχης
603 3201 771 3266 ἀποπαύεαι
784 3227 795 3275 ,·
820 3201 889 3266 οὐδέ
904 3203 934 3264 τί
949 3227 986 3265 σε
1001 3199 1070 3283 χρή.

226 3304 284 3369 αἴθ’
301 3306 377 3370 ὅσον
391 3306 498 3384 ἥσσων
514 3305 583 3384 εἰμί,
600 3306 693 3368 τόσον
709 3304 763 3369 σέο
779 3306 922 3388 φέρτερος
939 3307 1011 3383 είην·

226 3409 266 3493 τῷ
284 3434 316 3472 κε
332 3407 411 3491 τάχα
428 3415 578 3490 στυγερῶς
596 3406 732 3489 πολέμου
747 3408 964 3491 ἀπερωήσειας.

226 3510 297 3575 ἀλλ’
314 3511 378 3594 ἀγε,
394 3513 562 3598 Πατρόκλῳ
579 3512 674 3592 ἔφεπε
691 3514 914 3595 κρατερώνυχας
929 3501 1047 3588 ἵππους,

227 3618 260 3680 αί
274 3615 325 3680 κέν
340 3616 402 3681 πώς
415 3641 468 3693 μιν
484 3616 565 3704 έλης,
581 3615 642 3702 δώῃ
658 3613 691 3678 δέ
706 3639 751 3680 τοι
767 3615 854 3698 εὖχος
868 3611 1061 3681 Ἀπόλλων.”
1123 3641 1172 3694 725

263 3718 327 3786 Ὣς
342 3719 434 3784 είπδυ
450 3721 466 3781 δ
480 3721 536 3799 μέν
552 3718 633 3784 αὖτις
648 3719 705 3800 ἔβη
724 3717 791 3784 θεὸς
805 3717 846 3798 ἀμ
861 3719 955 3784 πόνον
973 3721 1096 3801 ἀνδρῶν,
