2792 4232
276 326 337 390 288
596 337 644 400 14.
670 327 840 387 ιΛιΑΔοΣ
865 323 904 390 Ξ.

278 489 338 572 ἦρ’
355 491 411 573 οὔχ
426 491 512 557 οὗτος
528 491 602 572 ὀνήρ
619 490 830 573 Προθοήνορος
847 493 913 556 ἀντὶ
929 491 1086 572 πεφάσθαι

279 593 362 673 ἄξιος
370 619 380 670 ;
404 594 438 658 οὔ
452 594 508 674 μέν
522 621 574 676 μοι
591 595 679 661 κακὸς
696 599 808 660 εἴδεται
824 596 896 659 οὐδὲ,
909 599 1007 659 κακῶν
1023 593 1066 674 ἔξ,
1117 669 1119 671 ,

280 698 361 759 ἀλλὰ
376 698 556 780 κασίγνητος
571 697 751 780 Ἀντήνορος
767 697 961 777 ἱπποδάμοιο,

278 798 297 878 ἢ
312 805 392 866 παῖς·
416 801 493 885 αὐτῷ
509 805 567 883 γδρ
582 802 689 883 γενεήν
704 802 838 884 ἄγχιστα
853 800 969 886 έφκει.”

318 901 362 964 Ἦ
377 904 408 984 ῥ’
425 904 457 966 εὔ
471 905 659 984 γιγνώσκων,
671 909 776 984 Τρῶας
794 902 820 968 δ’
837 905 913 986 άχος
928 905 1046 983 ἔλλαβε
1058 905 1150 981 θυμόν
1171 928 1220 980 475

203 1030 205 1035 ’
280 1007 339 1070 ἔνθ’
357 1005 488 1085 Ἀκάμας
503 1008 669 1090 Πρόμαχον
685 1009 830 1070 Βοιότιον
846 1007 956 1072 οὔτασε
971 1011 1062 1088 δουρί,

280 1110 357 1190 ἀμφὶ
374 1108 543 1194 κασιγνήτῳ
559 1111 694 1190 βεβαώς·
718 1113 735 1172 ὁ
750 1111 775 1174 δ’
791 1112 907 1191 ὕφελκε
921 1115 1050 1174 ποδοῖιν.

280 1214 320 1296 τῷ
336 1211 361 1275 δ’
376 1211 510 1291 Ἀκάμας
526 1213 679 1294 ἔκπαγλον
693 1211 839 1291 ἐπεύξατο
854 1213 967 1294 μακρὸν
983 1212 1087 1279 ἀΰσας·

281 1315 440 1396 “Ἀργε,ῖοι
456 1315 587 1395 ἰόμωροι,
604 1314 758 1379 ἀπειλάων
773 1317 922 1396 ἀκόρητοι,

280 1417 314 1479 οὔ
330 1421 385 1496 θην
400 1419 511 1482 οἴοισίν
525 1443 562 1499 γε
577 1419 668 1482 πόνος
683 1415 709 1480 τ’
726 1419 828 1482 ἔσεται
848 1420 896 1482 καὶ
911 1419 991 1497 ὀϊζὺς

279 1519 359 1599 ἡμῖν,
377 1519 459 1583 άλλά
472 1518 541 1583 ποθ’
557 1522 614 1583 ὧδε
630 1520 863 1584 κατακτενέεσθε
879 1523 927 1585 καὶ
947 1522 1049 1600 ὔμμες.

281 1622 425 1704 φράζεσθ’
442 1623 480 1710 ὡς
495 1625 563 1700 ὑμῖν
579 1623 743 1704 Πρόμαχος
758 1624 938 1704 δεδμημένος
954 1626 1033 1688 εὕδει

193 1797 195 1801 ,
280 1727 364 1808 ἔγχει
381 1727 451 1810 ἐμῷ,
468 1727 518 1789 ἵνα
535 1723 576 1804 μή
592 1749 620 1787 τι
636 1724 833 1806 κασιγνήτοιό
846 1753 882 1807 γε
892 1728 987 1806 Ιποινή

280 1829 370 1909 δηρὸν
385 1829 484 1893 ἄτιτος
501 1827 546 1914 έη·
569 1829 609 1912 τῷ
628 1828 678 1899 καί
692 1830 737 1894 τίς
752 1827 777 1891 τ’
794 1829 914 1913 εὔχεται
929 1830 1004 1910 ἀνὴρ
1096 1877 1100 1888 ,

280 1931 395 2013 γνωτὸν
405 1929 455 1994 Ὶἐνὶ
470 1928 648 2012 μεγάροισιν
664 1932 735 2011 ἀρῆς
750 1932 885 2012 ὀλκτῆρα
899 1931 1072 1997 λιπέσθαι.”

317 2033 379 2099 Ὣς
395 2032 492 2113 ἔφατ’,
507 2032 678 2116 Ἀργείοισι
693 2032 719 2098 δ’
736 2035 810 2117 ὀιχος
825 2034 920 2116 γένετ’
938 2035 1122 2116 εὐξαμένοιο·

281 2137 426 2221 Πηνέλεῳ
442 2139 474 2200 δὲ
488 2135 624 2215 μάλιστα
635 2135 779 2217 ,δαΐφρονι
795 2138 888 2217 θυμὸν
903 2141 1011 2219 όρινεν·

281 2238 400 2322 ὡρμήθη
418 2238 442 2303 δ’
460 2238 654 2319 Ἀκάμαντος·
679 2242 695 2302 ὀ
711 2239 737 2303 δ’
755 2240 810 2321 οὔχ
825 2240 983 2318 ὑπέμεινεν
999 2239 1098 2320 ἐρωήν
1127 2267 1129 2272 ·

281 2342 447 2422 Πηνελέωο
460 2344 595 2408 άνακτος·
619 2345 636 2405 ὀ
651 2341 676 2405 δ’
693 2343 821 2406 οὔτασεν
835 2343 982 2422 Ἰλιονῆα,
1097 2397 1099 2401 ,
1199 2345 1202 2350 ¹

280 2447 345 2512 υἱὸν
360 2448 538 2529 Φόρβαντος
553 2445 741 2525 πολυμήλου,
757 2447 809 2511 τόν
822 2449 861 2528 ῥα
874 2446 1010 2526 μάλιστα
1106 2449 1109 2458 ’

280 2551 420 2631 Ἑρμείας
433 2551 545 2630 Τρόων
561 2550 663 2631 έφίλει
680 2552 729 2613 καὶ
746 2553 852 2628 κτῆσιν
868 2551 999 2616 ὄπασσε·

281 2655 321 2740 τῷ
337 2654 361 2717 δ’
378 2652 423 2735 ἄρ’
439 2653 497 2716 ὑπὸ
511 2651 606 2734 μήτηρ
621 2657 732 2731 μοῦνον
746 2651 831 2715 τέκεν
845 2651 990 2731 Ἰλιονῆα.

281 2758 334 2821 τὸν
349 2755 410 2819 τόθ’
426 2756 475 2820 ὑπ’
492 2755 604 2836 ὀφρῦος
620 2755 692 2817 οὔτα
707 2754 770 2818 κατ’
787 2756 960 2836 ὀφθαλμοῖο
977 2757 1119 2836 θέμεθλα,

281 2863 314 2925 ἔκ
329 2860 355 2924 δ’
372 2857 434 2926 ὦσε
449 2857 575 2939 γλήνην·
599 2859 670 2940 δόρυ
686 2859 710 2921 δ’
728 2861 902 2940 ὀφθαλμοῖο
916 2861 1023 2942 διαπρὸ

282 2965 330 3027 καὶ
346 2965 396 3026 διδ
411 2964 487 3027 ἰνίου
502 2961 607 3042 ἦλθεν,
623 2964 639 3025 ὁ
655 2960 681 3025 δ’
698 2963 780 3040 έζετο
796 2969 879 3046 χεῖρε
894 2963 1051 3038 πετάσσας

282 3064 381 3144 ἄμφω·
406 3064 567 3144 Πηνέλεως
583 3066 615 3127 δὲ
631 3063 836 3144 ἐρυσσάμενος
852 3063 941 3147 ξίφος
956 3063 1012 3143 ὀξὺ
1038 3085 1042 3094 ’

281 3164 394 3249 αὔχένα
407 3165 526 3243 μέσσον
541 3166 684 3240 ἔλασσεν,
702 3155 856 3248 ἀπήραξεν
869 3170 903 3231 δὲ
916 3169 1033 3251 χαμᾶζε

281 3268 354 3354 αὐτῇ
371 3267 427 3332 σὺν
442 3266 555 3348 πήληκι
571 3267 654 3348 κάρη·
678 3268 721 3331 ἔτι
736 3266 763 3332 δ’
780 3271 909 3351 ὄβριμον
924 3271 1016 3353 ἔγχος

282 3371 334 3450 ήεν
349 3372 382 3434 έν
397 3372 557 3454 ὀφθαλμῷ·
582 3372 599 3432 ὁ
614 3371 646 3434 δὲ
662 3371 706 3451 φή
723 3371 848 3435 κάδειαν
864 3373 1008 3454 ἀνασχὼν

281 3472 416 3555 πέφραδέ
432 3498 464 3537 τε
479 3474 620 3555 Τράεσσι
636 3474 684 3537 καὶ
701 3474 863 3558 εὐχόμενος
877 3473 949 3541 ἔπος
968 3476 1052 3554 ηὔδα·

282 3586 302 3613 “
312 3575 467 3655 εἰπέμεναί
479 3601 540 3654 μοι,
555 3580 665 3657 Τρῶες,
683 3578 794 3659 ἀγαυοῦ
809 3574 956 3656 Ἰλιονῆος

281 3679 371 3759 πατρὶ
386 3678 468 3762 φίλῳ
485 3679 533 3742 καὶ
548 3680 636 3759 μητρὶ
650 3677 795 3761 γοήμεναι
810 3680 845 3743 ἐν
858 3679 1045 3762 μεγάροισιν·
