2792 4232
482 327 530 388 16.
555 332 724 391 ΙΛΙΑΔΟΣ
748 331 790 394 Π.
1044 354 1107 418 3¹9

167 500 199 562 ἐν
214 499 247 560 δέ
262 497 462 584 παρηορίῃσιν
477 497 611 579 ἀμύμονα
628 499 773 578 Πήδασον
788 505 838 573 ἵει,

167 601 218 665 τόν
232 600 271 684 ῥά
290 597 357 664 ποτ’
371 599 537 668 Ἠετίωνος
552 602 630 668 ἐλὼν
645 604 737 666 πόλιν
752 600 842 686 ἤγαγ’
856 600 1029 685 Ἀχιλλεύς,

167 703 199 769 ὃς
215 704 263 766 καὶ
280 702 385 781 θνητὸς
401 703 459 767 ἐδν
474 701 557 768 ἕπεθ’
577 706 681 771 ἵπποις
696 704 884 769 ἀθανάτοισι.

209 805 402 888 Μυρμιδόνας
417 803 444 869 δ’
460 804 506 887 ἀρ’
522 808 720 890 ἐποιχόμενος
736 806 869 888 θώρηξεν
884 807 1046 890 Ἀχιλλεὺς
1064 833 1109 882 155

167 908 278 975 πάντας
293 910 351 972 ἀνά
366 911 487 974 κλισίας
504 908 561 974 σὺν
576 910 726 993 τεύχεσιν·
750 913 779 974 οἵ
795 911 828 973 δέ
841 909 929 973 λύκοι
945 911 984 976 ὣς

166 1010 332 1094 ὠμοφάγοι,
345 1012 444 1076 τοῖσίν
463 1038 497 1076 τε
512 1014 581 1092 περὶ
597 1015 708 1095 φρεσὶν
723 1013 855 1078 ἄσπετος
871 1010 958 1090 ἀλκή,
983 1059 986 1066 .

166 1115 197 1178 οἵ
209 1111 235 1176 τ’
251 1113 368 1196 ἔλαφον
384 1115 491 1196 κεραὸν
505 1115 601 1197 μέγαν
616 1116 719 1198 οὔρεσι
734 1115 905 1201 δῃώσαντες

167 1216 339 1283 δάπτουσιν·
363 1223 457 1282 πᾶσιν
472 1222 505 1283 δέ
521 1218 649 1300 παρήϊον
664 1221 767 1299 αἵματι
783 1220 901 1299 φοινόν·

168 1321 217 1384 καί
229 1321 255 1384 τ’
271 1321 420 1403 ἀγεληδὸν
433 1323 518 1386 ἴασιν
534 1322 594 1387 ἀπδ
610 1319 717 1403 κρήνης
731 1320 918 1402 μελανύδρου
1064 1331 1110 1383 160

167 1423 317 1506 λάψοντες
331 1425 513 1512 γλώσσῃσιν
529 1427 669 1512 ἀραιῇσιν
684 1424 781 1504 μέλαν
795 1426 872 1505 ὕδωρ

167 1529 264 1610 ἀκρον,
281 1529 470 1610 ἐρευγόμενοι
485 1529 582 1611 φόνον
598 1531 732 1608 αἵματος·
756 1531 789 1592 ἐν
804 1526 837 1592 δέ
852 1553 884 1592 τε
900 1527 990 1607 θυμδς

168 1631 310 1708 στήθεσιν
325 1632 453 1712 ἄτρομός
468 1633 544 1707 ἐστι,
560 1631 769 1712 περιστένεται
785 1630 818 1696 δέ
834 1656 867 1696 τε
881 1631 1005 1714 γαστήρ·

167 1739 242 1798 τοῖοι
258 1735 455 1814 Μυρμιδόνων
469 1733 614 1816 ἡγήτορες
629 1735 682 1813 ήδέ
695 1735 836 1815 μέδοντες

167 1837 238 1918 ἀμφ’
254 1836 368 1918 ἀγαθὸν
383 1835 551 1917 θεράποντα
566 1839 716 1904 ποδώκεος
733 1841 876 1902 Αἰακίδαο

165 1937 281 2018 ῥώοντ’·
305 1939 338 2001 ἐν
353 1934 379 2000 δ’
394 1937 451 2018 ἄρα
466 1943 566 2000 τοῖσιν
581 1935 699 2018 Ἀρήῖος
714 1937 811 2000 ἵστατ’
826 1937 1000 2018 Ἀχιλλεύς,

168 2032 294 2112 ὀτρύνων
309 2035 418 2104 ἵππους
433 2060 465 2098 τε
481 2037 529 2098 καὶ
546 2035 652 2116 ἀνέρας
668 2037 862 2104 ἀσπιδιώτας.

209 2134 389 2214 Πεντήκοντ’
406 2137 484 2216 ἦσαν
500 2142 568 2216 νῆες
584 2141 659 2214 θοαί,
677 2137 749 2225 ᾗσιν
765 2137 928 2222 Ἀχιλλεὺς

168 2240 197 2304 ἐς
209 2240 321 2319 Τροίην
337 2239 440 2322 ἡγεῖτο
455 2243 601 2322 διίφιλος·
626 2243 658 2307 ἐν
674 2243 706 2305 δὲ
722 2241 835 2328 ἑκάστῃ

167 2340 337 2420 πεντήκοντ’
354 2343 428 2407 ἔσαν
443 2343 548 2426 ἀνδρες
564 2347 614 2408 ἐπὶ
630 2338 752 2424 κληῗσιν
769 2349 890 2427 ἑταῖροι·

167 2443 253 2510 πέντε
267 2444 294 2508 δ’
309 2446 355 2526 ἀρ’
371 2445 521 2527 ἡγεμόνας
537 2446 685 2525 ποιήσατο
701 2451 763 2512 τοῖς
779 2447 930 2512 ἐπεποίθει

168 2550 331 2626 σημαίνειν·
353 2550 439 2616 αὐτὸς
455 2552 487 2614 δὲ
502 2550 582 2633 μέγα
598 2551 730 2633 κρατέων
745 2550 871 2630 ἤνασσε.

167 2651 215 2724 τῆς
228 2653 283 2728 μέν
297 2654 344 2730 ἵῆς
360 2652 465 2735 στιχὸς
482 2652 555 2735 ἦρχε
572 2652 742 2718 Μενέσθιος
759 2652 955 2734 αἰολοθώρηξ,

166 2753 225 2818 υἱδς
240 2759 429 2838 Σπερχειοῖο,
446 2755 594 2822 διιπετέος
609 2761 765 2834 ποταμοῖο·

167 2855 199 2920 δν
213 2858 278 2922 τέκε
294 2860 417 2938 Πηλῆος
434 2858 572 2940 θυγάτηρ,
590 2860 667 2938 καλὴ
684 2860 861 2940 Πολυδώρη,

166 2963 317 3045 Σπερχειῷ
332 2960 486 3040 ἀκάμαντι,
503 2963 577 3044 γυνή
595 2964 652 3044 θεῷ
670 2963 837 3040 εὐνηθεῖσα,

167 3062 252 3144 αὐτὰρ
268 3063 430 3144 ἐπίκλησιν
446 3065 545 3149 Βώρῳ,
563 3063 727 3146 Περιήρεος
741 3065 804 3147 υἱῷ,

166 3166 196 3232 ὅς
209 3167 235 3249 ῥ’
250 3167 423 3248 ἀναφανδὸν
438 3169 533 3240 ὄπυιε,
550 3170 650 3248 πορὼν
666 3168 825 3249 ἀπερείσια
841 3169 920 3233 ἕδνα.

165 3273 214 3348 τῆς
229 3268 254 3333 δ’
272 3270 373 3350 ἑτέρης
389 3271 525 3350 Εὔδωρος
543 3269 662 3352 Ἀρήϊος
679 3270 850 3352 ἡγεμόνευε,

167 3372 328 3452 παρθένιος,
345 3373 398 3436 τὸν
413 3375 508 3437 ἔτικτε
524 3377 604 3458 χορῷ
622 3373 699 3450 καλή
719 3371 897 3451 Πολυμήλη,

166 3476 317 3541 Φύλαντος
333 3475 471 3558 θυγάτηρ·
495 3481 546 3554 τῆς
562 3480 595 3540 δὲ
611 3475 717 3558 κρατὺς
734 3473 951 3556 Ἀργειφόντης

166 3578 297 3659 ἠράσατ’,
314 3581 521 3661 ὀφθαλμοῖσιν
537 3583 607 3644 ἰδὼν
621 3583 697 3659 μετὰ
711 3579 939 3664 μελπομένῃσιν

167 3684 197 3766 ἐν
210 3687 291 3768 χοριῖι
307 3682 481 3766 Ἀρτέμιδος
496 3683 727 3767 χρυσηλακάτου
743 3687 926 3764 κελαδεινῆς.
