2760 4232
273 351 335 434 988
669 357 816 416 πΜΝοι.
844 397 847 402 .

274 523 425 601 ἀθάνατοι,
441 525 594 606 περίαλλα
608 522 634 588 δ’
652 526 668 588 ὁ
685 524 831 608 Βάκχειος
848 527 1008 592 Διόνυσος·

274 631 363 691 Πᾶνα
377 624 410 691 δέ
423 652 476 705 μιν
491 627 667 704 καλέεσκον,
686 627 733 692 ὅτι
748 627 845 709 φρένα
859 633 955 694 πᾶσιν
970 630 1088 712 ἔτερψε.

317 728 376 794 Καὶ
392 730 431 794 οδ
443 733 500 811 μὲν
514 733 590 795 οὕτω
605 737 702 815 χαῖρε,
718 731 802 812 ἀναξ,
817 735 924 815 ἵλαμαι
940 734 973 798 δέ
991 734 1021 797 α’
1037 736 1132 820 ἀοιδῇ·

273 833 364 917 αὐτὰρ
380 836 439 917 ἐγὼ
456 837 504 900 καὶ
522 841 588 900 σεῖο
604 833 653 900 καί
670 836 768 914 ἀλλης
782 835 912 918 μνήσομ’
929 839 1041 917 ἀοιδῆς.

700 1259 795 1335 ΧΧ.

597 1463 659 1542 Εἰς
681 1458 902 1560 Ἥφαιστον.

314 1651 493 1733 Ἥφαιστον
508 1653 686 1732 κλυτόμητιν
702 1654 811 1730 ἆείδεο,
828 1657 939 1716 Μοῦσα
953 1653 1063 1732 λίγεια,

276 1755 308 1823 δς
322 1754 385 1837 μετ’
401 1755 563 1835 Ἀθηναίης
576 1755 786 1839 γλαυκώπιδος
800 1754 902 1838 ἀγλαὰ
918 1755 991 1838 ἔργα

276 1861 448 1940 ἀνθρώπους
463 1858 598 1939 ἐδίδαξεν
613 1861 664 1925 ἐπὶ
679 1860 798 1944 χθονός,
813 1859 842 1922 οἳ
857 1866 891 1922 τὸ
906 1859 1001 1942 πάρος
1016 1884 1073 1940 περ

276 1965 395 2046 ἄντροις
411 1963 610 2029 ναιετάασκον
626 1965 658 2029 ἐν
675 1963 804 2045 οὔρεσιν,
820 1961 891 2042 ἠΰτε
906 1965 1002 2044 θῆρες.

277 2073 329 2132 νῦν
345 2070 376 2132 δὲ
392 2068 428 2131 δι’
440 2067 618 2151 Ἥφαιστον
635 2067 836 2150 κλυτοτέχνην
851 2068 924 2150 ἔργα
940 2069 1058 2133 δαέντες

276 2173 397 2253 ῥηϊδίως
412 2174 506 2235 αἰῶνα
521 2172 711 2253 τελεσφόρον
728 2174 770 2237 είς
785 2172 921 2236 ἐνιαυτὸν

278 2274 399 2352 εὔκηλοι
415 2272 572 2352 διάγουσιν
587 2272 631 2338 ένὶ
647 2275 826 2357 σφετέροισι
841 2276 990 2355 δόμοισιν.

322 2376 409 2439 Ἀλλ’
424 2375 506 2454 ἵληθ’
518 2375 687 2458 Ἥφαιστε·
711 2381 793 2444 δίδου
808 2379 833 2443 δ’
850 2377 958 2459 ἀρετήν
973 2405 1006 2444 τε
1023 2380 1070 2443 καὶ
1086 2381 1195 2458 ὄλβον.

695 2779 813 2853 ΧΧΙ.

591 2983 652 3060 Εἰς
677 2979 902 3056 Ἀπόλλωνα.

323 3163 431 3239 Φοῖβε,
448 3161 484 3222 σὲ
498 3161 554 3239 μὲν
570 3154 618 3221 καὶ
635 3157 739 3223 κύκνος
753 3160 811 3222 ὑπὸ
827 3158 981 3241 πτερύγων
996 3156 1057 3240 λίγ’
1075 3159 1178 3235 ἀείδει,

280 3264 357 3347 ὄχθη
373 3261 568 3347 ἐπιθρῴσκων
582 3267 718 3341 ποταμὸν
733 3261 812 3343 πάρα
828 3260 975 3340 δινήεντα,

281 3367 421 3446 Πηνειόν·
446 3369 483 3430 σὲ
498 3364 524 3430 δ’
541 3365 641 3431 ἀοιδὸς
657 3365 737 3448 ἔχων
752 3367 906 3449 φόρμιγγα
923 3367 1042 3447 λίγειαν

279 3470 410 3550 ἡδυεπὴς
425 3469 544 3551 πρῶτόν
563 3495 595 3533 τε
611 3466 659 3534 καὶ
673 3471 804 3534 ὕστατον
819 3472 884 3534 αίέν
899 3471 1000 3534 ἀείδει.

326 3571 383 3639 Καὶ
399 3573 437 3638 σὺ
454 3575 511 3653 μὲν
525 3575 602 3638 οὕτω
618 3579 716 3657 χαῖρε,
732 3572 818 3653 ἀναξ,
833 3575 939 3654 ίλαμαι
955 3575 989 3640 δέ
1007 3572 1036 3636 σ’
1053 3574 1148 3659 ἀοιδῇ.
1215 3603 1229 3648 5

574 3751 608 3811 48
624 3748 708 3809 ἵλαμαι
720 3765 751 3812 y;
767 3746 867 3808 λίτομαι
885 3765 927 3812 xp.
