2738 4226
463 340 512 385 12.
537 325 706 386 ΙΛΙΑΔΟΣ
730 327 773 387 Μ.
1028 341 1088 408 237

149 492 208 555 οὐδ’
226 492 283 575 ἄρα
297 492 426 575 χαλκείη
445 493 532 574 κόρυς
548 493 685 576 ἔσχεθεν,
704 495 784 556 ἀλλὰ
800 491 906 575 διαπρὸ

149 595 241 677 αἰχμὴ
257 596 385 677 χαλκείη
400 594 468 678 ῥῆξ’
485 596 603 669 ὀστέου,
621 595 791 678 ἐγκέφαλος
806 597 839 660 δέ
1043 611 1087 672 185

149 697 235 760 ἔνδον
251 697 329 763 άπας
344 697 528 762 πεπάλακτο·
552 697 691 780 δάμασσε
707 698 740 763 δέ
753 725 805 779 μιν
819 704 969 779 μεμαῶτα·

149 799 240 877 αὐτὰρ
255 801 360 864 ἔπειτα
375 801 506 866 Πύλωνα
521 802 570 866 καὶ
582 800 731 883 Ὄρμενον
747 800 925 884 ἐξενάριξεν.

148 903 213 966 υἱδν
228 902 253 967 δ’
269 901 465 987 Ἀντιμάχοιο
482 905 636 982 Λεοντεύς,
653 906 721 982 ὄζος
733 904 854 986 Ἀρηος,

148 1004 337 1088 Ἱππόμαχον
351 1005 432 1086 βάλε
448 1008 530 1089 δουρὶ
546 1011 620 1071 κατὰ
636 1009 773 1089 ζωστῆρα
787 1006 930 1091 τυχήσας.

150 1110 229 1174 αὖτις
245 1109 270 1173 δ’
287 1111 320 1172 ἐκ
335 1114 455 1174 κολεοῖο
471 1110 675 1193 ἐρυσσάμενος
691 1109 780 1193 ξίφος
795 1109 849 1189 ὀξὺ
1044 1135 1087 1186 19³

148 1212 333 1294 Ἀντιφάτην
348 1214 403 1293 μέν
418 1219 546 1296 πρῶτον,
563 1211 688 1293 ἐπαίξας
703 1215 740 1278 δι’
758 1216 873 1294 ὁμίλου,

150 1315 242 1394 πλῆξ’
259 1317 468 1400 αὐτοσχεδίην·
492 1319 508 1381 ὀ
524 1317 548 1382 δ’
566 1317 610 1399 ἄρ’
629 1319 733 1383 ὕπτιος
749 1317 829 1380 οὔδει
845 1317 975 1399 ἐρείσθη·

151 1418 239 1500 αὐτὰρ
255 1421 360 1484 ἔπειτα
374 1419 506 1486 Μένωνα
518 1422 567 1485 καὶ
580 1418 720 1500 Ἰαμενὸν
734 1421 783 1484 καὶ
797 1419 946 1501 Ὀρέστην

150 1523 261 1589 πάντας
277 1523 500 1607 ἐπασσυτέρους
515 1523 633 1588 πέλασε
647 1524 736 1607 χθονὶ
751 1524 980 1609 πουλυβοτείρῃ.

188 1625 281 1708 Ὀφρ’
297 1629 326 1690 οἱ
341 1625 409 1693 τοὺς
425 1625 560 1708 ἐνάριζον
576 1626 626 1692 ἀπ’
643 1627 730 1691 ἔντεα
744 1627 956 1708 μαρμαίροντα,
1041 1653 1086 1702 195

148 1729 233 1809 τόφρ’
251 1727 279 1791 οἳ
295 1730 528 1811 Πουλυδάμαντι
543 1731 592 1796 καὶ
603 1728 727 1810 Ἕκτορι
743 1733 842 1809 κοῦροι
859 1729 977 1803 ἕποντο,
1110 1709 1113 1732 ’

150 1832 176 1893 οἳ
192 1837 333 1896 πλεῖστοι
349 1834 397 1897 καὶ
413 1833 531 1916 άριστοι
547 1834 631 1908 ἔσαν,
645 1831 785 1911 μέμασαν
800 1833 833 1896 δέ
846 1830 981 1911 μάλιστα

149 1936 248 2016 τεῖχός
264 1961 297 2000 τε
311 1933 414 2018 ῥήξειν
429 1937 478 2000 καὶ
494 1934 669 2016 ἐνιπρήσειν
683 1937 753 2014 πυρὶ
769 1937 850 2012 νῆας,

149 2040 180 2101 οί
191 2039 222 2121 ῥ’
240 2039 284 2102 ἔτι
298 2037 478 2123 μερμήριζον
494 2040 678 2121 ἐφεσταότες
693 2041 774 2119 παρδ
789 2037 903 2123 τάφρῳ.

150 2143 228 2221 ὄρνις
243 2141 300 2225 γάρ
317 2150 393 2222 σφιν
409 2144 523 2221 ἐπῆλθε
538 2141 739 2223 περησέμεναι
754 2147 920 2221 μεμαῶσιν,
1042 2169 1089 2204 200

149 2243 246 2309 αἰετὸς
260 2243 411 2325 ὑψιπέτης
426 2244 472 2308 ἐπ’
490 2243 632 2326 ἀριστερὰ
646 2244 723 2307 λαδν
739 2243 859 2326 ἐέργων,

149 2346 314 2428 φοινήεντα
328 2347 474 2430 δράκοντα
489 2347 591 2430 φέρων
606 2348 753 2432 ὀνύχεσσι
768 2347 906 2430 πέλωρον

150 2451 224 2528 ζωὸν
239 2451 279 2514 ἐτ’
297 2451 495 2532 ἀσπαίροντα·
520 2453 568 2516 καὶ
584 2452 619 2516 ού
635 2478 681 2516 πω
696 2450 807 2531 λήθετο
822 2452 948 2535 χάρμης·

149 2558 227 2634 κόψε
243 2556 301 2636 γὰρ
317 2553 406 2618 αιἰτδυ
422 2554 533 2636 ἔχοντα
549 2557 624 2618 κατδι
640 2557 750 2632 στῆθος
766 2559 846 2636 παρὰ
862 2555 963 2638 δειρὴν

149 2657 282 2721 ἰδνωθεὶς
298 2657 407 2719 ὀπίσω·
432 2659 447 2720 ὁ
464 2657 488 2719 δ’
507 2656 565 2720 άπδ
581 2658 649 2722 ἕθεν
665 2658 719 2736 ἧκε
734 2660 852 2741 χαμᾶζε
1045 2687 1090 2734 205

150 2758 286 2848 ᾆλγήσας
302 2759 436 2846 ὀδύνῃσι,
454 2759 537 2845 μέσῳ
554 2759 578 2824 δ’
597 2761 642 2825 ἐνὶ
658 2759 793 2841 κάββαλ’
810 2763 914 2847 ὁμίλῳ,

150 2863 235 2928 αὐτὸς
250 2867 284 2926 δὲ
300 2861 433 2944 κλάγξας
449 2862 556 2928 πέτετο
572 2867 679 2950 πνοιῇς
693 2864 825 2944 ἀνέμοιο.

148 2969 247 3046 Τρῶες
263 2964 287 3028 δ’
305 2967 467 3048 ἐρρίγησαν
483 2967 563 3032 ὅπως
578 2969 643 3032 ίδον
659 2967 765 3031 οίόλον
781 2970 854 3049 ὄφιν

151 3070 285 3148 κείμενον
301 3071 333 3132 ἐν
347 3068 505 3146 μέσσοισι,
525 3069 598 3136 Διὸς
614 3070 701 3153 τέρος
717 3073 877 3154 αἰγιόχοιο.

150 3172 184 3249 δή
199 3171 269 3235 τότε
284 3170 484 3251 Πουλυδάμας
500 3170 613 3253 θρασὺν
625 3171 757 3254 Ἕκτορα
773 3174 838 3238 εἶπε
854 3175 1018 3255 παραστάς·
1044 3206 1091 3240 210

151 3273 294 3354 “Ἕκτορ,
312 3275 358 3337 ἆεὶ
372 3273 429 3354 μέν
443 3275 506 3342 πός
520 3300 571 3354 μοι
587 3275 790 3354 ἐπιπλήσσεις
807 3279 953 3365 ἀγορῇσιν

151 3379 246 3440 ἐσθλὰ
261 3376 448 3462 φραζομένῳ,
466 3379 531 3444 ἐπεὶ
547 3379 614 3442 οὐδὲ
629 3381 685 3458 μὲν
700 3379 767 3444 οὐδὲ
784 3380 863 3446 ἔοικε

149 3484 242 3559 δῆμον
258 3481 347 3544 ἐόντα
362 3479 459 3562 παρέξ
473 3481 661 3563 ἀγορευέμεν,
676 3480 738 3544 οὔτ’
755 3485 799 3548 ἐνὶ
814 3487 914 3572 βουλῇ

151 3587 215 3650 οὔτε
231 3586 296 3650 ποτ’
314 3589 347 3649 ἐν
361 3585 492 3672 πολέμῳ,
512 3586 568 3650 σὸν
583 3588 615 3650 δὲ
632 3585 738 3668 κράτος
754 3591 817 3653 αίὲν
833 3588 941 3668 ἀέξειν·

150 3693 200 3752 νῦν
216 3690 277 3752 οὔτ’
296 3686 404 3769 ἐξερέω
423 3691 462 3756 ὥς
477 3716 528 3770 μοι
544 3694 626 3752 δοκεῖ
641 3690 717 3754 εἶναι
733 3690 851 3772 άριστο.
1046 3721 1091 3770 215
