<?xml version="1.0" encoding="UTF-8"?>
<!DOCTYPE html PUBLIC "-//W3C//DTD XHTML 1.0 Transitional//EN"
    "http://www.w3.org/TR/xhtml1/DTD/xhtml1-transitional.dtd">
<html xmlns="http://www.w3.org/1999/xhtml" xml:lang="en" lang="en">
 <head>
  <title>
</title>
<meta http-equiv="Content-Type" content="text/html;charset=utf-8" />
  <meta name='ocr-system' content='tesseract 3.04.00' />
  <meta name='ocr-capabilities' content='ocr_page ocr_carea ocr_par ocr_line ocrx_word'/>
</head>
<body>
  <div class='ocr_page' id='page_1' title='image "./homerioperaetre00homegoog_0146.png"; bbox 0 0 2728 4230; ppageno 0'>
   <div class='ocr_carea' id='block_1_1' title="bbox 265 331 873 408">
    <p class='ocr_par' dir='ltr' id='par_1_1' title="bbox 265 331 873 408">
     <span class='ocr_line' id='line_1_1' title="bbox 265 331 873 408; baseline 0.016 -22"><span class='ocrx_word' id='word_1_1' title='bbox 265 341 325 408; x_wconf 81' lang='lat'>130</span> <span class='ocrx_word' id='word_1_2' title='bbox 358 387 362 392; x_wconf 85' lang='grc'><strong>,</strong></span> <span class='ocrx_word' id='word_1_3' title='bbox 584 343 614 407; x_wconf 84' lang='lat'>7.</span> <span class='ocrx_word' id='word_1_4' title='bbox 637 331 808 392; x_wconf 84' lang='grc' dir='ltr'>ΙΛΙΑΔΟΣ</span> <span class='ocrx_word' id='word_1_5' title='bbox 832 334 873 398; x_wconf 89' lang='grc' dir='ltr'>Η.</span> 
     </span>
    </p>
   </div>
   <div class='ocr_carea' id='block_1_2' title="bbox 190 493 1262 3782">
    <p class='ocr_par' dir='ltr' id='par_1_2' title="bbox 258 493 1047 580">
     <span class='ocr_line' id='line_1_2' title="bbox 258 493 1047 580; baseline 0.006 -22"><span class='ocrx_word' id='word_1_6' title='bbox 258 497 375 574; x_wconf 83' lang='grc' dir='ltr'>μέσσου</span> <span class='ocrx_word' id='word_1_7' title='bbox 391 493 496 576; x_wconf 80' lang='grc' dir='ltr'>δουρός</span> <span class='ocrx_word' id='word_1_8' title='bbox 510 495 599 560; x_wconf 79' lang='grc' dir='ltr'>ἑλόν·</span> <span class='ocrx_word' id='word_1_9' title='bbox 624 498 652 560; x_wconf 86' lang='grc' dir='ltr'>οῖ</span> <span class='ocrx_word' id='word_1_10' title='bbox 668 497 693 561; x_wconf 91' lang='grc' dir='ltr'>δ’</span> <span class='ocrx_word' id='word_1_11' title='bbox 711 497 892 580; x_wconf 78' lang='grc' dir='ltr'>ἱδρύνθησαν</span> <span class='ocrx_word' id='word_1_12' title='bbox 907 497 1047 568; x_wconf 90' lang='grc' dir='ltr'>ίίποντες.</span> 
     </span>
    </p>

    <p class='ocr_par' dir='ltr' id='par_1_3' title="bbox 260 597 1028 686">
     <span class='ocr_line' id='line_1_3' title="bbox 260 597 1028 686; baseline 0.01 -24"><span class='ocrx_word' id='word_1_13' title='bbox 260 601 314 662; x_wconf 83' lang='grc' dir='ltr'>κάδ</span> <span class='ocrx_word' id='word_1_14' title='bbox 332 598 357 662; x_wconf 87' lang='grc' dir='ltr'>δ’</span> <span class='ocrx_word' id='word_1_15' title='bbox 371 597 569 686; x_wconf 83' lang='grc' dir='ltr'>Ἀγαμέμνων</span> <span class='ocrx_word' id='word_1_16' title='bbox 585 601 669 665; x_wconf 85' lang='grc' dir='ltr'>εῖσεν</span> <span class='ocrx_word' id='word_1_17' title='bbox 684 601 860 681; x_wconf 72' lang='grc' dir='ltr'>ἐϋκνήμιδας</span> <span class='ocrx_word' id='word_1_18' title='bbox 874 601 1028 685; x_wconf 90' lang='grc' dir='ltr'>Ἀχαιούς·</span> 
     </span>
    </p>

    <p class='ocr_par' dir='ltr' id='par_1_4' title="bbox 259 699 1084 891">
     <span class='ocr_line' id='line_1_4' title="bbox 259 699 1084 788; baseline 0.008 -24"><span class='ocrx_word' id='word_1_19' title='bbox 259 703 313 765; x_wconf 84' lang='grc' dir='ltr'>κδδ</span> <span class='ocrx_word' id='word_1_20' title='bbox 330 699 354 766; x_wconf 86' lang='grc' dir='ltr'>δ’</span> <span class='ocrx_word' id='word_1_21' title='bbox 371 701 415 784; x_wconf 88' lang='grc' dir='ltr'>ἀρ’</span> <span class='ocrx_word' id='word_1_22' title='bbox 431 701 575 783; x_wconf 76' lang='grc' dir='ltr'>Ἀθηναίη</span> <span class='ocrx_word' id='word_1_23' title='bbox 592 706 689 769; x_wconf 83' lang='grc' dir='ltr'>τεκαὶ</span> <span class='ocrx_word' id='word_1_24' title='bbox 706 703 904 788; x_wconf 81' lang='grc' dir='ltr'>ἀργυρότοξος</span> <span class='ocrx_word' id='word_1_25' title='bbox 918 705 1084 771; x_wconf 90' lang='grc' dir='ltr'>Ἀπόλλων</span> 
     </span>
     <span class='ocr_line' id='line_1_5' title="bbox 259 803 848 891; baseline 0.008 -23"><span class='ocrx_word' id='word_1_26' title='bbox 259 803 386 884; x_wconf 79' lang='grc' dir='ltr'>ἑζέσθην</span> <span class='ocrx_word' id='word_1_27' title='bbox 400 806 518 888; x_wconf 81' lang='grc' dir='ltr'>ὄρνισιν</span> <span class='ocrx_word' id='word_1_28' title='bbox 532 807 663 874; x_wconf 91' lang='grc' dir='ltr'>ἐοικότες</span> <span class='ocrx_word' id='word_1_29' title='bbox 678 810 848 891; x_wconf 75' lang='grc' dir='ltr'>αἰγυπιοῖσι</span> 
     </span>
    </p>

    <p class='ocr_par' dir='ltr' id='par_1_5' title="bbox 259 907 1203 1104">
     <span class='ocr_line' id='line_1_6' title="bbox 259 907 1203 996; baseline 0.003 -26"><span class='ocrx_word' id='word_1_30' title='bbox 259 909 346 994; x_wconf 78' lang='grc' dir='ltr'>φηγῷ</span> <span class='ocrx_word' id='word_1_31' title='bbox 363 907 411 990; x_wconf 87' lang='grc' dir='ltr'>ἐφ’</span> <span class='ocrx_word' id='word_1_32' title='bbox 427 910 532 994; x_wconf 77' lang='grc' dir='ltr'>όψηλῇ</span> <span class='ocrx_word' id='word_1_33' title='bbox 549 910 659 991; x_wconf 80' lang='grc' dir='ltr'>πατρὸς</span> <span class='ocrx_word' id='word_1_34' title='bbox 675 910 749 977; x_wconf 93' lang='grc' dir='ltr'>Διδς</span> <span class='ocrx_word' id='word_1_35' title='bbox 764 912 925 996; x_wconf 78' lang='grc' dir='ltr'>αἰγιόχοιο,</span> <span class='ocrx_word' id='word_1_36' title='bbox 1168 920 1203 973; x_wconf 82' lang='grc' dir='ltr'>6ο</span> 
     </span>
     <span class='ocr_line' id='line_1_7' title="bbox 259 1009 1066 1104; baseline 0 -29"><span class='ocrx_word' id='word_1_37' title='bbox 259 1010 384 1094; x_wconf 86' lang='grc' dir='ltr'>ἀνδράσι</span> <span class='ocrx_word' id='word_1_38' title='bbox 399 1013 587 1094; x_wconf 87' lang='grc' dir='ltr'>τερπόμενοι·</span> <span class='ocrx_word' id='word_1_39' title='bbox 609 1019 669 1078; x_wconf 82' lang='grc' dir='ltr'>τοῖν</span> <span class='ocrx_word' id='word_1_40' title='bbox 684 1015 716 1078; x_wconf 69' lang='grc' dir='ltr'>δὲ</span> <span class='ocrx_word' id='word_1_41' title='bbox 732 1016 836 1098; x_wconf 91' lang='grc' dir='ltr'>στίχες</span> <span class='ocrx_word' id='word_1_42' title='bbox 853 1015 927 1104; x_wconf 84' lang='grc' dir='ltr'>ἥατο</span> <span class='ocrx_word' id='word_1_43' title='bbox 943 1009 1066 1087; x_wconf 70' lang='grc' dir='ltr'>πυκναί,ι</span> 
     </span>
    </p>

    <p class='ocr_par' dir='ltr' id='par_1_6' title="bbox 259 1114 1002 1202">
     <span class='ocr_line' id='line_1_8' title="bbox 259 1114 1002 1202; baseline 0.001 -23"><span class='ocrx_word' id='word_1_44' title='bbox 259 1115 369 1180; x_wconf 87' lang='grc' dir='ltr'>ἀσπίσι</span> <span class='ocrx_word' id='word_1_45' title='bbox 385 1115 434 1179; x_wconf 79' lang='grc' dir='ltr'>καῖ</span> <span class='ocrx_word' id='word_1_46' title='bbox 449 1114 613 1196; x_wconf 86' lang='grc' dir='ltr'>κορύθεσσι</span> <span class='ocrx_word' id='word_1_47' title='bbox 626 1117 675 1181; x_wconf 82' lang='grc' dir='ltr'>καῖ</span> <span class='ocrx_word' id='word_1_48' title='bbox 693 1119 802 1202; x_wconf 83' lang='grc' dir='ltr'>ἔγχεσι</span> <span class='ocrx_word' id='word_1_49' title='bbox 817 1122 1002 1200; x_wconf 81' lang='grc' dir='ltr'>πεφρικυῖαι.</span> 
     </span>
    </p>

    <p class='ocr_par' dir='ltr' id='par_1_7' title="bbox 258 1217 1054 1308">
     <span class='ocr_line' id='line_1_9' title="bbox 258 1217 1054 1308; baseline 0.003 -25"><span class='ocrx_word' id='word_1_50' title='bbox 258 1223 305 1299; x_wconf 90' lang='grc' dir='ltr'>οίη</span> <span class='ocrx_word' id='word_1_51' title='bbox 322 1219 355 1284; x_wconf 75' lang='grc' dir='ltr'>δέ</span> <span class='ocrx_word' id='word_1_52' title='bbox 371 1217 520 1301; x_wconf 80' lang='grc' dir='ltr'>Ζεφύροιο</span> <span class='ocrx_word' id='word_1_53' title='bbox 537 1219 662 1303; x_wconf 83' lang='grc' dir='ltr'>ἐχεύατο</span> <span class='ocrx_word' id='word_1_54' title='bbox 678 1221 791 1287; x_wconf 91' lang='grc' dir='ltr'>πόντον</span> <span class='ocrx_word' id='word_1_55' title='bbox 805 1222 856 1286; x_wconf 90' lang='grc' dir='ltr'>ἔπι</span> <span class='ocrx_word' id='word_1_56' title='bbox 871 1219 949 1302; x_wconf 83' lang='grc' dir='ltr'>φρὶξ</span> <span class='ocrx_word' id='word_1_57' title='bbox 1053 1303 1054 1308; x_wconf 12' lang='lat'>¹</span> 
     </span>
    </p>

    <p class='ocr_par' dir='ltr' id='par_1_8' title="bbox 206 1319 1067 1404">
     <span class='ocr_line' id='line_1_10' title="bbox 206 1319 1067 1404; baseline 0.002 -18"><span class='ocrx_word' id='word_1_58' title='bbox 206 1332 208 1337; x_wconf 81' lang='grc'>’</span> <span class='ocrx_word' id='word_1_59' title='bbox 257 1320 430 1404; x_wconf 77' lang='grc' dir='ltr'>ὀρνυμένοιο</span> <span class='ocrx_word' id='word_1_60' title='bbox 446 1319 523 1397; x_wconf 88' lang='grc' dir='ltr'>νέον,</span> <span class='ocrx_word' id='word_1_61' title='bbox 539 1321 664 1401; x_wconf 82' lang='grc' dir='ltr'>μελάνει</span> <span class='ocrx_word' id='word_1_62' title='bbox 679 1322 714 1387; x_wconf 86' lang='grc' dir='ltr'>δέ</span> <span class='ocrx_word' id='word_1_63' title='bbox 727 1349 761 1388; x_wconf 89' lang='grc' dir='ltr'>τε</span> <span class='ocrx_word' id='word_1_64' title='bbox 775 1325 887 1389; x_wconf 89' lang='grc' dir='ltr'>πόντος</span> <span class='ocrx_word' id='word_1_65' title='bbox 901 1322 950 1386; x_wconf 77' lang='grc' dir='ltr'>ὑπ’</span> <span class='ocrx_word' id='word_1_66' title='bbox 968 1321 1067 1400; x_wconf 85' lang='grc' dir='ltr'>αύτῆς,</span> 
     </span>
    </p>

    <p class='ocr_par' dir='ltr' id='par_1_9' title="bbox 256 1417 1262 1612">
     <span class='ocr_line' id='line_1_11' title="bbox 256 1417 1262 1508; baseline 0.004 -20"><span class='ocrx_word' id='word_1_67' title='bbox 256 1429 335 1489; x_wconf 91' lang='grc' dir='ltr'>τοῖαι</span> <span class='ocrx_word' id='word_1_68' title='bbox 351 1423 409 1505; x_wconf 83' lang='grc' dir='ltr'>ἀρα</span> <span class='ocrx_word' id='word_1_69' title='bbox 424 1425 527 1506; x_wconf 89' lang='grc' dir='ltr'>στίχες</span> <span class='ocrx_word' id='word_1_70' title='bbox 542 1424 607 1503; x_wconf 83' lang='grc' dir='ltr'>ἥατ’</span> <span class='ocrx_word' id='word_1_71' title='bbox 622 1425 757 1508; x_wconf 78' lang='grc' dir='ltr'>Ἀχαιῶν</span> <span class='ocrx_word' id='word_1_72' title='bbox 771 1452 804 1490; x_wconf 92' lang='grc' dir='ltr'>τε</span> <span class='ocrx_word' id='word_1_73' title='bbox 818 1426 931 1508; x_wconf 83' lang='grc' dir='ltr'>Τριόων</span> <span class='ocrx_word' id='word_1_74' title='bbox 945 1450 979 1489; x_wconf 89' lang='grc' dir='ltr'>τε</span> <span class='ocrx_word' id='word_1_75' title='bbox 1140 1417 1141 1422; x_wconf 23' lang='lat'>¹</span> <span class='ocrx_word' id='word_1_76' title='bbox 1167 1434 1200 1498; x_wconf 83' lang='lat'>65</span> <span class='ocrx_word' id='word_1_77' title='bbox 1249 1474 1262 1492; x_wconf 80' lang='grc'>.</span> 
     </span>
     <span class='ocr_line' id='line_1_12' title="bbox 257 1524 1011 1612; baseline 0.003 -21"><span class='ocrx_word' id='word_1_78' title='bbox 257 1530 290 1591; x_wconf 89' lang='grc' dir='ltr'>έν</span> <span class='ocrx_word' id='word_1_79' title='bbox 304 1527 407 1612; x_wconf 89' lang='grc' dir='ltr'>πεδίιρ·</span> <span class='ocrx_word' id='word_1_80' title='bbox 426 1524 543 1607; x_wconf 82' lang='grc' dir='ltr'>Ἕκτωρ</span> <span class='ocrx_word' id='word_1_81' title='bbox 559 1528 592 1589; x_wconf 71' lang='grc' dir='ltr'>δὲ</span> <span class='ocrx_word' id='word_1_82' title='bbox 605 1527 668 1606; x_wconf 89' lang='grc' dir='ltr'>μετ’</span> <span class='ocrx_word' id='word_1_83' title='bbox 686 1527 904 1610; x_wconf 86' lang='grc' dir='ltr'>ἀμφοτέροισιν</span> <span class='ocrx_word' id='word_1_84' title='bbox 919 1529 1011 1593; x_wconf 82' lang='grc' dir='ltr'>ἔειπε·</span> 
     </span>
    </p>

    <p class='ocr_par' dir='ltr' id='par_1_10' title="bbox 258 1629 1002 1715">
     <span class='ocr_line' id='line_1_13' title="bbox 258 1629 1002 1715; baseline -0.003 -19"><span class='ocrx_word' id='word_1_85' title='bbox 258 1640 276 1668; x_wconf 88' lang='grc'>“</span> <span class='ocrx_word' id='word_1_86' title='bbox 285 1629 409 1697; x_wconf 86' lang='grc' dir='ltr'>κέκλυτέ</span> <span class='ocrx_word' id='word_1_87' title='bbox 422 1655 488 1711; x_wconf 86' lang='grc' dir='ltr'>μεν,</span> <span class='ocrx_word' id='word_1_88' title='bbox 503 1634 606 1712; x_wconf 81' lang='grc' dir='ltr'>Τρῶες</span> <span class='ocrx_word' id='word_1_89' title='bbox 620 1632 669 1694; x_wconf 87' lang='grc' dir='ltr'>καὶ</span> <span class='ocrx_word' id='word_1_90' title='bbox 684 1631 857 1710; x_wconf 75' lang='grc' dir='ltr'>ἐϋκνήμιδες</span> <span class='ocrx_word' id='word_1_91' title='bbox 869 1632 1002 1715; x_wconf 84' lang='grc' dir='ltr'>Ἀχαιοί,</span> 
     </span>
    </p>

    <p class='ocr_par' dir='ltr' id='par_1_11' title="bbox 257 1732 994 1817">
     <span class='ocr_line' id='line_1_14' title="bbox 257 1732 994 1817; baseline -0.007 -18"><span class='ocrx_word' id='word_1_92' title='bbox 257 1734 324 1817; x_wconf 82' lang='grc' dir='ltr'>ὄφρ’</span> <span class='ocrx_word' id='word_1_93' title='bbox 341 1736 415 1799; x_wconf 87' lang='grc' dir='ltr'>εῖπω</span> <span class='ocrx_word' id='word_1_94' title='bbox 430 1732 469 1796; x_wconf 87' lang='grc' dir='ltr'>τό</span> <span class='ocrx_word' id='word_1_95' title='bbox 481 1757 521 1814; x_wconf 91' lang='grc' dir='ltr'>με</span> <span class='ocrx_word' id='word_1_96' title='bbox 535 1732 627 1812; x_wconf 78' lang='grc' dir='ltr'>θυμὸς</span> <span class='ocrx_word' id='word_1_97' title='bbox 641 1734 686 1798; x_wconf 86' lang='grc' dir='ltr'>ἐνῖ</span> <span class='ocrx_word' id='word_1_98' title='bbox 702 1732 853 1814; x_wconf 85' lang='grc' dir='ltr'>στήθεσσι</span> <span class='ocrx_word' id='word_1_99' title='bbox 868 1734 994 1798; x_wconf 82' lang='grc' dir='ltr'>κελεύει.</span> 
     </span>
    </p>

    <p class='ocr_par' dir='ltr' id='par_1_12' title="bbox 256 1835 987 1920">
     <span class='ocr_line' id='line_1_15' title="bbox 256 1835 987 1920; baseline -0.004 -18"><span class='ocrx_word' id='word_1_100' title='bbox 256 1840 342 1920; x_wconf 83' lang='grc' dir='ltr'>ὅρκια</span> <span class='ocrx_word' id='word_1_101' title='bbox 355 1838 410 1917; x_wconf 75' lang='grc' dir='ltr'>μὲν</span> <span class='ocrx_word' id='word_1_102' title='bbox 425 1836 570 1917; x_wconf 86' lang='grc' dir='ltr'>Κρονίδης</span> <span class='ocrx_word' id='word_1_103' title='bbox 585 1837 731 1918; x_wconf 75' lang='grc' dir='ltr'>ὑψίζυγος</span> <span class='ocrx_word' id='word_1_104' title='bbox 746 1837 798 1900; x_wconf 84' lang='grc' dir='ltr'>ούκ</span> <span class='ocrx_word' id='word_1_105' title='bbox 814 1835 987 1914; x_wconf 87' lang='grc' dir='ltr'>ἐτέλεσσεν,</span> 
     </span>
    </p>

    <p class='ocr_par' dir='ltr' id='par_1_13' title="bbox 256 1937 1027 2022">
     <span class='ocr_line' id='line_1_16' title="bbox 256 1937 1027 2022; baseline -0.004 -17"><span class='ocrx_word' id='word_1_106' title='bbox 256 1940 337 2005; x_wconf 87' lang='grc' dir='ltr'>ἀλλά</span> <span class='ocrx_word' id='word_1_107' title='bbox 353 1942 429 2004; x_wconf 83' lang='grc' dir='ltr'>κοκά</span> <span class='ocrx_word' id='word_1_108' title='bbox 443 1937 580 2021; x_wconf 88' lang='grc' dir='ltr'>φρονέων</span> <span class='ocrx_word' id='word_1_109' title='bbox 594 1940 783 2022; x_wconf 84' lang='grc' dir='ltr'>τεκμαίρεται</span> <span class='ocrx_word' id='word_1_110' title='bbox 797 1937 1027 2021; x_wconf 87' lang='grc' dir='ltr'>ἀμφοτέροισιν,</span> 
     </span>
    </p>

    <p class='ocr_par' dir='ltr' id='par_1_14' title="bbox 256 2039 931 2125">
     <span class='ocr_line' id='line_1_17' title="bbox 256 2039 931 2125; baseline -0.003 -16"><span class='ocrx_word' id='word_1_111' title='bbox 256 2045 298 2110; x_wconf 91' lang='grc' dir='ltr'>είς</span> <span class='ocrx_word' id='word_1_112' title='bbox 313 2042 331 2106; x_wconf 90' lang='grc' dir='ltr'>ό</span> <span class='ocrx_word' id='word_1_113' title='bbox 346 2067 397 2106; x_wconf 93' lang='grc' dir='ltr'>κεν</span> <span class='ocrx_word' id='word_1_114' title='bbox 411 2039 430 2120; x_wconf 77' lang='grc' dir='ltr'>ἢ</span> <span class='ocrx_word' id='word_1_115' title='bbox 445 2043 528 2122; x_wconf 82' lang='grc' dir='ltr'>ὑμεῖς</span> <span class='ocrx_word' id='word_1_116' title='bbox 542 2042 655 2124; x_wconf 91' lang='grc' dir='ltr'>Τροίην</span> <span class='ocrx_word' id='word_1_117' title='bbox 671 2041 818 2125; x_wconf 83' lang='grc' dir='ltr'>εὔπυργον</span> <span class='ocrx_word' id='word_1_118' title='bbox 832 2041 931 2121; x_wconf 89' lang='grc' dir='ltr'>έλητε,</span> 
     </span>
    </p>

    <p class='ocr_par' dir='ltr' id='par_1_15' title="bbox 253 2143 976 2228">
     <span class='ocr_line' id='line_1_18' title="bbox 253 2143 976 2228; baseline 0 -18"><span class='ocrx_word' id='word_1_119' title='bbox 253 2143 272 2226; x_wconf 82' lang='grc' dir='ltr'>ἢ</span> <span class='ocrx_word' id='word_1_120' title='bbox 289 2144 372 2210; x_wconf 87' lang='grc' dir='ltr'>αύτοῖ</span> <span class='ocrx_word' id='word_1_121' title='bbox 387 2146 468 2227; x_wconf 86' lang='grc' dir='ltr'>παρά</span> <span class='ocrx_word' id='word_1_122' title='bbox 483 2145 572 2224; x_wconf 82' lang='grc' dir='ltr'>νηυσὶ</span> <span class='ocrx_word' id='word_1_123' title='bbox 587 2143 715 2225; x_wconf 89' lang='grc' dir='ltr'>δαμήετε</span> <span class='ocrx_word' id='word_1_124' title='bbox 730 2147 976 2228; x_wconf 87' lang='grc' dir='ltr'>ποντοπόροισιν.</span> 
     </span>
    </p>

    <p class='ocr_par' dir='ltr' id='par_1_16' title="bbox 190 2244 954 2330">
     <span class='ocr_line' id='line_1_19' title="bbox 190 2244 954 2330; baseline -0.001 -17"><span class='ocrx_word' id='word_1_125' title='bbox 190 2277 192 2282; x_wconf 94' lang='grc'>·</span> <span class='ocrx_word' id='word_1_126' title='bbox 253 2251 322 2330; x_wconf 87' lang='grc' dir='ltr'>ύμῖν</span> <span class='ocrx_word' id='word_1_127' title='bbox 336 2244 363 2313; x_wconf 88' lang='grc' dir='ltr'>δ’</span> <span class='ocrx_word' id='word_1_128' title='bbox 379 2249 412 2312; x_wconf 92' lang='grc' dir='ltr'>έν</span> <span class='ocrx_word' id='word_1_129' title='bbox 426 2249 484 2330; x_wconf 81' lang='grc' dir='ltr'>γάρ</span> <span class='ocrx_word' id='word_1_130' title='bbox 500 2247 587 2311; x_wconf 83' lang='grc' dir='ltr'>ἔασιν</span> <span class='ocrx_word' id='word_1_131' title='bbox 603 2248 745 2329; x_wconf 76' lang='grc' dir='ltr'>ἀριστῆες</span> <span class='ocrx_word' id='word_1_132' title='bbox 759 2253 954 2330; x_wconf 81' lang='grc' dir='ltr'>Παναχαιῶν·</span> 
     </span>
    </p>

    <p class='ocr_par' dir='ltr' id='par_1_17' title="bbox 254 2350 1033 2436">
     <span class='ocr_line' id='line_1_20' title="bbox 254 2350 1033 2436; baseline -0.006 -19"><span class='ocrx_word' id='word_1_133' title='bbox 254 2359 314 2417; x_wconf 83' lang='grc' dir='ltr'>τῶν</span> <span class='ocrx_word' id='word_1_134' title='bbox 328 2357 381 2417; x_wconf 84' lang='grc' dir='ltr'>νύν</span> <span class='ocrx_word' id='word_1_135' title='bbox 396 2351 432 2416; x_wconf 85' lang='grc' dir='ltr'>όν</span> <span class='ocrx_word' id='word_1_136' title='bbox 445 2375 512 2415; x_wconf 87' lang='grc' dir='ltr'>τινα</span> <span class='ocrx_word' id='word_1_137' title='bbox 528 2350 620 2431; x_wconf 86' lang='grc' dir='ltr'>θυμδς</span> <span class='ocrx_word' id='word_1_138' title='bbox 635 2351 701 2430; x_wconf 88' lang='grc' dir='ltr'>έμοὶ</span> <span class='ocrx_word' id='word_1_139' title='bbox 714 2351 910 2434; x_wconf 88' lang='grc' dir='ltr'>μαχέσασθαι</span> <span class='ocrx_word' id='word_1_140' title='bbox 924 2351 1033 2436; x_wconf 76' lang='grc' dir='ltr'>ἀνώγῃ,</span> 
     </span>
    </p>

    <p class='ocr_par' dir='ltr' id='par_1_18' title="bbox 253 2451 1195 2640">
     <span class='ocr_line' id='line_1_21' title="bbox 253 2451 1195 2538; baseline -0.006 -18"><span class='ocrx_word' id='word_1_141' title='bbox 253 2456 330 2538; x_wconf 82' lang='grc' dir='ltr'>δεῦρ’</span> <span class='ocrx_word' id='word_1_142' title='bbox 345 2457 399 2519; x_wconf 81' lang='grc' dir='ltr'>ἴτω</span> <span class='ocrx_word' id='word_1_143' title='bbox 415 2456 448 2518; x_wconf 92' lang='grc' dir='ltr'>ἐκ</span> <span class='ocrx_word' id='word_1_144' title='bbox 463 2451 585 2519; x_wconf 84' lang='grc' dir='ltr'>πάντων</span> <span class='ocrx_word' id='word_1_145' title='bbox 599 2453 713 2535; x_wconf 87' lang='grc' dir='ltr'>πρόμος</span> <span class='ocrx_word' id='word_1_146' title='bbox 728 2452 852 2531; x_wconf 87' lang='grc' dir='ltr'>ἔμμεναι</span> <span class='ocrx_word' id='word_1_147' title='bbox 863 2451 989 2534; x_wconf 81' lang='grc' dir='ltr'>Ἕκτορι</span> <span class='ocrx_word' id='word_1_148' title='bbox 1004 2454 1066 2537; x_wconf 79' lang='grc' dir='ltr'>δίῳ.</span> <span class='ocrx_word' id='word_1_149' title='bbox 1166 2481 1195 2531; x_wconf 72' lang='lat'>75</span> 
     </span>
     <span class='ocr_line' id='line_1_22' title="bbox 254 2552 1067 2640; baseline -0.005 -17"><span class='ocrx_word' id='word_1_150' title='bbox 254 2562 310 2624; x_wconf 83' lang='grc' dir='ltr'>ὦδε</span> <span class='ocrx_word' id='word_1_151' title='bbox 325 2559 358 2623; x_wconf 74' lang='grc' dir='ltr'>δέ</span> <span class='ocrx_word' id='word_1_152' title='bbox 371 2555 527 2640; x_wconf 89' lang='grc' dir='ltr'>μυθέομαι,</span> <span class='ocrx_word' id='word_1_153' title='bbox 545 2555 619 2623; x_wconf 82' lang='grc' dir='ltr'>Ζεὺς</span> <span class='ocrx_word' id='word_1_154' title='bbox 634 2555 660 2620; x_wconf 87' lang='grc' dir='ltr'>δ’</span> <span class='ocrx_word' id='word_1_155' title='bbox 678 2552 749 2636; x_wconf 78' lang='grc' dir='ltr'>ἄμμ’</span> <span class='ocrx_word' id='word_1_156' title='bbox 765 2553 964 2636; x_wconf 78' lang='grc' dir='ltr'>ἐπιμάρτυρος</span> <span class='ocrx_word' id='word_1_157' title='bbox 979 2555 1067 2619; x_wconf 90' lang='grc' dir='ltr'>ἔστω·</span> 
     </span>
    </p>

    <p class='ocr_par' dir='ltr' id='par_1_19' title="bbox 254 2655 955 2745">
     <span class='ocr_line' id='line_1_23' title="bbox 254 2655 955 2745; baseline -0.013 -17"><span class='ocrx_word' id='word_1_158' title='bbox 254 2665 281 2729; x_wconf 84' lang='grc' dir='ltr'>εί</span> <span class='ocrx_word' id='word_1_159' title='bbox 294 2660 351 2743; x_wconf 89' lang='grc' dir='ltr'>μέν</span> <span class='ocrx_word' id='word_1_160' title='bbox 366 2687 417 2726; x_wconf 88' lang='grc' dir='ltr'>κεν</span> <span class='ocrx_word' id='word_1_161' title='bbox 433 2663 485 2740; x_wconf 78' lang='grc' dir='ltr'>ἐμὲ</span> <span class='ocrx_word' id='word_1_162' title='bbox 500 2665 597 2726; x_wconf 88' lang='grc' dir='ltr'>κεῖνος</span> <span class='ocrx_word' id='word_1_163' title='bbox 613 2660 667 2745; x_wconf 73' lang='grc' dir='ltr'>έλρ</span> <span class='ocrx_word' id='word_1_164' title='bbox 683 2655 826 2737; x_wconf 83' lang='grc' dir='ltr'>ταναήκεϊ</span> <span class='ocrx_word' id='word_1_165' title='bbox 839 2658 955 2741; x_wconf 73' lang='grc' dir='ltr'>χαλκηῖ,</span> 
     </span>
    </p>

    <p class='ocr_par' dir='ltr' id='par_1_20' title="bbox 253 2761 932 2849">
     <span class='ocr_line' id='line_1_24' title="bbox 253 2761 932 2849; baseline -0.004 -19"><span class='ocrx_word' id='word_1_166' title='bbox 253 2765 362 2849; x_wconf 88' lang='grc' dir='ltr'>τεύχεα</span> <span class='ocrx_word' id='word_1_167' title='bbox 377 2761 514 2842; x_wconf 92' lang='grc' dir='ltr'>συλήσας</span> <span class='ocrx_word' id='word_1_168' title='bbox 530 2761 646 2844; x_wconf 88' lang='grc' dir='ltr'>φερέτω</span> <span class='ocrx_word' id='word_1_169' title='bbox 663 2762 769 2827; x_wconf 89' lang='grc' dir='ltr'>κοίλας</span> <span class='ocrx_word' id='word_1_170' title='bbox 782 2762 833 2826; x_wconf 85' lang='grc' dir='ltr'>έπῖ</span> <span class='ocrx_word' id='word_1_171' title='bbox 849 2765 932 2840; x_wconf 84' lang='grc' dir='ltr'>νῆας,</span> 
     </span>
    </p>

    <p class='ocr_par' dir='ltr' id='par_1_21' title="bbox 252 2863 1197 3262">
     <span class='ocr_line' id='line_1_25' title="bbox 255 2863 1100 2949; baseline -0.005 -18"><span class='ocrx_word' id='word_1_172' title='bbox 255 2875 342 2949; x_wconf 81' lang='grc' dir='ltr'>σῶμα</span> <span class='ocrx_word' id='word_1_173' title='bbox 356 2870 389 2932; x_wconf 77' lang='grc' dir='ltr'>δὲ</span> <span class='ocrx_word' id='word_1_174' title='bbox 405 2868 497 2932; x_wconf 84' lang='grc' dir='ltr'>οίκαδ’</span> <span class='ocrx_word' id='word_1_175' title='bbox 514 2866 585 2946; x_wconf 87' lang='grc' dir='ltr'>έμδν</span> <span class='ocrx_word' id='word_1_176' title='bbox 603 2865 726 2944; x_wconf 89' lang='grc' dir='ltr'>δόμεναι</span> <span class='ocrx_word' id='word_1_177' title='bbox 740 2863 842 2940; x_wconf 81' lang='grc' dir='ltr'>πάλιν,</span> <span class='ocrx_word' id='word_1_178' title='bbox 860 2866 941 2946; x_wconf 89' lang='grc' dir='ltr'>ὄφρα</span> <span class='ocrx_word' id='word_1_179' title='bbox 956 2865 1048 2946; x_wconf 89' lang='grc' dir='ltr'>πυρός</span> <span class='ocrx_word' id='word_1_180' title='bbox 1060 2888 1100 2942; x_wconf 87' lang='grc' dir='ltr'>με</span> 
     </span>
     <span class='ocr_line' id='line_1_26' title="bbox 252 2965 1197 3055; baseline -0.007 -21"><span class='ocrx_word' id='word_1_181' title='bbox 252 2976 354 3055; x_wconf 86' lang='grc' dir='ltr'>Τρῶες</span> <span class='ocrx_word' id='word_1_182' title='bbox 370 2971 418 3039; x_wconf 83' lang='grc' dir='ltr'>καὶ</span> <span class='ocrx_word' id='word_1_183' title='bbox 432 2969 545 3050; x_wconf 86' lang='grc' dir='ltr'>Τριόων</span> <span class='ocrx_word' id='word_1_184' title='bbox 560 2969 669 3051; x_wconf 81' lang='grc' dir='ltr'>ἄλοχοι</span> <span class='ocrx_word' id='word_1_185' title='bbox 684 2965 845 3050; x_wconf 81' lang='grc' dir='ltr'>λελάχωσι</span> <span class='ocrx_word' id='word_1_186' title='bbox 861 2967 999 3033; x_wconf 87' lang='grc' dir='ltr'>θανόντα.</span> <span class='ocrx_word' id='word_1_187' title='bbox 1163 2980 1197 3028; x_wconf 90' lang='grc' dir='ltr'>8ο</span> 
     </span>
     <span class='ocr_line' id='line_1_27' title="bbox 254 3067 1080 3156; baseline -0.01 -15"><span class='ocrx_word' id='word_1_188' title='bbox 254 3078 281 3140; x_wconf 80' lang='grc' dir='ltr'>εἰ</span> <span class='ocrx_word' id='word_1_189' title='bbox 296 3074 329 3140; x_wconf 90' lang='grc' dir='ltr'>δέ</span> <span class='ocrx_word' id='word_1_190' title='bbox 344 3072 369 3137; x_wconf 87' lang='grc' dir='ltr'>κ’</span> <span class='ocrx_word' id='word_1_191' title='bbox 385 3073 444 3156; x_wconf 85' lang='grc' dir='ltr'>έγιδ</span> <span class='ocrx_word' id='word_1_192' title='bbox 460 3070 512 3138; x_wconf 84' lang='grc' dir='ltr'>τὸν</span> <span class='ocrx_word' id='word_1_193' title='bbox 527 3071 597 3147; x_wconf 84' lang='grc' dir='ltr'>ἔλω,</span> <span class='ocrx_word' id='word_1_194' title='bbox 614 3071 674 3156; x_wconf 79' lang='grc' dir='ltr'>δύη</span> <span class='ocrx_word' id='word_1_195' title='bbox 690 3067 723 3134; x_wconf 93' lang='grc' dir='ltr'>δέ</span> <span class='ocrx_word' id='word_1_196' title='bbox 737 3095 788 3149; x_wconf 88' lang='grc' dir='ltr'>μοι</span> <span class='ocrx_word' id='word_1_197' title='bbox 804 3068 892 3154; x_wconf 80' lang='grc' dir='ltr'>εύχος</span> <span class='ocrx_word' id='word_1_198' title='bbox 906 3069 1080 3141; x_wconf 85' lang='grc' dir='ltr'>Ἀπόλλων,</span> 
     </span>
     <span class='ocr_line' id='line_1_28' title="bbox 253 3171 907 3262; baseline -0.008 -20"><span class='ocrx_word' id='word_1_199' title='bbox 253 3178 362 3262; x_wconf 84' lang='grc' dir='ltr'>τεύχεα</span> <span class='ocrx_word' id='word_1_200' title='bbox 376 3175 513 3254; x_wconf 89' lang='grc' dir='ltr'>σύλησας</span> <span class='ocrx_word' id='word_1_201' title='bbox 529 3176 603 3238; x_wconf 89' lang='grc' dir='ltr'>οίσω</span> <span class='ocrx_word' id='word_1_202' title='bbox 618 3173 704 3254; x_wconf 83' lang='grc' dir='ltr'>προτὶ</span> <span class='ocrx_word' id='word_1_203' title='bbox 717 3171 815 3237; x_wconf 84' lang='grc' dir='ltr'>Ἴλιον</span> <span class='ocrx_word' id='word_1_204' title='bbox 831 3171 907 3255; x_wconf 87' lang='grc' dir='ltr'>ῖρήν,</span> 
     </span>
    </p>

    <p class='ocr_par' dir='ltr' id='par_1_22' title="bbox 253 3275 978 3364">
     <span class='ocr_line' id='line_1_29' title="bbox 253 3275 978 3364; baseline -0.011 -17"><span class='ocrx_word' id='word_1_205' title='bbox 253 3283 302 3346; x_wconf 84' lang='grc' dir='ltr'>καὶ</span> <span class='ocrx_word' id='word_1_206' title='bbox 318 3280 432 3364; x_wconf 89' lang='grc' dir='ltr'>κρεμόω</span> <span class='ocrx_word' id='word_1_207' title='bbox 448 3278 534 3360; x_wconf 83' lang='grc' dir='ltr'>προτὶ</span> <span class='ocrx_word' id='word_1_208' title='bbox 550 3275 623 3357; x_wconf 83' lang='grc' dir='ltr'>νηὸν</span> <span class='ocrx_word' id='word_1_209' title='bbox 635 3275 834 3342; x_wconf 90' lang='grc' dir='ltr'>Ἀπόλλωνος</span> <span class='ocrx_word' id='word_1_210' title='bbox 850 3275 978 3349; x_wconf 86' lang='grc' dir='ltr'>ἔκότοιο,</span> 
     </span>
    </p>

    <p class='ocr_par' dir='ltr' id='par_1_23' title="bbox 254 3379 984 3460">
     <span class='ocr_line' id='line_1_30' title="bbox 254 3379 984 3460; baseline -0.008 -12"><span class='ocrx_word' id='word_1_211' title='bbox 254 3385 305 3450; x_wconf 88' lang='grc' dir='ltr'>τδν</span> <span class='ocrx_word' id='word_1_212' title='bbox 320 3386 352 3448; x_wconf 80' lang='grc' dir='ltr'>δέ</span> <span class='ocrx_word' id='word_1_213' title='bbox 367 3382 454 3450; x_wconf 88' lang='grc' dir='ltr'>νέκυν</span> <span class='ocrx_word' id='word_1_214' title='bbox 469 3382 519 3445; x_wconf 84' lang='grc' dir='ltr'>ἐπὶ</span> <span class='ocrx_word' id='word_1_215' title='bbox 534 3384 606 3460; x_wconf 80' lang='grc' dir='ltr'>νῆας</span> <span class='ocrx_word' id='word_1_216' title='bbox 623 3379 811 3459; x_wconf 77' lang='grc' dir='ltr'>ἐϋσσέλμους</span> <span class='ocrx_word' id='word_1_217' title='bbox 827 3381 984 3458; x_wconf 77' lang='grc' dir='ltr'>ἀποδώσω,</span> 
     </span>
    </p>

    <p class='ocr_par' dir='ltr' id='par_1_24' title="bbox 253 3481 1195 3672">
     <span class='ocr_line' id='line_1_31' title="bbox 254 3481 1195 3569; baseline -0.002 -21"><span class='ocrx_word' id='word_1_218' title='bbox 254 3487 333 3568; x_wconf 86' lang='grc' dir='ltr'>ὄφρα</span> <span class='ocrx_word' id='word_1_219' title='bbox 349 3489 363 3550; x_wconf 86' lang='grc' dir='ltr'>ἔ</span> <span class='ocrx_word' id='word_1_220' title='bbox 378 3483 553 3569; x_wconf 89' lang='grc' dir='ltr'>ταρχύσωσι</span> <span class='ocrx_word' id='word_1_221' title='bbox 569 3481 643 3564; x_wconf 86' lang='grc' dir='ltr'>κόρη</span> <span class='ocrx_word' id='word_1_222' title='bbox 659 3482 827 3562; x_wconf 90' lang='grc' dir='ltr'>κομόωντες</span> <span class='ocrx_word' id='word_1_223' title='bbox 840 3481 973 3564; x_wconf 89' lang='grc' dir='ltr'>Ἀχαιοί,</span> <span class='ocrx_word' id='word_1_224' title='bbox 1162 3496 1195 3558; x_wconf 81' lang='lat'>85</span> 
     </span>
     <span class='ocr_line' id='line_1_32' title="bbox 253 3584 1012 3672; baseline -0.005 -21"><span class='ocrx_word' id='word_1_225' title='bbox 253 3586 335 3668; x_wconf 80' lang='grc' dir='ltr'>σῆμά</span> <span class='ocrx_word' id='word_1_226' title='bbox 348 3613 382 3654; x_wconf 90' lang='grc' dir='ltr'>τε</span> <span class='ocrx_word' id='word_1_227' title='bbox 398 3590 426 3652; x_wconf 89' lang='grc' dir='ltr'>οί</span> <span class='ocrx_word' id='word_1_228' title='bbox 440 3585 573 3672; x_wconf 86' lang='grc' dir='ltr'>χεύωσιν</span> <span class='ocrx_word' id='word_1_229' title='bbox 589 3586 639 3651; x_wconf 84' lang='grc' dir='ltr'>ἐπὶ</span> <span class='ocrx_word' id='word_1_230' title='bbox 655 3590 766 3650; x_wconf 86' lang='grc' dir='ltr'>πλατεῖ</span> <span class='ocrx_word' id='word_1_231' title='bbox 779 3584 1012 3668; x_wconf 80' lang='grc' dir='ltr'>Ἑλλησπόντῳ.</span> 
     </span>
    </p>

    <p class='ocr_par' dir='ltr' id='par_1_25' title="bbox 212 3687 993 3782">
     <span class='ocr_line' id='line_1_33' title="bbox 212 3687 993 3782; baseline -0.003 -28"><span class='ocrx_word' id='word_1_232' title='bbox 212 3767 216 3782; x_wconf 33' lang='lat'><em>¹</em></span> <span class='ocrx_word' id='word_1_233' title='bbox 253 3691 304 3756; x_wconf 88' lang='grc' dir='ltr'>καί</span> <span class='ocrx_word' id='word_1_234' title='bbox 317 3689 392 3756; x_wconf 87' lang='grc' dir='ltr'>ποτέ</span> <span class='ocrx_word' id='word_1_235' title='bbox 406 3715 451 3756; x_wconf 91' lang='grc' dir='ltr'>τις</span> <span class='ocrx_word' id='word_1_236' title='bbox 466 3690 569 3776; x_wconf 73' lang='grc' dir='ltr'>εἴπῃσι</span> <span class='ocrx_word' id='word_1_237' title='bbox 586 3689 636 3754; x_wconf 82' lang='grc' dir='ltr'>καὶ</span> <span class='ocrx_word' id='word_1_238' title='bbox 650 3689 805 3772; x_wconf 73' lang='grc' dir='ltr'>ὀψιγόνων</span> <span class='ocrx_word' id='word_1_239' title='bbox 820 3687 993 3770; x_wconf 81' lang='grc' dir='ltr'>ἀνθρύπων,</span> 
     </span>
    </p>
   </div>
   <div class='ocr_carea' id='block_1_3' title="bbox 0 0 1368 4230">
    <p class='ocr_par' dir='ltr' id='par_1_26' title="bbox 0 0 1368 4230">
     <span class='ocr_line' id='line_1_34' title="bbox 0 0 1368 4230; baseline 0 0"><span class='ocrx_word' id='word_1_240' title='bbox 0 0 1368 4230; x_wconf 95' lang='lat' dir='ltr'> </span> 
     </span>
    </p>
   </div>
  </div>
 </body>
</html>
