2728 4230
468 324 498 405 9'·
522 322 692 384 1A1AA02
716 326 746 383 1.v
1018 315 1078 405 165

139 489 206 553 ένθα
221 489 255 553 δέ
269 494 327 570 πΰρ
343 484 463 567 κήαντο,
480 489 596 554 τίθεντο
613 485 646 554 δὲ
661 489 758 571 δόρπα
773 483 908 556 ἕκαστος.
930 529 934 538 ,

179 591 331 673 Ἀτρείδης
346 593 378 655 δὲ
393 590 537 674 γέροντας
552 590 685 658 ἀολλέας
700 592 774 674 ἦγεν
789 593 923 676 Ἀχαιῶν

139 699 167 761 ἐς
181 696 312 774 κλισίην,
329 697 410 776 παρὰ
427 693 461 759 δέ
477 702 536 776 σφι
551 695 628 760 τίθει
643 695 801 775 μενοεικέα
812 701 913 759 δαῖτα.
1045 721 1078 769 90

139 801 165 861 οί
179 796 204 861 δ’
220 794 268 860 ἐπ’
283 795 394 860 ὀνείαθ’
411 801 515 876 ἑτοῖμα
530 800 712 879 προκείμενα
726 803 831 881 χεῖρας
845 799 965 863 ίαλλον.
987 832 988 836 “

138 901 226 981 αὐτὰρ
241 900 307 965 ἐπεὶ
322 902 431 966 πόσιος
447 902 495 964 καὶ
512 901 633 979 ἐδητύος
650 899 686 980 ἐξ
699 901 769 982 έρον
785 901 862 977 ἕντο,

138 1009 197 1070 τοῖς
211 1006 228 1066 ό
242 1003 339 1086 γέρων
354 1003 535 1084 πάμπρωτος
548 1004 689 1086 ὑφαίνειν
703 1003 813 1086 ἤρχετο
827 1001 925 1096 μῆτιν,

137 1102 271 1184 Νέστωρ,
288 1103 322 1166 οὗ
338 1103 387 1165 καὶ
403 1103 537 1184 πρόσθεν
553 1104 660 1184 ἀρίστη
676 1104 802 1185 φαίνετο
817 1102 927 1182 βουλή·

137 1207 154 1267 ὅ
168 1214 244 1286 σφιν
259 1204 430 1286 ἐϋφρονέων
446 1204 618 1287 ἀγορήσατο
635 1207 684 1270 καὶ
698 1205 864 1286 μετέειπεν·
907 1206 908 1210 ’
1046 1233 1077 1282 95

138 1299 308 1391 “ἈτρείδηΙ
319 1309 449 1382 κύδιστε,
465 1307 544 1387 ἀναξ
557 1311 673 1392 ἀνδρῶν
691 1307 888 1393 Ἀγάμεμνον,

137 1415 168 1476 έν
183 1415 233 1476 σοὶ
247 1414 303 1493 μὲν
317 1411 411 1491 λήξω,
428 1410 482 1475 σέο
498 1410 524 1476 δ’
540 1411 676 1494 ἄρξομαι,
693 1414 800 1477 οὕνεκα
815 1418 941 1477 πολλῶν

135 1522 215 1579 λαῶν
231 1517 303 1579 ἐσσὶ
318 1515 397 1592 ἄναξ
410 1516 461 1578 καί
475 1541 522 1578 τοι
541 1515 616 1581 Ζεὺς
631 1515 794 1598 ἐγγυάλιξε

136 1620 288 1700 σκῆπτρόν
302 1616 329 1680 τ’
344 1619 397 1697 ἠδὲ
412 1617 566 1699 θέμιστας,
582 1621 633 1683 ἵνα
648 1621 741 1701 σφίσι
756 1619 961 1706 βουλεόησθα.

134 1725 173 1807 τῷ
190 1749 228 1786 σε
241 1722 300 1805 χρὴ
317 1720 386 1803 πέρι
399 1722 455 1802 μὲν
471 1721 589 1802 φάσθαι
605 1722 678 1789 έπος
692 1721 738 1802 ἠδ’
755 1725 931 1799 ἐπακοῦσαι,
1030 1721 1076 1783 ἰοο

134 1830 257 1906 κρηῆναι
272 1826 306 1889 δὲ
321 1825 370 1888 καὶ
385 1825 480 1909 άλλιρ,
497 1825 540 1889 ὅτ’
555 1825 593 1888 ἀν
607 1851 674 1891 τινα
690 1825 781 1906 θυμδς
796 1827 897 1912 ἀνάγῃ

134 1933 229 1994 εἰπεῖν
245 1931 288 1994 εἰς
303 1928 427 2010 ἀγαθόν·
447 1927 506 1990 σέο
522 1925 548 1992 δ’
564 1927 663 2008 ἕξεται
678 1931 742 1992 όττι
758 1956 809 1993 κεν
824 1930 911 2015 ἄρχῃ.

134 2033 224 2114 αὐτὰρ
240 2032 317 2113 έγδν
332 2029 405 2112 ἐρέω
421 2031 460 2097 ὥς
475 2057 527 2110 μοι
542 2034 624 2096 δοκεῖ
637 2033 715 2096 εἶναι
731 2032 848 2113 ἀριστα.

134 2137 166 2198 οὗ
182 2135 239 2218 γάρ
254 2159 300 2199 τις
315 2135 387 2198 νόον
402 2133 497 2199 ἀλλος
512 2135 655 2214 ἀμείνονα
670 2140 758 2198 τοῦδε
772 2133 886 2213 νοήσει,

133 2241 198 2302 οἶον
212 2238 271 2320 έγῶ
288 2235 374 2308 νοέω,
393 2237 468 2315 ἠμὲν
482 2236 578 2300 πάλαι
593 2235 640 2316 ἠδ’
656 2237 701 2301 έτι
717 2238 766 2301 καὶ
785 2242 846 2314 νῦν,
1027 2259 1074 2311 ¹05

133 2342 169 2422 ἐξ
182 2342 226 2406 ἔτι
240 2345 294 2403 τοῦ
309 2341 370 2412 ὅτε,
386 2338 530 2422 διογενές,
547 2339 695 2422 Βρισηίδα
710 2340 819 2422 κοόρην

131 2443 287 2529 χωομένου
304 2442 449 2526 Ἀχιλῆος
464 2443 540 2522 έβης
556 2445 715 2523 κλισίηθεν
729 2443 862 2525 ἀπούρας
909 2447 910 2455 ’

132 2550 165 2611 οὔ
180 2573 209 2611 τι
225 2544 292 2611 καθ’
307 2545 453 2626 ἡμέτερόν
466 2571 503 2627 γε
519 2546 599 2610 νόον·
622 2545 706 2626 μάλα
720 2546 779 2629 γάρ
793 2551 841 2609 τοι
857 2545 954 2628 έγωγε

131 2648 224 2716 πόλλ’
240 2649 462 2729 ἀπεμυθεόμην·
486 2648 525 2711 σδ
540 2651 572 2712 δὲ
588 2651 634 2733 σῷ
648 2647 833 2732 μεγαλήτορι
850 2649 932 2732 θυμῷ

132 2754 213 2834 εἴξας
228 2754 322 2833 ἀνδρα
336 2750 492 2832 φέριστον,
508 2749 543 2814 δν
559 2750 705 2814 ἀθάνατοί
719 2777 775 2833 περ
790 2751 906 2822 ἔτισαν,
1029 2776 1077 2811 110

130 2860 288 2938 ἠτίμησας·
313 2855 392 2918 ἑλῶν
406 2852 464 2935 γδρ
480 2852 562 2937 έχεις
576 2855 676 2937 γέρας·
699 2852 771 2918 ἀλλ’
786 2854 831 2917 έτι
847 2855 897 2918 καὶ
912 2858 965 2919 νῦν

131 2958 323 3043 φραζώμεσθ’
338 2958 378 3023 ῶς
394 2956 445 3020 κέν
458 2963 510 3036 μιν
525 2957 729 3039 ἀρεσσάμενοι
745 2959 919 3036 πεπίθωμεν

130 3066 273 3146 δώροισίν
289 3061 314 3123 τ’
329 3057 489 3142 ἀγαναῖσιν
504 3060 617 3124 έπεσσί
630 3085 663 3124 τε
677 3059 890 3142 μειλιχίοισι.”

171 3169 235 3233 Τδν
250 3163 278 3231 δ’
293 3164 363 3228 αὖτε
378 3161 559 3244 προσέειπεν
574 3161 652 3241 ἀναξ
665 3164 781 3247 ἀνδρῶν
795 3161 1003 3244 Ἀγαμέμνων·

130 3270 183 3335 “ὦ
198 3270 297 3354 γέρον,
314 3268 392 3331 οὔτι
409 3271 523 3348 ψεῦδος
539 3268 611 3346 ἔμας
626 3265 699 3332 άτας
714 3263 888 3342 κατέλεξας·
1031 3288 1076 3338 115

129 3374 281 3454 ἀασάμην,
297 3367 360 3434 οὐδ’
376 3368 464 3434 αὗτδς
479 3369 646 3451 ἀναίνομαι.
693 3370 761 3433 ἀντί
774 3393 809 3432 νυ
824 3374 949 3432 πολλῶν

127 3484 213 3543 λαῶν
228 3476 315 3540 ἐστὶν
331 3473 405 3553 ἀνὴρ
422 3472 458 3536 όν
471 3497 504 3534 τε
519 3471 594 3537 Ζεὺς
610 3474 676 3552 κῆρι
692 3468 822 3556 φιλήσῃ,

127 3582 169 3647 ὥς
182 3586 236 3645 νῦν
251 3584 358 3642 τοῦτον
373 3577 466 3649 ἔτισε,
483 3574 621 3656 δάμασσε
637 3575 670 3638 δὲ
685 3573 762 3639 λαδν
776 3572 920 3657 Ἀχαιῶν.

127 3684 201 3746 ἀλλ’
217 3683 285 3748 ἐπεὶ
300 3679 443 3760 ἀασάμην
458 3679 551 3760 φρεσὶ
566 3674 753 3762 λευγαλέῃσι
772 3676 913 3756 πιθήσας,
