<?xml version="1.0" encoding="UTF-8"?>
<!DOCTYPE html PUBLIC "-//W3C//DTD XHTML 1.0 Transitional//EN"
    "http://www.w3.org/TR/xhtml1/DTD/xhtml1-transitional.dtd">
<html xmlns="http://www.w3.org/1999/xhtml" xml:lang="en" lang="en">
 <head>
  <title>
</title>
<meta http-equiv="Content-Type" content="text/html;charset=utf-8" />
  <meta name='ocr-system' content='tesseract 3.04.00' />
  <meta name='ocr-capabilities' content='ocr_page ocr_carea ocr_par ocr_line ocrx_word'/>
</head>
<body>
  <div class='ocr_page' id='page_1' title='image "./homerioperaetre00homegoog_0459.png"; bbox 0 0 2848 4296; ppageno 0'>
   <div class='ocr_carea' id='block_1_1' title="bbox 571 447 1196 535">
    <p class='ocr_par' dir='ltr' id='par_1_1' title="bbox 571 447 1196 535">
     <span class='ocr_line' id='line_1_1' title="bbox 571 447 1196 535; baseline -0.003 -21"><span class='ocrx_word' id='word_1_1' title='bbox 571 447 622 514; x_wconf 66' lang='grc' dir='ltr'>τι.</span> <span class='ocrx_word' id='word_1_2' title='bbox 646 447 816 514; x_wconf 82' lang='grc' dir='ltr'><strong>ΙΛΙΑΔΟΣ</strong></span> <span class='ocrx_word' id='word_1_3' title='bbox 839 455 876 516; x_wconf 89' lang='lat' dir='ltr'>X.</span> <span class='ocrx_word' id='word_1_4' title='bbox 1131 467 1196 535; x_wconf 83' lang='lat'>445</span> 
     </span>
    </p>
   </div>
   <div class='ocr_carea' id='block_1_2' title="bbox 244 613 1196 3901">
    <p class='ocr_par' dir='ltr' id='par_1_2' title="bbox 244 613 1196 3901">
     <span class='ocr_line' id='line_1_2' title="bbox 245 613 1195 703; baseline -0.001 -21"><span class='ocrx_word' id='word_1_5' title='bbox 245 621 278 682; x_wconf 85' lang='grc' dir='ltr'>ἐκ</span> <span class='ocrx_word' id='word_1_6' title='bbox 296 619 372 686; x_wconf 88' lang='grc' dir='ltr'>Διάς</span> <span class='ocrx_word' id='word_1_7' title='bbox 387 619 489 698; x_wconf 79' lang='grc' dir='ltr'>ἠείδης</span> <span class='ocrx_word' id='word_1_8' title='bbox 505 619 557 684; x_wconf 87' lang='grc' dir='ltr'>τὸν</span> <span class='ocrx_word' id='word_1_9' title='bbox 574 620 646 700; x_wconf 88' lang='grc' dir='ltr'>ἐμδν</span> <span class='ocrx_word' id='word_1_10' title='bbox 660 619 763 703; x_wconf 85' lang='grc' dir='ltr'>μόρον·</span> <span class='ocrx_word' id='word_1_11' title='bbox 786 613 867 701; x_wconf 88' lang='grc' dir='ltr'>ήτοι</span> <span class='ocrx_word' id='word_1_12' title='bbox 883 622 961 703; x_wconf 92' lang='grc' dir='ltr'>ἔφης</span> <span class='ocrx_word' id='word_1_13' title='bbox 975 641 1021 703; x_wconf 87' lang='grc' dir='ltr'>γε·</span> <span class='ocrx_word' id='word_1_14' title='bbox 1146 634 1195 682; x_wconf 82' lang='grc' dir='ltr'>ι8ο</span> 
     </span>
     <span class='ocr_line' id='line_1_3' title="bbox 246 723 1027 805; baseline 0.001 -19"><span class='ocrx_word' id='word_1_15' title='bbox 246 723 328 786; x_wconf 88' lang='grc' dir='ltr'>ἀλλά</span> <span class='ocrx_word' id='word_1_16' title='bbox 343 750 388 789; x_wconf 91' lang='grc' dir='ltr'>τις</span> <span class='ocrx_word' id='word_1_17' title='bbox 405 723 547 805; x_wconf 74' lang='grc' dir='ltr'>ἀρτιεπὴς</span> <span class='ocrx_word' id='word_1_18' title='bbox 564 726 612 788; x_wconf 80' lang='grc' dir='ltr'>καὶ</span> <span class='ocrx_word' id='word_1_19' title='bbox 628 725 797 791; x_wconf 91' lang='grc' dir='ltr'>ἐπίκλοπος.</span> <span class='ocrx_word' id='word_1_20' title='bbox 809 725 902 790; x_wconf 84' lang='grc' dir='ltr'>ἔπλεο</span> <span class='ocrx_word' id='word_1_21' title='bbox 917 725 1027 805; x_wconf 88' lang='grc' dir='ltr'>μύθων,</span> 
     </span>
     <span class='ocr_line' id='line_1_4' title="bbox 247 825 992 909; baseline 0.001 -21"><span class='ocrx_word' id='word_1_22' title='bbox 247 829 327 909; x_wconf 87' lang='grc' dir='ltr'>ὄφρα</span> <span class='ocrx_word' id='word_1_23' title='bbox 343 825 372 888; x_wconf 89' lang='grc' dir='ltr'>σ’</span> <span class='ocrx_word' id='word_1_24' title='bbox 388 827 553 892; x_wconf 79' lang='grc' dir='ltr'>ὑποδείσας</span> <span class='ocrx_word' id='word_1_25' title='bbox 567 826 673 906; x_wconf 88' lang='grc' dir='ltr'>μένεος</span> <span class='ocrx_word' id='word_1_26' title='bbox 685 829 780 906; x_wconf 81' lang='grc' dir='ltr'>ἀλκῆς</span> <span class='ocrx_word' id='word_1_27' title='bbox 795 854 828 892; x_wconf 93' lang='grc' dir='ltr'>τε</span> <span class='ocrx_word' id='word_1_28' title='bbox 843 828 992 907; x_wconf 80' lang='grc' dir='ltr'>λάθωμαι.</span> 
     </span>
     <span class='ocr_line' id='line_1_5' title="bbox 247 925 1035 1016; baseline 0.005 -23"><span class='ocrx_word' id='word_1_29' title='bbox 247 931 281 993; x_wconf 84' lang='grc' dir='ltr'>οὐ</span> <span class='ocrx_word' id='word_1_30' title='bbox 294 928 351 1009; x_wconf 88' lang='grc' dir='ltr'>μέν</span> <span class='ocrx_word' id='word_1_31' title='bbox 366 955 418 1010; x_wconf 91' lang='grc' dir='ltr'>μοι</span> <span class='ocrx_word' id='word_1_32' title='bbox 434 930 579 1013; x_wconf 81' lang='grc' dir='ltr'>φεύγοντι</span> <span class='ocrx_word' id='word_1_33' title='bbox 592 925 770 1016; x_wconf 71' lang='grc' dir='ltr'>μεταφρένῳ</span> <span class='ocrx_word' id='word_1_34' title='bbox 787 934 820 997; x_wconf 80' lang='grc' dir='ltr'>έν</span> <span class='ocrx_word' id='word_1_35' title='bbox 835 932 905 1014; x_wconf 92' lang='grc' dir='ltr'>δόρυ</span> <span class='ocrx_word' id='word_1_36' title='bbox 921 929 1035 1010; x_wconf 81' lang='grc' dir='ltr'>πήξεις,</span> 
     </span>
     <span class='ocr_line' id='line_1_6' title="bbox 247 1033 962 1116; baseline 0.004 -20"><span class='ocrx_word' id='word_1_37' title='bbox 247 1033 315 1096; x_wconf 89' lang='grc' dir='ltr'>ἀλλ’</span> <span class='ocrx_word' id='word_1_38' title='bbox 333 1033 396 1100; x_wconf 81' lang='grc' dir='ltr'>ἰθὺς</span> <span class='ocrx_word' id='word_1_39' title='bbox 411 1039 545 1114; x_wconf 78' lang='grc' dir='ltr'>μεμαῶτι</span> <span class='ocrx_word' id='word_1_40' title='bbox 561 1037 611 1098; x_wconf 87' lang='grc' dir='ltr'>διά</span> <span class='ocrx_word' id='word_1_41' title='bbox 627 1033 800 1116; x_wconf 82' lang='grc' dir='ltr'>στήθεσφιν</span> <span class='ocrx_word' id='word_1_42' title='bbox 816 1035 962 1107; x_wconf 88' lang='grc' dir='ltr'>ἔλασσον,</span> 
     </span>
     <span class='ocr_line' id='line_1_7' title="bbox 248 1136 1194 1220; baseline 0 -20"><span class='ocrx_word' id='word_1_43' title='bbox 248 1139 275 1200; x_wconf 89' lang='grc' dir='ltr'>εἴ</span> <span class='ocrx_word' id='word_1_44' title='bbox 288 1162 334 1200; x_wconf 92' lang='grc' dir='ltr'>τοι</span> <span class='ocrx_word' id='word_1_45' title='bbox 351 1136 443 1201; x_wconf 90' lang='grc' dir='ltr'>ἔδωκε</span> <span class='ocrx_word' id='word_1_46' title='bbox 459 1137 536 1203; x_wconf 87' lang='grc' dir='ltr'>θεός·</span> <span class='ocrx_word' id='word_1_47' title='bbox 561 1143 615 1202; x_wconf 86' lang='grc' dir='ltr'>υῦν</span> <span class='ocrx_word' id='word_1_48' title='bbox 630 1138 692 1201; x_wconf 75' lang='grc' dir='ltr'>αὖτ’</span> <span class='ocrx_word' id='word_1_49' title='bbox 711 1140 784 1217; x_wconf 84' lang='grc' dir='ltr'>ἐμὸν</span> <span class='ocrx_word' id='word_1_50' title='bbox 800 1138 892 1220; x_wconf 67' lang='grc' dir='ltr'>ἔγχος</span> <span class='ocrx_word' id='word_1_51' title='bbox 907 1139 1014 1202; x_wconf 79' lang='grc' dir='ltr'>ἄλευαι</span> <span class='ocrx_word' id='word_1_52' title='bbox 1148 1152 1194 1214; x_wconf 84' lang='lat'>²85</span> 
     </span>
     <span class='ocr_line' id='line_1_8' title="bbox 246 1239 1010 1325; baseline 0.001 -22"><span class='ocrx_word' id='word_1_53' title='bbox 246 1239 389 1324; x_wconf 83' lang='grc' dir='ltr'>χάλκεον·</span> <span class='ocrx_word' id='word_1_54' title='bbox 414 1239 452 1306; x_wconf 79' lang='grc' dir='ltr'>ὡς</span> <span class='ocrx_word' id='word_1_55' title='bbox 468 1239 504 1318; x_wconf 91' lang='grc' dir='ltr'>δή</span> <span class='ocrx_word' id='word_1_56' title='bbox 519 1267 571 1320; x_wconf 89' lang='grc' dir='ltr'>μιν</span> <span class='ocrx_word' id='word_1_57' title='bbox 588 1247 632 1325; x_wconf 80' lang='grc' dir='ltr'>σῷ</span> <span class='ocrx_word' id='word_1_58' title='bbox 649 1245 683 1306; x_wconf 78' lang='grc' dir='ltr'>ἐν</span> <span class='ocrx_word' id='word_1_59' title='bbox 697 1243 768 1324; x_wconf 74' lang='grc' dir='ltr'>χροὶ</span> <span class='ocrx_word' id='word_1_60' title='bbox 782 1247 844 1305; x_wconf 78' lang='grc' dir='ltr'>πᾶν</span> <span class='ocrx_word' id='word_1_61' title='bbox 859 1242 1010 1321; x_wconf 89' lang='grc' dir='ltr'>κομίσαιο.</span> 
     </span>
     <span class='ocr_line' id='line_1_9' title="bbox 248 1344 1027 1428; baseline 0.001 -22"><span class='ocrx_word' id='word_1_62' title='bbox 248 1345 297 1407; x_wconf 89' lang='grc' dir='ltr'>καί</span> <span class='ocrx_word' id='word_1_63' title='bbox 313 1370 364 1407; x_wconf 89' lang='grc' dir='ltr'>κεν</span> <span class='ocrx_word' id='word_1_64' title='bbox 380 1345 585 1425; x_wconf 79' lang='grc' dir='ltr'>ἐλαφρότερος</span> <span class='ocrx_word' id='word_1_65' title='bbox 600 1344 734 1423; x_wconf 91' lang='grc' dir='ltr'>πόλεμος</span> <span class='ocrx_word' id='word_1_66' title='bbox 748 1345 892 1426; x_wconf 79' lang='grc' dir='ltr'>Τρώεσσι</span> <span class='ocrx_word' id='word_1_67' title='bbox 908 1344 1027 1428; x_wconf 78' lang='grc' dir='ltr'>γίνοιτο</span> 
     </span>
     <span class='ocr_line' id='line_1_10' title="bbox 248 1446 1109 1532; baseline 0.006 -23"><span class='ocrx_word' id='word_1_68' title='bbox 248 1453 314 1511; x_wconf 82' lang='grc' dir='ltr'>σεῖο</span> <span class='ocrx_word' id='word_1_69' title='bbox 330 1446 576 1528; x_wconf 86' lang='grc' dir='ltr'>καταφθιμένοιο·</span> <span class='ocrx_word' id='word_1_70' title='bbox 600 1447 639 1510; x_wconf 81' lang='grc' dir='ltr'>σὺ</span> <span class='ocrx_word' id='word_1_71' title='bbox 653 1446 712 1530; x_wconf 90' lang='grc' dir='ltr'>γάρ</span> <span class='ocrx_word' id='word_1_72' title='bbox 727 1455 820 1529; x_wconf 88' lang='grc' dir='ltr'>σφισι</span> <span class='ocrx_word' id='word_1_73' title='bbox 835 1452 920 1528; x_wconf 80' lang='grc' dir='ltr'>πῆμα</span> <span class='ocrx_word' id='word_1_74' title='bbox 934 1447 1109 1532; x_wconf 85' lang='grc' dir='ltr'>μέγιστον.”</span> 
     </span>
     <span class='ocr_line' id='line_1_11' title="bbox 286 1547 1099 1635; baseline 0.007 -23"><span class='ocrx_word' id='word_1_75' title='bbox 286 1549 331 1612; x_wconf 89' lang='grc' dir='ltr'><strong><em>Ἦ</em></strong></span> <span class='ocrx_word' id='word_1_76' title='bbox 345 1553 392 1634; x_wconf 82' lang='grc' dir='ltr'>ῥα,</span> <span class='ocrx_word' id='word_1_77' title='bbox 409 1548 457 1613; x_wconf 86' lang='grc' dir='ltr'>καὶ</span> <span class='ocrx_word' id='word_1_78' title='bbox 473 1551 660 1630; x_wconf 77' lang='grc' dir='ltr'>ἀμπεπαλὼν</span> <span class='ocrx_word' id='word_1_79' title='bbox 674 1547 772 1633; x_wconf 75' lang='grc' dir='ltr'>προίει</span> <span class='ocrx_word' id='word_1_80' title='bbox 788 1552 984 1634; x_wconf 84' lang='grc' dir='ltr'>δολιχόσκιον</span> <span class='ocrx_word' id='word_1_81' title='bbox 1000 1552 1099 1635; x_wconf 83' lang='grc' dir='ltr'>ἔγχος,</span> 
     </span>
     <span class='ocr_line' id='line_1_12' title="bbox 249 1652 1195 1737; baseline 0 -21"><span class='ocrx_word' id='word_1_82' title='bbox 249 1654 297 1717; x_wconf 85' lang='grc' dir='ltr'>καὶ</span> <span class='ocrx_word' id='word_1_83' title='bbox 311 1653 394 1734; x_wconf 84' lang='grc' dir='ltr'>βάλε</span> <span class='ocrx_word' id='word_1_84' title='bbox 409 1652 566 1732; x_wconf 69' lang='grc' dir='ltr'>Πηλεΐδαο</span> <span class='ocrx_word' id='word_1_85' title='bbox 580 1653 680 1734; x_wconf 90' lang='grc' dir='ltr'>μέσον.</span> <span class='ocrx_word' id='word_1_86' title='bbox 693 1654 787 1722; x_wconf 88' lang='grc' dir='ltr'>σάκος</span> <span class='ocrx_word' id='word_1_87' title='bbox 802 1655 864 1720; x_wconf 81' lang='grc' dir='ltr'>οὐδ’</span> <span class='ocrx_word' id='word_1_88' title='bbox 881 1654 1049 1737; x_wconf 82' lang='grc' dir='ltr'>ἀφάμαρτε·</span> <span class='ocrx_word' id='word_1_89' title='bbox 1148 1679 1195 1728; x_wconf 84' lang='lat'>290</span> 
     </span>
     <span class='ocr_line' id='line_1_13' title="bbox 248 1743 1124 1842; baseline 0.002 -23"><span class='ocrx_word' id='word_1_90' title='bbox 248 1761 322 1834; x_wconf 79' lang='grc' dir='ltr'>τῆλε</span> <span class='ocrx_word' id='word_1_91' title='bbox 337 1757 362 1822; x_wconf 91' lang='grc' dir='ltr'>δ’</span> <span class='ocrx_word' id='word_1_92' title='bbox 379 1757 582 1842; x_wconf 89' lang='grc' dir='ltr'>ἀπεπλάγχθη</span> <span class='ocrx_word' id='word_1_93' title='bbox 599 1743 712 1824; x_wconf 83' lang='grc' dir='ltr'>σάκεος</span> <span class='ocrx_word' id='word_1_94' title='bbox 723 1760 804 1841; x_wconf 83' lang='grc' dir='ltr'>δόρυ·</span> <span class='ocrx_word' id='word_1_95' title='bbox 827 1753 952 1842; x_wconf 85' lang='grc' dir='ltr'>χάσατο</span> <span class='ocrx_word' id='word_1_96' title='bbox 968 1757 994 1823; x_wconf 92' lang='grc' dir='ltr'>δ’</span> <span class='ocrx_word' id='word_1_97' title='bbox 1006 1756 1124 1839; x_wconf 81' lang='grc' dir='ltr'>Ἕκτωρ</span> 
     </span>
     <span class='ocr_line' id='line_1_14' title="bbox 248 1857 1143 1945; baseline 0.008 -23"><span class='ocrx_word' id='word_1_98' title='bbox 248 1861 310 1923; x_wconf 89' lang='grc' dir='ltr'>όττι</span> <span class='ocrx_word' id='word_1_99' title='bbox 326 1859 365 1944; x_wconf 83' lang='grc' dir='ltr'>ῥά</span> <span class='ocrx_word' id='word_1_100' title='bbox 380 1863 408 1923; x_wconf 84' lang='grc' dir='ltr'>οἱ</span> <span class='ocrx_word' id='word_1_101' title='bbox 424 1861 519 1940; x_wconf 82' lang='grc' dir='ltr'>βέλος</span> <span class='ocrx_word' id='word_1_102' title='bbox 536 1861 595 1925; x_wconf 83' lang='grc' dir='ltr'>ὠκὺ</span> <span class='ocrx_word' id='word_1_103' title='bbox 606 1863 739 1927; x_wconf 83' lang='grc' dir='ltr'>Ιἐτώσιον</span> <span class='ocrx_word' id='word_1_104' title='bbox 755 1863 868 1945; x_wconf 81' lang='grc' dir='ltr'>ἔκφυγε</span> <span class='ocrx_word' id='word_1_105' title='bbox 882 1859 993 1944; x_wconf 84' lang='grc' dir='ltr'>χειρός,</span> <span class='ocrx_word' id='word_1_106' title='bbox 1141 1857 1143 1864; x_wconf 13' lang='grc' dir='ltr'>ἔ</span> 
     </span>
     <span class='ocr_line' id='line_1_15' title="bbox 249 1962 1064 2048; baseline 0.004 -21"><span class='ocrx_word' id='word_1_107' title='bbox 249 1967 306 2042; x_wconf 83' lang='grc' dir='ltr'>στῆ</span> <span class='ocrx_word' id='word_1_108' title='bbox 321 1967 354 2027; x_wconf 82' lang='grc' dir='ltr'>δέ</span> <span class='ocrx_word' id='word_1_109' title='bbox 370 1962 559 2045; x_wconf 83' lang='grc' dir='ltr'>κατηφήσας,</span> <span class='ocrx_word' id='word_1_110' title='bbox 576 1963 638 2028; x_wconf 78' lang='grc' dir='ltr'>οὐδ’</span> <span class='ocrx_word' id='word_1_111' title='bbox 654 1965 724 2028; x_wconf 86' lang='grc' dir='ltr'>ἀλλ’</span> <span class='ocrx_word' id='word_1_112' title='bbox 741 1966 796 2048; x_wconf 82' lang='grc' dir='ltr'>ἔχε</span> <span class='ocrx_word' id='word_1_113' title='bbox 811 1967 949 2046; x_wconf 86' lang='grc' dir='ltr'>μείλινον</span> <span class='ocrx_word' id='word_1_114' title='bbox 964 1965 1064 2048; x_wconf 84' lang='grc' dir='ltr'>ἔγχος.</span> 
     </span>
     <span class='ocr_line' id='line_1_16' title="bbox 249 2061 1029 2152; baseline 0.006 -24"><span class='ocrx_word' id='word_1_115' title='bbox 249 2065 413 2148; x_wconf 81' lang='grc' dir='ltr'>Δηίφοβον</span> <span class='ocrx_word' id='word_1_116' title='bbox 428 2065 455 2129; x_wconf 89' lang='grc' dir='ltr'>δ’</span> <span class='ocrx_word' id='word_1_117' title='bbox 471 2066 575 2136; x_wconf 81' lang='grc' dir='ltr'>ἐκύλει</span> <span class='ocrx_word' id='word_1_118' title='bbox 590 2061 780 2132; x_wconf 84' lang='grc' dir='ltr'>λεύκόσπιδα</span> <span class='ocrx_word' id='word_1_119' title='bbox 794 2075 909 2152; x_wconf 85' lang='grc' dir='ltr'>μακρὸν</span> <span class='ocrx_word' id='word_1_120' title='bbox 924 2065 1029 2133; x_wconf 84' lang='grc' dir='ltr'>ἀύσας·</span> 
     </span>
     <span class='ocr_line' id='line_1_17' title="bbox 248 2169 1195 2255; baseline 0 -23"><span class='ocrx_word' id='word_1_121' title='bbox 248 2169 317 2255; x_wconf 75' lang='grc' dir='ltr'>ᾔτεέ</span> <span class='ocrx_word' id='word_1_122' title='bbox 330 2195 383 2250; x_wconf 91' lang='grc' dir='ltr'>μιν</span> <span class='ocrx_word' id='word_1_123' title='bbox 399 2171 473 2251; x_wconf 91' lang='grc' dir='ltr'>δόρυΙ</span> <span class='ocrx_word' id='word_1_124' title='bbox 483 2172 608 2251; x_wconf 88' lang='grc' dir='ltr'>μακρόν·</span> <span class='ocrx_word' id='word_1_125' title='bbox 632 2174 648 2234; x_wconf 84' lang='grc' dir='ltr'>ὁ</span> <span class='ocrx_word' id='word_1_126' title='bbox 664 2169 690 2236; x_wconf 81' lang='grc' dir='ltr'>δ’</span> <span class='ocrx_word' id='word_1_127' title='bbox 708 2173 742 2235; x_wconf 86' lang='grc' dir='ltr'>ού</span> <span class='ocrx_word' id='word_1_128' title='bbox 756 2175 788 2236; x_wconf 92' lang='grc' dir='ltr'>τί</span> <span class='ocrx_word' id='word_1_129' title='bbox 802 2172 975 2254; x_wconf 64' lang='grc' dir='ltr'>οἱέγγύθεν</span> <span class='ocrx_word' id='word_1_130' title='bbox 990 2171 1051 2250; x_wconf 83' lang='grc' dir='ltr'>ήευ·</span> <span class='ocrx_word' id='word_1_131' title='bbox 1150 2197 1195 2248; x_wconf 84' lang='lat'>295</span> 
     </span>
     <span class='ocr_line' id='line_1_18' title="bbox 244 2269 978 2392; baseline 0.004 -57"><span class='ocrx_word' id='word_1_132' title='bbox 244 2273 364 2353; x_wconf 85' lang='grc' dir='ltr'>Ἕκτωρ</span> <span class='ocrx_word' id='word_1_133' title='bbox 380 2269 406 2336; x_wconf 91' lang='grc' dir='ltr'>δ’</span> <span class='ocrx_word' id='word_1_134' title='bbox 426 2273 503 2355; x_wconf 84' lang='grc' dir='ltr'>ἔγνω</span> <span class='ocrx_word' id='word_1_135' title='bbox 519 2271 592 2360; x_wconf 77' lang='grc' dir='ltr'>ᾗσῖυ</span> <span class='ocrx_word' id='word_1_136' title='bbox 607 2276 652 2340; x_wconf 83' lang='grc' dir='ltr'>ἐνὶ</span> <span class='ocrx_word' id='word_1_137' title='bbox 667 2277 760 2392; x_wconf 79' lang='grc' dir='ltr'>φρεσὶ</span> <span class='ocrx_word' id='word_1_138' title='bbox 776 2274 922 2357; x_wconf 87' lang='grc' dir='ltr'>φόνησέν</span> <span class='ocrx_word' id='word_1_139' title='bbox 937 2293 978 2338; x_wconf 90' lang='grc' dir='ltr'>τε·</span> 
     </span>
     <span class='ocr_line' id='line_1_19' title="bbox 250 2375 1100 2461; baseline 0 -22"><span class='ocrx_word' id='word_1_140' title='bbox 250 2375 301 2439; x_wconf 78' lang='grc' dir='ltr'>“εδ</span> <span class='ocrx_word' id='word_1_141' title='bbox 317 2377 420 2449; x_wconf 89' lang='grc' dir='ltr'>πόποι,</span> <span class='ocrx_word' id='word_1_142' title='bbox 438 2375 456 2454; x_wconf 86' lang='grc' dir='ltr'>ή</span> <span class='ocrx_word' id='word_1_143' title='bbox 470 2375 554 2456; x_wconf 89' lang='grc' dir='ltr'>μάλα</span> <span class='ocrx_word' id='word_1_144' title='bbox 570 2376 606 2456; x_wconf 91' lang='grc' dir='ltr'>δή</span> <span class='ocrx_word' id='word_1_145' title='bbox 620 2379 739 2458; x_wconf 80' lang='grc' dir='ltr'>μεθεοὶ</span> <span class='ocrx_word' id='word_1_146' title='bbox 754 2378 918 2461; x_wconf 78' lang='grc' dir='ltr'>θάνατόνδε</span> <span class='ocrx_word' id='word_1_147' title='bbox 933 2377 1100 2442; x_wconf 87' lang='grc' dir='ltr'>κάλεσσαν</span> 
     </span>
     <span class='ocr_line' id='line_1_20' title="bbox 246 2472 993 2557; baseline 0.003 -19"><span class='ocrx_word' id='word_1_148' title='bbox 246 2475 409 2557; x_wconf 85' lang='grc' dir='ltr'>Δηίφοβον</span> <span class='ocrx_word' id='word_1_149' title='bbox 422 2474 480 2557; x_wconf 83' lang='grc' dir='ltr'>γὰρ</span> <span class='ocrx_word' id='word_1_150' title='bbox 496 2475 555 2556; x_wconf 83' lang='grc' dir='ltr'>ἑγό</span> <span class='ocrx_word' id='word_1_151' title='bbox 570 2474 598 2556; x_wconf 91' lang='grc' dir='ltr'>γ’</span> <span class='ocrx_word' id='word_1_152' title='bbox 615 2472 738 2554; x_wconf 79' lang='grc' dir='ltr'>ἐφάμην.</span> <span class='ocrx_word' id='word_1_153' title='bbox 748 2475 831 2556; x_wconf 85' lang='grc' dir='ltr'>ἥρωα</span> <span class='ocrx_word' id='word_1_154' title='bbox 845 2481 993 2557; x_wconf 83' lang='grc' dir='ltr'>παρεῖναι·</span> 
     </span>
     <span class='ocr_line' id='line_1_21' title="bbox 245 2574 1047 2659; baseline 0 -19"><span class='ocrx_word' id='word_1_155' title='bbox 245 2576 313 2640; x_wconf 88' lang='grc' dir='ltr'>ἀλλ’</span> <span class='ocrx_word' id='word_1_156' title='bbox 331 2579 347 2640; x_wconf 87' lang='grc' dir='ltr'>ὁ</span> <span class='ocrx_word' id='word_1_157' title='bbox 361 2578 418 2655; x_wconf 74' lang='grc' dir='ltr'>μὲν</span> <span class='ocrx_word' id='word_1_158' title='bbox 433 2579 468 2641; x_wconf 83' lang='grc' dir='ltr'>ἐν</span> <span class='ocrx_word' id='word_1_159' title='bbox 482 2577 594 2659; x_wconf 84' lang='grc' dir='ltr'>τείχει,Ι</span> <span class='ocrx_word' id='word_1_160' title='bbox 605 2578 658 2658; x_wconf 80' lang='grc' dir='ltr'>έμέ</span> <span class='ocrx_word' id='word_1_161' title='bbox 674 2575 700 2641; x_wconf 89' lang='grc' dir='ltr'>δ’</span> <span class='ocrx_word' id='word_1_162' title='bbox 715 2576 908 2656; x_wconf 85' lang='grc' dir='ltr'>ἐξαπάτησεν</span> <span class='ocrx_word' id='word_1_163' title='bbox 922 2574 1047 2656; x_wconf 82' lang='grc' dir='ltr'>Ἀθήνη.</span> 
     </span>
     <span class='ocr_line' id='line_1_22' title="bbox 246 2678 1192 2762; baseline -0.002 -19"><span class='ocrx_word' id='word_1_164' title='bbox 246 2685 297 2744; x_wconf 83' lang='grc' dir='ltr'>νῦν</span> <span class='ocrx_word' id='word_1_165' title='bbox 312 2681 344 2744; x_wconf 82' lang='grc' dir='ltr'>δέ</span> <span class='ocrx_word' id='word_1_166' title='bbox 360 2679 396 2758; x_wconf 79' lang='grc' dir='ltr'>δή</span> <span class='ocrx_word' id='word_1_167' title='bbox 413 2679 517 2762; x_wconf 77' lang='grc' dir='ltr'>ἐγγύθι</span> <span class='ocrx_word' id='word_1_168' title='bbox 531 2704 584 2759; x_wconf 91' lang='grc' dir='ltr'>μοι</span> <span class='ocrx_word' id='word_1_169' title='bbox 600 2679 729 2747; x_wconf 89' lang='grc' dir='ltr'>θάνατος</span> <span class='ocrx_word' id='word_1_170' title='bbox 745 2682 844 2756; x_wconf 84' lang='grc' dir='ltr'>κακός,</span> <span class='ocrx_word' id='word_1_171' title='bbox 860 2678 930 2744; x_wconf 81' lang='grc' dir='ltr'>οὐδέ</span> <span class='ocrx_word' id='word_1_172' title='bbox 944 2679 969 2743; x_wconf 91' lang='grc' dir='ltr'>τ’</span> <span class='ocrx_word' id='word_1_173' title='bbox 986 2680 1119 2759; x_wconf 83' lang='grc' dir='ltr'>ἄνευθεν,</span> <span class='ocrx_word' id='word_1_174' title='bbox 1144 2706 1192 2754; x_wconf 82' lang='lat'>300</span> 
     </span>
     <span class='ocr_line' id='line_1_23' title="bbox 246 2781 1020 2870; baseline 0.001 -25"><span class='ocrx_word' id='word_1_175' title='bbox 246 2783 305 2846; x_wconf 78' lang='grc' dir='ltr'>οὐδ’</span> <span class='ocrx_word' id='word_1_176' title='bbox 323 2782 408 2860; x_wconf 89' lang='grc' dir='ltr'>ἀλέη·</span> <span class='ocrx_word' id='word_1_177' title='bbox 433 2782 452 2862; x_wconf 88' lang='grc' dir='ltr'>ή</span> <span class='ocrx_word' id='word_1_178' title='bbox 466 2781 525 2865; x_wconf 89' lang='grc' dir='ltr'>γάρ</span> <span class='ocrx_word' id='word_1_179' title='bbox 538 2785 577 2865; x_wconf 83' lang='grc' dir='ltr'>ῥα</span> <span class='ocrx_word' id='word_1_180' title='bbox 592 2781 689 2870; x_wconf 87' lang='grc' dir='ltr'>πάλαι</span> <span class='ocrx_word' id='word_1_181' title='bbox 703 2785 789 2866; x_wconf 86' lang='grc' dir='ltr'>τόγε</span> <span class='ocrx_word' id='word_1_182' title='bbox 804 2785 951 2865; x_wconf 88' lang='grc' dir='ltr'>φίλτερον</span> <span class='ocrx_word' id='word_1_183' title='bbox 967 2783 1020 2862; x_wconf 87' lang='grc' dir='ltr'>ήεν</span> 
     </span>
     <span class='ocr_line' id='line_1_24' title="bbox 247 2885 1045 2972; baseline -0.003 -24"><span class='ocrx_word' id='word_1_184' title='bbox 247 2887 322 2965; x_wconf 93' lang='grc' dir='ltr'>Ζηνί</span> <span class='ocrx_word' id='word_1_185' title='bbox 336 2912 369 2949; x_wconf 91' lang='grc' dir='ltr'>τε</span> <span class='ocrx_word' id='word_1_186' title='bbox 386 2887 434 2949; x_wconf 80' lang='grc' dir='ltr'>καὶ</span> <span class='ocrx_word' id='word_1_187' title='bbox 451 2885 525 2951; x_wconf 88' lang='grc' dir='ltr'>Διὸς</span> <span class='ocrx_word' id='word_1_188' title='bbox 544 2889 586 2950; x_wconf 78' lang='grc' dir='ltr'>υἷι</span> <span class='ocrx_word' id='word_1_189' title='bbox 602 2889 752 2972; x_wconf 79' lang='grc' dir='ltr'>ἑκηβόλῳ,</span> <span class='ocrx_word' id='word_1_190' title='bbox 770 2889 801 2951; x_wconf 84' lang='grc' dir='ltr'>οἵ</span> <span class='ocrx_word' id='word_1_191' title='bbox 813 2914 851 2967; x_wconf 87' lang='grc' dir='ltr'>με</span> <span class='ocrx_word' id='word_1_192' title='bbox 867 2885 963 2969; x_wconf 90' lang='grc' dir='ltr'>πάρος</span> <span class='ocrx_word' id='word_1_193' title='bbox 976 2912 1012 2969; x_wconf 94' lang='grc' dir='ltr'>γε</span> <span class='ocrx_word' id='word_1_194' title='bbox 1044 2943 1045 2946; x_wconf 74' lang='grc'>,</span> 
     </span>
     <span class='ocr_line' id='line_1_25' title="bbox 247 2989 1019 3076; baseline 0 -24"><span class='ocrx_word' id='word_1_195' title='bbox 247 2991 414 3070; x_wconf 88' lang='grc' dir='ltr'>πρόφρονες</span> <span class='ocrx_word' id='word_1_196' title='bbox 431 2990 557 3069; x_wconf 79' lang='grc' dir='ltr'>εἰρύατο·</span> <span class='ocrx_word' id='word_1_197' title='bbox 582 2995 634 3054; x_wconf 81' lang='grc' dir='ltr'>νῦν</span> <span class='ocrx_word' id='word_1_198' title='bbox 647 2990 721 3076; x_wconf 54' lang='grc' dir='ltr'>γαδτέ</span> <span class='ocrx_word' id='word_1_199' title='bbox 734 3017 772 3072; x_wconf 90' lang='grc' dir='ltr'>με</span> <span class='ocrx_word' id='word_1_200' title='bbox 786 2996 877 3072; x_wconf 84' lang='grc' dir='ltr'>μοῖρα</span> <span class='ocrx_word' id='word_1_201' title='bbox 892 2989 1019 3073; x_wconf 91' lang='grc' dir='ltr'>κιχάνει.</span> 
     </span>
     <span class='ocr_line' id='line_1_26' title="bbox 246 3087 963 3175; baseline 0.001 -20"><span class='ocrx_word' id='word_1_202' title='bbox 246 3092 286 3171; x_wconf 79' lang='grc' dir='ltr'>μή</span> <span class='ocrx_word' id='word_1_203' title='bbox 300 3095 360 3171; x_wconf 85' lang='grc' dir='ltr'>μάν</span> <span class='ocrx_word' id='word_1_204' title='bbox 376 3093 508 3156; x_wconf 89' lang='grc' dir='ltr'>ἀσπουδί</span> <span class='ocrx_word' id='word_1_205' title='bbox 519 3119 559 3175; x_wconf 67' lang='grc' dir='ltr'>’γε</span> <span class='ocrx_word' id='word_1_206' title='bbox 575 3087 767 3160; x_wconf 78' lang='grc' dir='ltr'>καὶάκλειῶς</span> <span class='ocrx_word' id='word_1_207' title='bbox 781 3094 963 3173; x_wconf 84' lang='grc' dir='ltr'>ἀπολοίμην,</span> 
     </span>
     <span class='ocr_line' id='line_1_27' title="bbox 247 3193 1193 3278; baseline 0 -21"><span class='ocrx_word' id='word_1_208' title='bbox 247 3196 329 3258; x_wconf 83' lang='grc' dir='ltr'>ἀλλά</span> <span class='ocrx_word' id='word_1_209' title='bbox 342 3194 422 3278; x_wconf 80' lang='grc' dir='ltr'>μέγα</span> <span class='ocrx_word' id='word_1_210' title='bbox 436 3194 525 3278; x_wconf 81' lang='grc' dir='ltr'>ῥέξας</span> <span class='ocrx_word' id='word_1_211' title='bbox 542 3219 570 3258; x_wconf 89' lang='grc' dir='ltr'>τι</span> <span class='ocrx_word' id='word_1_212' title='bbox 587 3197 636 3260; x_wconf 86' lang='grc' dir='ltr'>καὶ</span> <span class='ocrx_word' id='word_1_213' title='bbox 652 3195 852 3276; x_wconf 89' lang='grc' dir='ltr'>ἐσσομένοισι</span> <span class='ocrx_word' id='word_1_214' title='bbox 867 3193 1048 3260; x_wconf 89' lang='grc' dir='ltr'>πυθέσθαι.”</span> <span class='ocrx_word' id='word_1_215' title='bbox 1146 3222 1193 3271; x_wconf 77' lang='lat'>305</span> 
     </span>
     <span class='ocr_line' id='line_1_28' title="bbox 282 3296 1011 3381; baseline 0.005 -23"><span class='ocrx_word' id='word_1_216' title='bbox 282 3296 346 3364; x_wconf 82' lang='grc' dir='ltr'>Ὦς</span> <span class='ocrx_word' id='word_1_217' title='bbox 360 3298 418 3380; x_wconf 85' lang='grc' dir='ltr'>ἀρα</span> <span class='ocrx_word' id='word_1_218' title='bbox 432 3297 580 3380; x_wconf 90' lang='grc' dir='ltr'>φωνήσας</span> <span class='ocrx_word' id='word_1_219' title='bbox 595 3299 755 3379; x_wconf 76' lang='grc' dir='ltr'>εἰρύσσατο</span> <span class='ocrx_word' id='word_1_220' title='bbox 770 3298 934 3381; x_wconf 88' lang='grc' dir='ltr'>φάσγανον</span> <span class='ocrx_word' id='word_1_221' title='bbox 948 3297 1011 3378; x_wconf 74' lang='grc' dir='ltr'>ὀξύ,</span> 
     </span>
     <span class='ocr_line' id='line_1_29' title="bbox 247 3401 1041 3485; baseline 0.003 -21"><span class='ocrx_word' id='word_1_222' title='bbox 247 3402 283 3464; x_wconf 95' lang='grc' dir='ltr'>τό</span> <span class='ocrx_word' id='word_1_223' title='bbox 297 3403 325 3463; x_wconf 83' lang='grc' dir='ltr'>οἶ</span> <span class='ocrx_word' id='word_1_224' title='bbox 340 3402 398 3465; x_wconf 85' lang='grc' dir='ltr'>ὑπὸ</span> <span class='ocrx_word' id='word_1_225' title='bbox 413 3401 555 3483; x_wconf 88' lang='grc' dir='ltr'>λαπάρην</span> <span class='ocrx_word' id='word_1_226' title='bbox 569 3401 675 3465; x_wconf 87' lang='grc' dir='ltr'>τέτατο</span> <span class='ocrx_word' id='word_1_227' title='bbox 690 3402 769 3485; x_wconf 83' lang='grc' dir='ltr'>μέγα</span> <span class='ocrx_word' id='word_1_228' title='bbox 783 3428 816 3466; x_wconf 88' lang='grc' dir='ltr'>τε</span> <span class='ocrx_word' id='word_1_229' title='bbox 833 3403 983 3483; x_wconf 91' lang='grc' dir='ltr'>στιβαρόν</span> <span class='ocrx_word' id='word_1_230' title='bbox 998 3427 1041 3474; x_wconf 85' lang='grc' dir='ltr'>τε,</span> 
     </span>
     <span class='ocr_line' id='line_1_30' title="bbox 248 3503 935 3588; baseline 0.007 -22"><span class='ocrx_word' id='word_1_231' title='bbox 248 3506 372 3585; x_wconf 84' lang='grc' dir='ltr'>οἴμησεν</span> <span class='ocrx_word' id='word_1_232' title='bbox 387 3508 419 3571; x_wconf 80' lang='grc' dir='ltr'>δέ</span> <span class='ocrx_word' id='word_1_233' title='bbox 435 3508 521 3574; x_wconf 85' lang='grc' dir='ltr'>ἀλεὶς</span> <span class='ocrx_word' id='word_1_234' title='bbox 538 3507 578 3573; x_wconf 85' lang='grc' dir='ltr'>ὥς</span> <span class='ocrx_word' id='word_1_235' title='bbox 593 3503 619 3568; x_wconf 87' lang='grc' dir='ltr'>τ’</span> <span class='ocrx_word' id='word_1_236' title='bbox 636 3505 734 3571; x_wconf 80' lang='grc' dir='ltr'>αἰετὸς</span> <span class='ocrx_word' id='word_1_237' title='bbox 748 3504 935 3588; x_wconf 73' lang='grc' dir='ltr'>ὑψιπετήεις,</span> 
     </span>
     <span class='ocr_line' id='line_1_31' title="bbox 249 3608 953 3692; baseline 0.004 -21"><span class='ocrx_word' id='word_1_238' title='bbox 249 3609 281 3674; x_wconf 86' lang='grc' dir='ltr'>ἀς</span> <span class='ocrx_word' id='word_1_239' title='bbox 296 3611 321 3673; x_wconf 86' lang='grc' dir='ltr'>τ’</span> <span class='ocrx_word' id='word_1_240' title='bbox 341 3611 419 3675; x_wconf 87' lang='grc' dir='ltr'>εἶσιν</span> <span class='ocrx_word' id='word_1_241' title='bbox 434 3611 573 3676; x_wconf 90' lang='grc' dir='ltr'>πεδίονδε</span> <span class='ocrx_word' id='word_1_242' title='bbox 588 3612 638 3674; x_wconf 85' lang='grc' dir='ltr'>διδ</span> <span class='ocrx_word' id='word_1_243' title='bbox 653 3608 770 3691; x_wconf 90' lang='grc' dir='ltr'>νεφέων</span> <span class='ocrx_word' id='word_1_244' title='bbox 785 3611 953 3692; x_wconf 80' lang='grc' dir='ltr'>ἐρεβεννῶν</span> 
     </span>
     <span class='ocr_line' id='line_1_32' title="bbox 248 3710 1196 3796; baseline 0.002 -22"><span class='ocrx_word' id='word_1_245' title='bbox 248 3713 389 3795; x_wconf 79' lang='grc' dir='ltr'>ἁρπάξων</span> <span class='ocrx_word' id='word_1_246' title='bbox 403 3713 422 3795; x_wconf 82' lang='grc' dir='ltr'>ἢ</span> <span class='ocrx_word' id='word_1_247' title='bbox 440 3714 505 3795; x_wconf 79' lang='grc' dir='ltr'>ἄρν’</span> <span class='ocrx_word' id='word_1_248' title='bbox 521 3714 641 3794; x_wconf 75' lang='grc' dir='ltr'>ἀμαλὴν</span> <span class='ocrx_word' id='word_1_249' title='bbox 656 3710 674 3792; x_wconf 79' lang='grc' dir='ltr'>ἢ</span> <span class='ocrx_word' id='word_1_250' title='bbox 690 3719 794 3777; x_wconf 83' lang='grc' dir='ltr'>πτῶκα</span> <span class='ocrx_word' id='word_1_251' title='bbox 808 3714 940 3796; x_wconf 88' lang='grc' dir='ltr'>λαγωόν·</span> <span class='ocrx_word' id='word_1_252' title='bbox 1147 3739 1196 3787; x_wconf 76' lang='lat'>310</span> 
     </span>
     <span class='ocr_line' id='line_1_33' title="bbox 249 3815 971 3901; baseline 0.003 -21"><span class='ocrx_word' id='word_1_253' title='bbox 249 3818 287 3883; x_wconf 82' lang='grc' dir='ltr'>ὣς</span> <span class='ocrx_word' id='word_1_254' title='bbox 299 3817 417 3901; x_wconf 84' lang='grc' dir='ltr'>Ἕκτωρ</span> <span class='ocrx_word' id='word_1_255' title='bbox 432 3819 542 3900; x_wconf 81' lang='grc' dir='ltr'>οἴμησε</span> <span class='ocrx_word' id='word_1_256' title='bbox 559 3817 714 3884; x_wconf 87' lang='grc' dir='ltr'>τινάσσων</span> <span class='ocrx_word' id='word_1_257' title='bbox 730 3817 891 3901; x_wconf 85' lang='grc' dir='ltr'>φάσγανον</span> <span class='ocrx_word' id='word_1_258' title='bbox 908 3815 971 3898; x_wconf 78' lang='grc' dir='ltr'>ὀξύ.</span> 
     </span>
    </p>
   </div>
   <div class='ocr_carea' id='block_1_3' title="bbox 0 0 1431 4296">
    <p class='ocr_par' dir='ltr' id='par_1_3' title="bbox 0 0 1431 4296">
     <span class='ocr_line' id='line_1_34' title="bbox 0 0 1431 4296; baseline 0 0"><span class='ocrx_word' id='word_1_259' title='bbox 0 0 1431 4296; x_wconf 95' lang='lat' dir='ltr'> </span> 
     </span>
    </p>
   </div>
  </div>
 </body>
</html>
