2908 4232
539 837 939 914 ΟΔΥΣΣΕΙΑΣ
993 839 1039 912 Δ.

682 1087 869 1096 ——.

587 1215 640 1289 Τὰ
666 1219 704 1290 έν
728 1208 983 1312 Λακεδαίμονι.

318 1420 359 1481 Οἱ
375 1415 399 1481 δ’
415 1415 481 1495 ἷξον
498 1419 602 1496 κοίλην
618 1419 828 1496 Λακεδαίμονα
844 1419 1031 1497 κητώεσσαν,

314 1520 387 1602 πρδς
406 1521 430 1585 δ’
448 1521 504 1602 ἄρα
520 1522 628 1599 δείματ’
646 1523 725 1586 ἔλων
741 1523 901 1587 Μενελάου
918 1521 1100 1601 κυδαλίμοιο.

313 1625 366 1690 τὸν
381 1625 406 1689 δ’
423 1625 509 1707 εὖρον
524 1626 663 1690 δαινύντα
679 1624 776 1708 γόμον
791 1631 956 1690 πολλοῖσιν
972 1627 1076 1712 ἔτῃσιν

312 1728 393 1796 υἱέος
408 1729 459 1807 ἠδὲ
477 1733 624 1812 θυγατρὸς
638 1730 787 1810 ἀμύμονος
802 1727 827 1814 ᾧ
843 1727 888 1794 ἑνὶ
902 1731 984 1813 οἴκῳ.

224 1823 227 1828 ’
314 1834 368 1911 τῆν
382 1835 438 1912 μὲν
451 1831 619 1916 Ἀχιλλῆος
629 1831 793 1915 ῥηξήνορος
808 1833 868 1897 υἱέϊ
882 1834 1008 1911 πέμπεν·
1248 1858 1263 1908 5

314 1935 347 1996 ἐν
362 1932 454 2018 Τροίῃ
470 1932 528 2014 γὰρ
542 1938 660 2013 πρῶτον
674 1933 827 2017 ὑπέσχετο
844 1929 892 1996 καὶ
909 1932 1070 1997 κατένευσε

314 2037 489 2115 δωσέμεναι,
506 2041 606 2100 τοῖσιν
621 2040 654 2100 δὲ
669 2035 733 2101 θεοὶ
747 2035 846 2120 γάμον
860 2035 1037 2115 ἐξετέλειον.

313 2139 368 2219 τῆν
383 2137 427 2220 ἄρ’
445 2139 462 2201 ό
477 2138 504 2222 γ’
523 2140 584 2205 ἔνθ’
600 2142 722 2205 ἵπποισι
740 2141 788 2204 καὶ
804 2139 916 2221 άρμασι
932 2139 1031 2219 πέμπε
1046 2137 1165 2204 νέεσθαι

316 2243 513 2325 Μυρμιδόνων
529 2246 616 2325 προτὶ
631 2243 708 2307 άστυ
722 2245 911 2325 περικλυτόν,
929 2246 1010 2308 οἶσιν
1026 2243 1171 2310 ἄνασσεν.

314 2345 374 2410 υἱέϊ
389 2348 421 2410 δὲ
438 2346 614 2427 Σπάρτηθεν
628 2347 805 2429 Ἀλέκτορος
821 2345 912 2430 ἤγετο
926 2349 1044 2429 κούρην,
1232 2374 1264 2411 10

315 2451 348 2517 ὅς
363 2453 391 2514 οἱ
406 2451 569 2532 τηλύγετος
585 2450 689 2534 γένετο
706 2451 843 2532 κρατερὸς
863 2451 1064 2534 Μεγαπένθης

315 2555 348 2616 έκ
364 2553 482 2631 δούλης·
504 2551 614 2640 Ἑλένῃ
631 2555 663 2618 δὲ
677 2556 744 2618 θεοὶ
758 2556 850 2637 γόνον
866 2555 960 2620 οὐκέτ’
977 2555 1111 2635 ἔφαινον,

315 2658 380 2721 ἐπεὶ
395 2656 431 2736 δῆ
447 2663 481 2720 τδ
498 2664 615 2738 πρῶτον
631 2658 764 2738 ἐγείνατο
779 2658 860 2722 παῖδ’
876 2655 1038 2737 έρατεινῆν,

198 2843 201 2852 Α
314 2757 485 2840 Ἑρμιόνην,
500 2758 518 2839 ῆ
535 2761 614 2828 εἶδος
631 2762 684 2844 έχε
699 2761 830 2844 χρυσέης
846 2761 1034 2842 Ἀφροδίτης.

351 2861 415 2929 Ὧς
430 2867 458 2928 οἱ
473 2867 528 2945 μὲν
543 2864 681 2929 δαίνυντο
697 2865 762 2930 καθ’
776 2865 929 2946 ὑψερεφὲς
944 2862 1023 2947 μέγα
1038 2869 1121 2942 δῶμα
1233 2891 1264 2942 15

315 2970 448 3049 γείτονες
463 2968 515 3047 ῆδὲ
531 2969 594 3032 ἔται
611 2967 771 3032 Μενελάου
788 2967 972 3045 κυδαλίμοιο,

315 3072 499 3151 τερπόμενοι·
522 3075 599 3152 μετὰ
614 3073 647 3136 δέ
665 3063 742 3153 σςόιν
758 3069 905 3151 έμέλπετο
921 3076 1002 3137 θεῖος
1016 3071 1116 3138 ἀοιδὸς

316 3175 478 3256 φορμίζων·
502 3176 572 3238 δοιιδ
588 3178 619 3239 δὲ
633 3178 834 3257 κυβιστητῆρε
850 3172 912 3239 κατ’
928 3174 1032 3242 αὐτοὺς

314 3281 433 3358 μολπῆς
448 3277 626 3361 έξόρχοντος
643 3281 774 3344 ἐδίνευον
789 3281 864 3342 κατὰ
877 3277 1020 3357 μέσσους.

358 3382 409 3444 Τὼ
425 3378 450 3444 δ’
468 3379 530 3444 αὖτ’
545 3383 577 3446 έν
592 3383 767 3465 προθύροισι
783 3384 881 3463 δόμων
897 3381 974 3445 αὐτό
990 3407 1022 3447 τε
1038 3380 1086 3446 καὶ
1101 3385 1193 3463 ίππω,
1233 3411 1265 3446 20

315 3483 496 3568 Τηλέμαχός
512 3482 538 3548 θ’
552 3485 631 3567 ἥρως
647 3485 696 3548 καὶ
714 3483 869 3566 Νέστορος
885 3486 1000 3567 ἀγλαὸς
1014 3488 1089 3565 οἶός,

316 3589 443 3665 στῆσαν·
476 3588 541 3652 όδέ
557 3588 720 3669 προμολὼν
737 3591 817 3651 ίδετο
835 3590 940 3670 κρείων
955 3588 1127 3668 Ἐτεωνεύς,

316 3691 437 3772 ότρηρδς
453 3691 590 3772 θεράπων
607 3689 767 3755 Μενελάου
783 3695 967 3776 κυδαλίμοιο,
