2848 4296
553 367 604 414 ιι.
630 353 800 412 ΙΛΙΑΔΟΣ
823 353 861 413 X.
1113 367 1177 430 443

225 531 245 560 “
258 529 309 586 νῦν
328 523 364 602 δη
381 521 436 587 νῶί
449 521 477 604 γ’
495 521 601 597 ἔολπα,
619 521 737 601 διίφιλε
752 514 871 600 φαίδιμ’
886 519 1045 601 Ἀχιλλεῖ,

226 629 368 690 οἴσεσθαι
382 625 460 708 μέγα
477 629 563 691 κΰδος
578 623 735 707 Ἀχαιοῖσι
750 624 838 702 προτὶ
855 625 936 702 νῆας,

220 728 353 811 Ἕκτορα
369 729 525 814 δῃώσαντε
538 726 639 810 μάχης
654 727 727 790 ἃτόν
742 752 799 806 περ
815 726 912 790 ἐόντα.

225 834 259 896 ού
274 835 303 896 οἱ
319 838 372 897 νῦν
388 833 432 895 ἔτι
447 829 475 914 γ’
493 830 559 894 ἔστι
577 829 774 912 πεφυγμένον
790 829 869 910 άμμε
882 828 1036 912 γενέσθαι,

225 934 286 1000 οὐδ’
302 938 332 1000 εί
346 961 397 999 κεν
411 933 495 1015 μάλα
510 937 613 998 πολλὰ
629 933 721 997 πάθοι
738 931 878 1015 ἑκάεργος
892 933 1058 998 Ἀπόλλων
1129 959 1176 996 220

225 1039 555 1122 προπροκυλινδόμενος
570 1029 682 1119 πατρὸς
698 1036 773 1102 Διὸς
792 1037 952 1119 αἰγιόχοιο.

226 1146 307 1207 ἀλλὰ
323 1144 361 1206 σδ
375 1145 432 1223 μὲν
448 1149 500 1207 νῦν
517 1146 606 1221 στῆθι
623 1139 671 1206 καὶ
686 1141 811 1220 ἄμπνυε,
828 1143 915 1204 τόνδε
930 1141 955 1204 δ’
972 1141 1032 1223 έγώ
1047 1165 1094 1204 τοι

226 1246 368 1330 οἰχομένη
384 1245 543 1326 πεπιθήσω
563 1245 737 1325 ἐναντίβιον
751 1244 974 1330 μαχέσασθαι.”

262 1350 325 1418 Ὣς
340 1349 412 1432 φάτ’
427 1350 581 1430 Ἀθηναίη,
600 1352 616 1412 ό
632 1349 656 1413 δ’
675 1350 822 1422 ἐπείθετο,
837 1354 926 1431 χαῖρε
941 1351 974 1412 δὲ
989 1351 1082 1431 θυμῷ,

226 1459 283 1533 στῆ
299 1455 323 1517 δ’
341 1453 386 1536 ἄρ’
404 1455 452 1518 ἐπὶ
467 1453 575 1533 μἐλίης
590 1452 842 1535 χαλκογλώχινος
858 1452 1015 1534 ἐρεισθείς.
1127 1477 1173 1528 ²²5

225 1557 244 1635 ἡ
260 1559 287 1620 δ’
303 1558 361 1637 ἄρα
373 1555 427 1619 τὸν
440 1559 497 1636 μὲν
512 1556 625 1628 ἔλειπε,
643 1554 791 1638 κιχήσατο
807 1555 834 1620 δ’
845 1555 978 1638 Ἕκτορα
992 1561 1057 1620 δῖον

227 1662 379 1744 Δηϊφόβῳ
396 1662 491 1722 έϊκυῖα
507 1658 598 1738 δέμας
614 1660 662 1721 καὶ
678 1658 797 1741 ἀτειρέα
813 1659 929 1740 φωνήν·

226 1766 322 1846 άγχοῦ
337 1760 363 1826 δ’
379 1761 524 1842 ἱσταμένη
541 1761 617 1824 ἔπεα
630 1761 795 1842 πτερόεντα
810 1753 974 1845 προσηύδα·

226 1873 244 1905 “
258 1867 342 1946 ἠθεῖ’,
358 1864 385 1944 ἡ
391 1863 475 1946 μάλα
490 1862 526 1942 δή
543 1889 580 1928 σε
598 1864 737 1944 βιάζεται
753 1866 828 1932 ὠκδς
842 1866 1016 1950 Ἀχιλλεύς,

226 1970 303 2034 άστυ
318 1967 386 2050 πέρι
402 1965 552 2049 Πριάμοιο
568 1966 661 2031 ποσὶν
675 1968 824 2053 ταχέεσσι
840 1972 964 2036 διώκων·
1128 1997 1175 2044 230

227 2072 295 2138 ἀλλ’
313 2072 368 2154 άγε
384 2072 420 2150 δὴ
437 2069 572 2150 στέωμεν
588 2069 637 2134 καὶ
652 2071 852 2152 ἀλεξώμεσθα
867 2073 1035 2149 μένοντες.”

268 2176 333 2255 Τὴν
349 2175 374 2239 δ’
391 2174 461 2239 αὖτε
479 2173 644 2258 προσέειπε
659 2174 754 2257 μέγας
770 2179 968 2257 κορυθαίολος
979 2177 1109 2259 Ἕκτωρ·

228 2285 244 2316 “
258 2279 406 2362 Δηΐφοβ’,
422 2279 441 2359 ή
455 2279 512 2359 μέν
525 2303 577 2358 μοι
598 2279 632 2342 τὸ
647 2278 742 2360 πόρος
757 2281 837 2344 πολὺ
852 2282 1001 2363 φίλτατος
1016 2281 1096 2361 ήσθα

226 2390 358 2466 γνωτῶν,
378 2381 427 2449 οδς
443 2383 562 2462 Ἑκάβη
578 2383 631 2463 ἠδὲ
648 2386 785 2466 Πρίαμος
800 2385 868 2449 τέκε
883 2390 1001 2452 παῖδας·

226 2492 278 2550 νῦν
293 2486 318 2550 δ’
335 2488 380 2550 ἔτι
397 2488 446 2551 καὶ
460 2491 581 2567 μᾶλλον
595 2487 671 2551 νοέω
686 2485 780 2569 φρεσὶ
795 2487 992 2568 τιμήσασθαι,
1128 2515 1173 2566 ²35

228 2587 260 2654 ὃς
275 2589 365 2668 ἔτλης
380 2593 451 2668 έμεΰ
466 2590 566 2671 εἵνεκ’,
583 2593 648 2656 ἐπεὶ
664 2593 726 2658 ῖδες
742 2593 940 2673 ὀφθαλμοῖσι,

227 2693 343 2775 τείχεος
358 2692 504 2773 ἐξελθεῖν,
521 2695 613 2758 ἄλλοι
629 2693 654 2759 δ’
672 2691 798 2759 ἔντοσθε
813 2694 966 2775 μένουσι.”

268 2796 331 2860 Τὸν
346 2796 372 2860 δ’
389 2796 460 2861 αὖτε
475 2797 640 2878 προσέειπε
656 2801 709 2862 θεδ
723 2805 898 2881 γλαυκῶπις
913 2795 1038 2879 Ἀθήνη·

228 2903 243 2931 “
255 2899 339 2977 ήθεῖ,
355 2899 373 2978 ἦ
387 2902 443 2980 μέν
457 2901 560 2964 πολλὰ
575 2902 674 2983 πατὴρ
690 2903 738 2965 καὶ
754 2904 862 2966 πότνια
876 2902 973 2984 μήτηρ
1000 2981 1003 2986 1

227 3003 366 3066 λίσσονθ’
384 3002 481 3083 ἑξείης
496 2991 699 3086 γουνούμενοι,
718 3007 795 3086 ἀμφὶ
810 3005 835 3069 δ’
853 3010 972 3088 ἑταῖροι,
1128 3035 1174 3084 ²40

227 3105 294 3168 αὖθι
309 3105 420 3185 μένεἰν·
444 3112 527 3170 τοῖον
541 3108 600 3190 γὰρ
615 3108 853 3189 ὑποτρομέουσιν
868 3109 1007 3176 ἅπαντες·

226 3209 296 3272 ἀλλ’
314 3213 385 3288 ἐμὸς
400 3211 501 3275 ἔνδοθι
517 3212 609 3290 θυμὸς
627 3213 757 3293 έτείρετο
773 3212 878 3278 πένθεϊ
892 3216 1004 3298 λυγρῷ.

226 3317 279 3376 νῦν
295 3313 319 3376 δ’
337 3313 401 3379 ῖθδς
416 3321 553 3394 μεμαῶτε
569 3317 742 3398 μαχώμεθα,
757 3316 833 3397 μηδέ
847 3342 876 3380 τι
892 3317 1004 3397 δούρων

226 3417 304 3480 ἔστω
323 3417 471 3498 φειδωλή,
487 3421 538 3483 ἵνα
553 3418 670 3495 εἴδομεν
685 3422 714 3482 εἴ
728 3413 779 3483 κεν
792 3419 957 3503 Ἀχιλλεὺς

226 3525 280 3583 νῶϊ
295 3524 488 3587 κατακτείνας
504 3522 595 3603 ἔναρα
609 3523 776 3603 βροτόεντα
795 3523 921 3605 φέρηται
1126 3551 1172 3602 ²45

225 3627 298 3702 νῆας
314 3625 364 3688 ἔπι
379 3624 549 3707 γλαφυράς,
566 3624 585 3704 v]
601 3651 652 3689 κεν
670 3626 715 3708 σῷ
731 3627 813 3706 δουρὶ
829 3625 955 3712 δαμήῃ.”

262 3723 325 3793 Ὣς
339 3725 459 3808 φαμένη
477 3729 525 3791 καὶ
542 3728 705 3814 κερδοσύνῃ
721 3727 849 3812 ἡγήσατ’
867 3728 988 3809 Ἀθήνη·
