2758 4228
467 345 517 411 οη.
548 330 785 392 omma
815 332 852 390 Ψ.
1073 331 1136 411 879

187 494 236 557 καὶ
252 493 332 558 παῖδ’
348 494 380 559 ἐν
394 493 563 577 μεγάροισι·
588 499 684 560 κακῶς
701 493 727 558 δ’
742 495 773 558 οί
786 493 842 575 πέρ
856 521 907 575 μιν
923 495 1024 576 ἔρεζον

185 599 360 679 μνηστῆρες,
378 599 447 664 τοὺς
461 596 577 664 πάντας
591 599 714 661 ἐτίσατο
729 595 751 682 ᾧ
765 595 809 661 ἐνὶ
824 598 922 681 οίκιρ.”

228 701 293 782 Τὴν
308 699 334 764 δ’
349 701 420 765 αιἰτε
435 701 597 782 προσέειπε
612 702 768 783 περίφρων
783 701 990 778 Πηνελόπεια·

184 809 200 839 “
212 809 285 883 μαῖα
300 804 390 886 φίλη,
404 804 445 883 μή
460 831 507 869 πω
519 805 585 885 μέγ’
601 804 727 888 ἐπεύχεο
743 805 956 888 καγχαλόωσα

183 908 275 972 οἶσθα
289 908 346 991 γὰρ
362 910 402 975 ὥς
418 908 444 971 κ’
459 908 616 974 ἀσπαστὸς
632 905 676 972 ἐνὶ
691 907 853 990 μεγάροισι
867 909 978 989 φανείη

181 1015 268 1089 πᾶσι,
283 1010 418 1091 μάλιστα
436 1011 461 1077 δ’
478 1014 546 1090 ἔμοί
557 1037 590 1076 τε
606 1013 656 1076 καὶ
670 1011 739 1088 υἱέϊ,
755 1013 999 1094 τδνιτεκόμεσθα·

183 1112 253 1177 ἀλλ’
269 1115 320 1178 οὐκ
338 1115 403 1179 ἔσθ’
418 1116 468 1180 ὅδε
484 1120 576 1196 μῢθος
592 1113 742 1194 ἐτήτυμος,
758 1114 797 1180 ὣς
814 1115 976 1200 ἀγορεύεις,

181 1218 262 1280 ἀλλά
275 1245 320 1285 τις
336 1217 492 1282 ἀθανάτων
508 1223 604 1285 κτεῖνε
617 1217 789 1299 μνηστῆρας
804 1219 940 1300 ἀγαυούς,
1028 1281 1033 1288 ,
1048 1283 1050 1288 ,

179 1323 268 1403 ὕβριν
283 1321 497 1404 ἀγασσάμενος
512 1321 666 1405 θυμαλγέα
682 1323 731 1387 καὶ
747 1324 823 1386 κακά
838 1321 920 1404 ἔργα.

181 1425 215 1487 ού
230 1451 296 1490 τινα
311 1430 368 1508 γὰρ
384 1427 503 1491 τίεσκον
517 1426 699 1509 ἐπιχθονίων
715 1426 888 1505 ἀνθρώπων,

180 1529 215 1591 οὐ
230 1530 321 1593 κακὸν
336 1531 403 1594 οὐδὲ
418 1531 474 1612 μὲν
489 1531 610 1604 ἐσθλόν,
629 1530 693 1595 ὅτις
710 1529 811 1609 σφέας
827 1531 1029 1610 εἰσαφίκοιτο·

178 1633 218 1714 τῷ
233 1633 271 1696 δι’
287 1634 475 1700 ἀτασθαλίας
491 1634 603 1698 ἔπαθον
620 1633 719 1696 κακόν·
743 1633 836 1712 αιἰτάρ
851 1633 1027 1718 ὈδυσσεὺςΙΙ
1131 1691 1134 1698 ,

179 1735 277 1800 ὤλεσε
292 1742 386 1815 τηλοῦ
401 1739 512 1802 νόστον
528 1735 694 1818 Ἀχαιίδος,
710 1737 807 1800 ὤλετο
823 1736 848 1798 δ’
863 1736 980 1822 οὗτός.”
998 1799 1003 1806 ,

220 1839 285 1919 Τὴν
299 1839 325 1904 δ’
339 1838 474 1920 ἠμείβετ’
490 1842 593 1906 ἔπειτα
608 1841 685 1919 φίλη
701 1839 814 1920 τροφὸς
831 1839 1008 1921 Εὐρύκλεια·

177 1949 195 1976 “
205 1944 310 2008 τέκνον
325 1945 406 2022 ἔμόν,
421 1945 511 2008 ποῖόν
527 1969 563 2007 σε
579 1943 650 2009 ἔπος
665 1942 762 2024 φύγεν
776 1942 860 2020 έρκος
875 1944 1016 2020 ὀδόντων,

174 2044 193 2123 ἦ
213 2047 304 2112 πόσιν
320 2047 406 2113 ἔνδον
421 2049 509 2112 ἔόντα
523 2046 592 2128 παρ’
606 2045 723 2132 ἐσχάρῃ
739 2044 855 2114 οὔποτ’
872 2047 994 2130 ἔφησθα

176 2150 270 2214 οἴκαδ’
285 2152 476 2216 ἐλεύσεσθαι·
497 2151 588 2230 θυμὸς
602 2149 635 2216 δέ
650 2176 697 2214 τοι
711 2153 777 2214 αίὲν
792 2150 929 2232 ἄπιστος.

175 2250 246 2316 ἀλλ’
261 2255 317 2336 ἄγε
332 2280 379 2319 τοι
393 2252 440 2318 καί
451 2259 538 2334 ,σῆμα
553 2256 713 2336 ἀριφραδὲς
729 2254 808 2317 ἀλλο
822 2279 851 2316 τι
867 2255 950 2336 εἴπω·

177 2355 280 2434 οὐλήν,
296 2356 352 2436 τήν
366 2357 441 2426 ποτέ
454 2383 506 2435 μιν
521 2362 575 2421 σῦς
590 2354 691 2434 ἤλασε
704 2356 800 2439 λευκῷ
817 2356 928 2434 ὀδόντι,

173 2458 229 2537 τὴν
244 2461 428 2537 ἀπονίζουσα
443 2459 616 2541 φρασάμην,
632 2461 740 2525 ἔθελον
754 2465 786 2523 δὲ
804 2457 854 2523 σοὶ
869 2461 940 2546 αὐτῇ

174 2563 305 2642 εἰπέμεν·
329 2564 411 2628 ἀλλά
425 2591 463 2646 με
478 2570 575 2631 κεῖνος
593 2566 670 2636 ἑλὼν
686 2565 735 2629 ἐπὶ
750 2563 889 2642 μάστακα
905 2564 1012 2647 χερσὶν

175 2667 226 2729 οὐκ
244 2667 279 2731 ἔα
295 2667 447 2748 εἰπέμεναι
463 2670 694 2754 πολυκερδείησι
710 2669 800 2734 νόοιο.
821 2731 823 2734 .

173 2771 243 2832 ἀλλ’
257 2771 338 2836 ἕπευ·
361 2773 453 2852 αὐτὰρ
468 2774 546 2854 ἐγὼν
561 2773 666 2851 ἐμέθεν
681 2773 890 2852 περιδώσομαι
899 2773 998 2850 αὐτῆς,

172 2876 205 2936 αί
218 2877 270 2940 κέν
285 2875 315 2937 σ’
327 2874 483 2956 ἐξαπάφω,
500 2877 613 2940 κτεῖναί
626 2873 656 2956 μ’
672 2877 811 2959 οἰκτίστῳ
826 2874 972 2960 ἀλέθριρ.”

213 2977 277 3057 Τὴν
293 2979 318 3042 δ’
334 2977 466 3060 ἠμείβετ’
484 2980 586 3045 ἔπειτα
602 2981 756 3062 περίφρων
770 2980 973 3058 Πηνελόπεια·

171 3085 192 3114 “
201 3086 275 3161 μαῖα
289 3083 377 3163 φίλη,
394 3086 532 3165 χαλεπόν
547 3109 584 3147 σε
600 3086 676 3148 θεῶν
692 3081 902 3164 αἰειγενετάων

171 3182 261 3262 δήνεα
277 3187 422 3265 εἴρυσθαι,
437 3185 521 3266 μάλα
536 3212 592 3266 περ
607 3186 763 3267 πολύϊδριν
779 3188 899 3250 ἐοῦσαν·

170 3285 239 3350 ἀλλ’
254 3289 349 3366 ἔμπης
364 3291 450 3370 ίομεν
463 3293 540 3367 μετὰ
554 3289 635 3354 παῖδ’
652 3291 731 3368 ἐμόν,
749 3291 830 3370 ὄφρα
844 3289 957 3367 ἴδωμαι,

169 3390 277 3472 ἀνδρας
291 3397 461 3474 μνηστῆρας
478 3394 646 3478 τεθνηότας,
662 3393 707 3471 ἠδ’
722 3391 754 3458 δς
771 3389 931 3480 ‘'ssew-’⁵
955 3406 997 3466 ’,ἡ
1015 3407 1031 3462 '.

205 3492 269 3560 Ὣς
285 3495 403 3575 φαμένη
420 3495 574 3575 κατέβαιν’
588 3497 728 3575 ύπερόῖα·
751 3495 856 3560 πολλὰ
870 3496 902 3560 δέ
919 3499 948 3560 οἱ
958 3500 1020 3580 κῆρ
1081 3515 1112 3574 85

169 3597 301 3678 ὥρμαιν’,
316 3595 335 3677 ἢ
352 3599 500 3665 ἀπάνευθε
516 3601 610 3683 φίλον
625 3600 719 3665 πόσιν
733 3597 901 3682 ἐξερεείνοι,

168 3701 187 3781 ἦ
202 3706 365 3782 παρστᾶσα
381 3704 481 3769 κύσειε
497 3704 570 3785 κάρη
587 3704 636 3768 καὶ
650 3709 733 3786 χεῖρε
744 3709 895 3783 λαβοῦσα.
