2738 4226
474 317 522 365 10.
547 303 717 362 ΙΛΙΑΔΟΣ
742 304 778 372 Κ,
1043 321 1099 382 191

160 469 247 550 θηρὸς
262 469 443 537 ἀκούσαντες
460 471 707 552 κρατερόφρονος,
724 471 758 536 ός
773 495 806 535 τε
822 471 886 536 καθ’
903 474 979 552 ὕλην

160 573 281 656 ἔρχηται
296 574 332 638 δι’
350 575 471 656 ὄρεσφι·
494 565 589 639 πολὺς
604 573 629 637 δ’
646 573 814 656 ὀρυμαγδὸς
830 573 876 639 ἐπ’
893 575 972 660 αιίτφ
1057 593 1101 653 185

159 678 273 758 ἀνδρῶν
286 677 339 756 ἠδὲ
355 683 459 750 κυνῶν,
479 676 540 740 ἀπό
554 675 589 740 τέ
604 684 718 757 σφισιν
735 677 828 743 άπνος
844 679 972 743 όλωλεν·

159 779 197 844 ὣς
211 785 270 843 τῶν
285 778 412 858 νήδυμος
426 781 518 846 ὕπνος
534 779 594 844 ἀπὸ
609 778 796 860 βλεφάροιιν
811 779 924 844 ὀλώλει

159 879 247 942 νύκτα
263 881 531 961 φυλασσομένοισι
546 880 649 960 κακήν·
673 882 812 946 πεδίονδε
826 882 884 963 γὰρ
900 882 959 946 αἰεὶ

158 981 329 1064 τετράφαθ’,
345 984 451 1048 ὁππότ’
469 986 520 1049 ἐπὶ
534 986 648 1066 Τρώων
662 983 759 1050 ἀΐοιεν
775 983 890 1051 ἐόντων.

158 1083 225 1150 τοὺς
239 1085 264 1148 δ’
281 1088 297 1150 ἀ
312 1086 408 1169 γέρων
422 1085 558 1169 γήθησεν
574 1089 645 1152 ἰδὼν
660 1085 791 1168 θάρσυνέ
806 1112 840 1151 τε
853 1087 936 1172 μύθῳ
1056 1119 1101 1166 190

160 1181 226 1273 [καί
239 1198 337 1269 σφεας
352 1189 498 1270 φωνήσας
515 1191 590 1254 ἔπεα
605 1191 769 1271 πτερόεντα
783 1187 966 1278 προσηύδα]

160 1295 177 1322 “
187 1290 260 1353 οὕτω
276 1297 339 1368 νῦν,
355 1294 433 1373 φίλα
448 1292 546 1365 τέκνα,
563 1293 753 1374 φυλάσσετε·
775 1291 851 1371 μηδέ
865 1293 921 1358 τιν’
937 1295 1029 1363 ὕπνος

158 1392 284 1472 αἱρείτω,
299 1394 340 1474 μή
355 1393 458 1478 χάρμα
471 1395 628 1477 γενώμεθα
643 1393 895 1474 δυσμενέεσσιν.”

192 1493 254 1562 Ὣς
270 1497 362 1561 είπιδν
376 1497 506 1580 τάφροιο
521 1498 673 1563 διέσσυτο·
696 1498 743 1562 τοὶ
758 1497 784 1561 δ’
802 1497 851 1577 ἀμ’
869 1497 977 1563 ἕποντο

156 1597 300 1682 Ἀργείων
314 1605 476 1680 βασιλῆες,
494 1601 564 1665 ὅσοι
579 1599 727 1678 κεκλήατο
743 1600 871 1682 βουλήν.

156 1707 217 1768 τοῖς
232 1702 257 1766 δ’
273 1703 333 1783 άμα
349 1705 505 1785 Μηριόνης
521 1704 570 1769 καὶ
585 1704 742 1786 Νέστορος
757 1704 871 1787 ἀγλαὸς
887 1706 950 1773 υίὸς
985 1765 987 1774 ,

155 1804 254 1882 ἤϊσαν·
278 1807 361 1870 αὐτοὶ
376 1806 434 1889 γάρ
450 1805 561 1870 κάλεον
578 1807 833 1887 συμμητιάασθαι.
997 1822 998 1826 ’

154 1908 269 1991 τάφρον
285 1909 309 1972 δ’
325 1907 521 1989 ἐκδιαβάντες
537 1910 663 1990 ὀρυκτήν
678 1913 837 1992 ἑδριόωντο

155 2014 187 2074 ἐν
203 2013 330 2095 καθαρῷ,
346 2014 395 2076 ὅθι
410 2013 445 2092 δὴ
462 2013 574 2077 νεκύων
589 2014 764 2093 διεφαίνετο
778 2021 877 2097 χῶρος

154 2116 331 2180 πιπτόντων·
355 2115 426 2181 ὅθεν
442 2115 523 2182 αὖτις
539 2115 718 2198 ἀπετράπετ’
736 2119 862 2198 ὄβριμος
874 2116 992 2199 Ἕκτωρ

154 2217 246 2284 ὀλλὺς
261 2217 426 2300 Ἀργείους,
442 2220 493 2283 ότε
508 2219 543 2299 δή
560 2220 628 2302 περὶ
645 2217 700 2298 νὺξ
712 2219 877 2301 ἐκάλυψεν.

154 2321 226 2386 ἔνθα
241 2322 432 2400 καθεζόμενοι
447 2322 510 2389 ἕπε’
527 2323 696 2402 ἀλλήλοισι
711 2325 895 2406 πίφαυσκον·

153 2427 232 2487 τοῖσι
248 2424 281 2488 δέ
294 2423 395 2504 μύθων
410 2424 485 2508 ἦρχε
499 2424 640 2507 Γερήνιος
656 2427 769 2490 ἱππότα
783 2425 925 2508 Νέστωρ·

156 2524 203 2589 “ὦ
220 2527 318 2608 φίλοι,
333 2527 386 2591 οὐκ
402 2525 440 2592 δν
455 2526 491 2606 δή
508 2553 553 2594 τις
569 2527 643 2610 ἀνήρ
659 2528 809 2592 πεπίθοιθ’
827 2531 865 2614 ἑῷ
881 2530 972 2593 αὐτοῦ

154 2632 233 2714 θυμῷ
249 2629 411 2711 τολμήεντι
427 2633 504 2711 μετά
517 2637 622 2713 Τρῶας
636 2631 825 2714 μεγαθύμους

154 2737 263 2807 ἐλθεῖν,
281 2737 309 2800 εί
322 2733 390 2799 τινά
404 2717 463 2798 πουΙ
477 2733 570 2815 δηίων
586 2735 651 2799 ἕλοι
667 2735 872 2817 ἐσχατόωντα,

153 2836 172 2916 ή
186 2837 252 2902 τινά
267 2864 325 2902 που
341 2841 390 2902 καὶ
407 2843 503 2918 φῆμιν
519 2839 562 2903 ε’νὶ
577 2839 719 2920 Τρώεσσι
734 2838 867 2912 πύθοιτο,

154 2940 235 3002 άσσα
251 2965 283 3004 τε
301 2941 449 3020 μητιόωσι
463 2943 539 3020 μετά
555 2943 675 3023 σφίσιν,
691 2939 709 3020 ή
724 2940 877 3022 μεμάασιν

155 3043 218 3105 αάθι
233 3042 338 3120 μένειν
352 3047 433 3124 παρὰ
448 3046 555 3122 νηυσὶν
571 3045 752 3126 ἀπόπροθεν,
770 3043 806 3124 ἦε
820 3045 945 3112 πόλινδε

154 3144 199 3226 ἀφ
214 3144 477 3228 ἀναχωρήσουσιν,
497 3148 562 3211 ἐπεὶ
578 3146 754 3225 δαμάσαντό
767 3145 795 3230 γ’
810 3147 963 3232 Ἀχαιούς.

154 3248 242 3311 ταῦτά
258 3274 291 3312 κε
306 3248 405 3316 πάντα
420 3249 553 3327 πύθοιτο,
569 3250 618 3314 καὶ
634 3249 682 3332 ἀφ
698 3253 740 3316 είς
755 3249 849 3330 ἡμέας
865 3252 950 3316 ἔλθοι

154 3349 294 3429 ἀσκηθής·
312 3349 397 3432 μέγα
412 3351 464 3417 κέν
479 3354 509 3414 οἱ
524 3352 705 3432 ὑπουράνιον
721 3351 809 3418 κλέος
825 3355 870 3432 είη

153 3452 264 3520 πάντας
280 3453 327 3519 ἐπ’
344 3454 526 3534 ἀνθρώπους,
544 3455 594 3517 καί
608 3457 637 3518 οἱ
652 3456 737 3521 δόσις
754 3454 878 3520 ἔσσεται
893 3455 1000 3538 ἐσθλή·

154 3555 242 3618 ὅσσοι
256 3559 314 3637 γάρ
330 3554 459 3634 νήεσσιν
474 3557 702 3638 ἐπικρατέουσιν
718 3558 847 3636 ἄριστοι,

154 3663 211 3720 τῶν
225 3658 345 3724 πάντων
362 3661 390 3723 οἱ
407 3659 533 3728 ἕκαστος
550 3662 600 3725 ὅϊν
615 3660 749 3726 δώσουσι
763 3661 912 3741 μέλαιναν
