2792 4232
499 415 547 482 15.
572 403 742 462 ιΛιΑΔος
764 403 803 462 ο.

180 566 249 630 οὐδέ
264 592 338 630 ποτε
351 571 453 647 Τρῶες
468 573 598 634 Δαναιῖν
613 567 754 634 ἐδύναντο
769 565 932 648 φάλαγγας

178 670 341 752 ῥηξάμενοι
356 671 496 756 κλισίῃσι
509 670 670 753 μιγήμεναι
684 671 738 750 ήδέ
752 669 885 734 νέεσσιν.

180 773 250 834 ἀλλ’
266 773 307 838 ὥς
321 797 355 836 τε
369 771 488 852 στάθμη
504 775 575 854 δόρυ
590 773 675 852 νήϊον
690 772 818 852 ἐξιθύνει
1073 797 1123 846 ιιο

180 873 318 941 τέκτονος
333 877 368 938 ἐν
382 875 541 962 παλάμῃσι
556 875 713 956 δαήμονος,
727 878 761 943 ός
774 875 814 957 ῥά
828 900 861 938 τε
876 873 977 952 πάσης

181 977 213 1040 εῖν
227 979 291 1064 εἰδῇ
307 977 420 1058 σοφίης
433 979 700 1064 ὑποθημοσύνῃσιν
716 976 855 1056 Ἀθήνης,

181 1082 220 1146 δς
233 1084 290 1160 μέν
303 1086 364 1143 τῶν
378 1081 429 1144 ἐπὶ
442 1081 498 1144 ἶσα
510 1080 593 1164 μάχη
609 1081 716 1145 τέτατο
730 1081 882 1158 πτόλεμός
896 1099 939 1143 τε·

181 1184 272 1247 όλλοι
287 1181 313 1246 δ’
328 1181 405 1265 ἀμφ’
419 1187 536 1270 ἄλλῃσι
548 1184 651 1267 μάχην
665 1183 816 1268 ἐμάχοντο
831 1181 965 1260 νέεσσιν,

183 1280 301 1362 Ἕκτωρ
315 1281 342 1345 δ’
358 1282 422 1345 ἄντ’
439 1287 568 1352 Αἴαντος
583 1288 704 1352 ἐείσατο
720 1287 904 1367 κυδαλίμοιο.
1072 1312 1123 1360 4¹5

182 1384 222 1444 τὸ
236 1387 269 1446 δὲ
282 1387 353 1462 μιῆς
368 1385 436 1465 περὶ
451 1385 522 1463 νηός
536 1385 609 1469 ἔχον
623 1389 727 1460 πόνον,
742 1385 805 1450 οὐδ’
820 1387 961 1450 ἐδύναντο

182 1487 242 1549 οὔθ’
259 1489 275 1550 ό
290 1487 344 1550 τὸν
359 1487 503 1567 ἐξελάσαι
518 1492 567 1554 καὶ
582 1493 743 1571 ἐνιπρῆσαι
758 1493 827 1572 πυρὶ
842 1495 900 1570 νῆα

182 1591 245 1654 οὗθ’
260 1593 278 1653 ά
292 1591 345 1654 τὸν
360 1590 408 1673 ἂψ
423 1591 572 1665 ὤσασθαι,
589 1595 657 1658 ἐπεί
668 1592 697 1676 ῥ’
713 1593 870 1658 ἐπέλασσέ
884 1621 920 1677 γε
934 1596 1055 1673 δαίμων.

180 1692 240 1757 ἔνθ’
256 1696 307 1757 υἷα
323 1696 464 1758 Κλυτίοιο
481 1696 642 1778 Καλήτορα
656 1699 799 1778 φαῶιμος
814 1699 898 1772 Αἴας,

181 1802 238 1877 πῦρ
252 1798 284 1862 ἐς
299 1801 357 1874 νῆα
371 1797 512 1877 φέροντα,
528 1799 603 1863 κατὰ
617 1803 729 1877 στῆθος
743 1797 825 1877 βάλε
840 1800 931 1878 δουρί·
1071 1825 1123 1874 4²0

181 1901 331 1979 δούπησεν
345 1906 379 1966 δὲ
393 1902 506 1979 πεσόν,
522 1904 614 1969 δαλὸς
629 1903 663 1967 δέ
677 1905 707 1967 οῖ
722 1901 834 1966 ἐκπεσε
848 1903 960 1984 χειρός.

177 2001 292 2085 Ἕκτωρ
308 2002 334 2067 δ’
350 2005 390 2070 ὦς
405 2006 532 2084 ἐνόησεν
546 2005 676 2088 ἀνεψιὸν
690 2007 898 2086 ὀφθαλμοῖσιν

181 2109 213 2169 ἐν
228 2109 347 2192 κονίῃσι
362 2109 495 2170 πεσόντα
510 2109 577 2174 νεὸς
592 2107 776 2189 προπάροιθε
789 2110 943 2188 μελαίνης,

179 2211 283 2289 Τρωσί
295 2235 329 2273 τε
344 2211 394 2274 καὶ
408 2213 568 2275 Λυκίοισιν
582 2211 723 2276 ἐκέκλετο
737 2211 853 2292 μακρὸν
867 2210 973 2277 θύσας·

181 2317 309 2394 “Τρῶες
323 2314 373 2376 καὶ
388 2313 492 2376 Λύκιοι
507 2315 557 2377 καὶ
572 2313 724 2395 Δάρδανοι
739 2315 956 2397 άγχιμαχηταί,
1071 2342 1121 2390 425

180 2415 219 2494 μή
234 2415 270 2494 δή
286 2417 340 2479 πω”
347 2413 479 2498 χάζεσθε
494 2417 593 2500 μάχης
608 2420 643 2483 ἐν
656 2420 770 2484 στείνεϊ
782 2420 868 2501 τῷδε,

181 2518 249 2580 ἀλλ’
264 2521 315 2582 υῖο
331 2521 472 2582 Κλυτίοιο
487 2521 637 2598 σαάσατε,
651 2520 693 2601 μή
706 2547 760 2600 μιν
774 2519 896 2604 Ἀχαιοὶ

181 2623 287 2704 τεύχεα
302 2620 463 2700 συλήσωσι
481 2629 557 2688 νεῶν
571 2626 605 2690 ἐν
619 2626 713 2706 άγῶνι
727 2624 890 2690 πεσόντα.”

216 2723 278 2790 *Ως
292 2724 385 2789 εἰπὸν
400 2727 528 2791 Αἴαντος
543 2727 685 2791 ἀκόντισε
699 2729 782 2809 δουρὶ
796 2727 923 2811 φαεινῷ.

182 2830 299 2906 τοῦμὲν
314 2824 431 2909 ἅμαρθ’,
448 2830 465 2891 ό
479 2826 507 2893 δ’
523 2829 627 2894 ἔπειτα
640 2831 831 2912 Λυκόφρονα,
847 2830 1011 2910 Μάστορος
1024 2833 1099 2905 υἱόν,

182 2933 307 2995 Αἴαντος
322 2929 490 3010 θεράποντα
506 2931 664 3013 Κυθήριον,
679 2935 715 2999 άς
727 2936 767 3015 ῥα
781 2933 850 3015 παρ’
866 2934 944 3018 αύτῷ
1073 2961 1118 3011 43¹

183 3029 247 3105 ναῖ’,
263 3034 331 3097 ἐπεὶ
346 3033 439 3113 ἄνδρα
454 3033 582 3098 κατέκτα
597 3033 763 3116 Κυθήροισι
778 3035 923 3113 ζαθέοισι,

182 3135 232 3196 τόν
244 3134 274 3217 ῤ’
289 3136 405 3216 ἔβαλεν
420 3137 559 3219 κεφαλήν
572 3139 647 3219 ύπέρ
661 3140 767 3204 ούατος
781 3136 847 3217 όξέῑ
859 3141 974 3223 χαλκῷ,

182 3235 297 3301 ἑσταότ’
313 3238 384 3322 ἄγχ’
399 3243 538 3305 Αἴαντος·
561 3242 578 3303 ὃ
593 3238 620 3304 δ’
634 3241 739 3306 ύπτιος
753 3242 788 3304 ἐν
802 3242 922 3327 κονίῃσι

182 3340 248 3417 νηὸς
263 3341 324 3404 άπσ
339 3342 471 3425 πρύμνης
484 3342 615 3425 χαμάδις
630 3344 715 3420 πέσε,
731 3344 822 3409 λύντο
837 3346 871 3407 δὲ
884 3349 964 3426 γυῖα.
1071 3373 1121 3422 435

183 3447 254 3510 Αἶας
267 3443 295 3508 δ’
310 3446 461 3529 ἐρρίγησε,
477 3448 659 3529 κασίγνητον
674 3450 708 3510 δέ
722 3448 887 3529 προσηύδα·

183 3555 201 3580 “
208 3551 320 3629 Τεῦκρε
334 3547 441 3625 πέπον,
456 3549 493 3628 δή
509 3555 580 3614 νόϊν
595 3549 744 3613 άπέκτατο
760 3551 869 3616 πιστὸς
883 3555 1000 3633 ἑταῖρος

183 3651 383 3732 Μαστορίδης,
399 3650 434 3715 δν
449 3658 504 3716 νῶῐ
518 3653 692 3733 Κυθηρόθεν
707 3653 793 3716 ένδον
807 3654 897 3716 ἐόντα

181 3750 233 3815 ἶσα
246 3757 370 3834 φίλοισι
384 3760 524 3820 τοκεῦσιν
539 3757 657 3833 ἐτίομεν
671 3757 705 3819 ἐν
718 3755 887 3838 μεγάροισι·
