<?xml version="1.0" encoding="UTF-8"?>
<!DOCTYPE html PUBLIC "-//W3C//DTD XHTML 1.0 Transitional//EN"
    "http://www.w3.org/TR/xhtml1/DTD/xhtml1-transitional.dtd">
<html xmlns="http://www.w3.org/1999/xhtml" xml:lang="en" lang="en">
 <head>
  <title>
</title>
<meta http-equiv="Content-Type" content="text/html;charset=utf-8" />
  <meta name='ocr-system' content='tesseract 3.04.00' />
  <meta name='ocr-capabilities' content='ocr_page ocr_carea ocr_par ocr_line ocrx_word'/>
</head>
<body>
  <div class='ocr_page' id='page_1' title='image "./homerioperaetre00homegoog_0507.png"; bbox 0 0 2908 4232; ppageno 0'>
   <div class='ocr_carea' id='block_1_1' title="bbox 570 314 1214 397">
    <p class='ocr_par' dir='ltr' id='par_1_1' title="bbox 570 314 1214 397">
     <span class='ocr_line' id='line_1_1' title="bbox 570 314 1214 397; baseline -0.002 -15"><span class='ocrx_word' id='word_1_1' title='bbox 570 336 620 397; x_wconf 85' lang='lat'>24</span> <span class='ocrx_word' id='word_1_2' title='bbox 644 321 816 381; x_wconf 74' lang='grc' dir='ltr'>ιΛιΑΔον</span> <span class='ocrx_word' id='word_1_3' title='bbox 840 322 879 381; x_wconf 86' lang='grc' dir='ltr'>ο.</span> <span class='ocrx_word' id='word_1_4' title='bbox 1132 314 1214 396; x_wconf 70' lang='lat'>,493&#39;</span> 
     </span>
    </p>
   </div>
   <div class='ocr_carea' id='block_1_2' title="bbox 220 487 1200 3470">
    <p class='ocr_par' dir='ltr' id='par_1_2' title="bbox 251 487 1016 574">
     <span class='ocr_line' id='line_1_2' title="bbox 251 487 1016 574; baseline 0.003 -21"><span class='ocrx_word' id='word_1_5' title='bbox 251 492 293 554; x_wconf 81' lang='grc' dir='ltr'>ὦν</span> <span class='ocrx_word' id='word_1_6' title='bbox 309 489 417 566; x_wconf 83' lang='grc' dir='ltr'>ἐθέλει,</span> <span class='ocrx_word' id='word_1_7' title='bbox 434 489 503 556; x_wconf 81' lang='grc' dir='ltr'>τοὺς</span> <span class='ocrx_word' id='word_1_8' title='bbox 517 489 542 554; x_wconf 84' lang='grc' dir='ltr'>δ’</span> <span class='ocrx_word' id='word_1_9' title='bbox 559 489 630 554; x_wconf 85' lang='grc' dir='ltr'>αὑτε</span> <span class='ocrx_word' id='word_1_10' title='bbox 645 487 694 553; x_wconf 84' lang='grc' dir='ltr'>καὶ</span> <span class='ocrx_word' id='word_1_11' title='bbox 708 491 881 558; x_wconf 76' lang='grc' dir='ltr'>ὑπνώοντας</span> <span class='ocrx_word' id='word_1_12' title='bbox 897 492 1016 574; x_wconf 78' lang='grc' dir='ltr'>έγείρει·</span> 
     </span>
    </p>

    <p class='ocr_par' dir='ltr' id='par_1_3' title="bbox 250 591 1199 777">
     <span class='ocr_line' id='line_1_3' title="bbox 250 591 1199 676; baseline 0.005 -20"><span class='ocrx_word' id='word_1_13' title='bbox 250 593 305 672; x_wconf 84' lang='grc' dir='ltr'>τῆν</span> <span class='ocrx_word' id='word_1_14' title='bbox 319 592 394 672; x_wconf 83' lang='grc' dir='ltr'>μετὰ</span> <span class='ocrx_word' id='word_1_15' title='bbox 409 592 521 676; x_wconf 89' lang='grc' dir='ltr'>χερσὶν</span> <span class='ocrx_word' id='word_1_16' title='bbox 536 592 617 676; x_wconf 80' lang='grc' dir='ltr'>ἔχων</span> <span class='ocrx_word' id='word_1_17' title='bbox 632 591 737 656; x_wconf 91' lang='grc' dir='ltr'>πέτετο</span> <span class='ocrx_word' id='word_1_18' title='bbox 753 592 858 674; x_wconf 81' lang='grc' dir='ltr'>κρατὺς</span> <span class='ocrx_word' id='word_1_19' title='bbox 876 593 1105 676; x_wconf 88' lang='grc' dir='ltr'>Ἀργειφόντης.</span> <span class='ocrx_word' id='word_1_20' title='bbox 1151 620 1199 669; x_wconf 80' lang='lat'>345</span> 
     </span>
     <span class='ocr_line' id='line_1_4' title="bbox 252 693 1044 777; baseline 0.003 -19"><span class='ocrx_word' id='word_1_21' title='bbox 252 697 330 777; x_wconf 74' lang='grc' dir='ltr'>αἶψα</span> <span class='ocrx_word' id='word_1_22' title='bbox 345 696 370 759; x_wconf 92' lang='grc' dir='ltr'>δ’</span> <span class='ocrx_word' id='word_1_23' title='bbox 386 696 444 776; x_wconf 86' lang='grc' dir='ltr'>ἀρα</span> <span class='ocrx_word' id='word_1_24' title='bbox 458 695 571 776; x_wconf 82' lang='grc' dir='ltr'>Τροίην</span> <span class='ocrx_word' id='word_1_25' title='bbox 586 720 619 759; x_wconf 89' lang='grc' dir='ltr'>τε</span> <span class='ocrx_word' id='word_1_26' title='bbox 635 693 685 758; x_wconf 77' lang='grc' dir='ltr'>καί</span> <span class='ocrx_word' id='word_1_27' title='bbox 699 694 936 774; x_wconf 81' lang='grc' dir='ltr'>Ἑλλήσποντον</span> <span class='ocrx_word' id='word_1_28' title='bbox 951 699 1044 774; x_wconf 90' lang='grc' dir='ltr'>ἵκανε,</span> 
     </span>
    </p>

    <p class='ocr_par' dir='ltr' id='par_1_4' title="bbox 250 797 882 882">
     <span class='ocr_line' id='line_1_5' title="bbox 250 797 882 882; baseline 0.005 -20"><span class='ocrx_word' id='word_1_29' title='bbox 250 803 294 878; x_wconf 99' lang='grc' dir='ltr'>βῆ</span> <span class='ocrx_word' id='word_1_30' title='bbox 310 797 335 862; x_wconf 90' lang='grc' dir='ltr'>δ’</span> <span class='ocrx_word' id='word_1_31' title='bbox 352 797 427 863; x_wconf 88' lang='grc' dir='ltr'>ίέναι</span> <span class='ocrx_word' id='word_1_32' title='bbox 443 799 537 882; x_wconf 80' lang='grc' dir='ltr'>κούριρ</span> <span class='ocrx_word' id='word_1_33' title='bbox 554 800 753 881; x_wconf 70' lang='grc' dir='ltr'>οἵσυμνητῆρι</span> <span class='ocrx_word' id='word_1_34' title='bbox 768 800 882 876; x_wconf 77' lang='grc' dir='ltr'>ἐοικός,</span> 
     </span>
    </p>

    <p class='ocr_par' dir='ltr' id='par_1_5' title="bbox 249 901 960 988">
     <span class='ocr_line' id='line_1_6' title="bbox 249 901 960 988; baseline 0.001 -22"><span class='ocrx_word' id='word_1_35' title='bbox 249 908 369 984; x_wconf 84' lang='grc' dir='ltr'>πρῶτον</span> <span class='ocrx_word' id='word_1_36' title='bbox 383 901 529 988; x_wconf 81' lang='grc' dir='ltr'>ὑπηνήτῃ,</span> <span class='ocrx_word' id='word_1_37' title='bbox 545 907 598 965; x_wconf 84' lang='grc' dir='ltr'>τοῦ</span> <span class='ocrx_word' id='word_1_38' title='bbox 614 928 670 986; x_wconf 92' lang='grc' dir='ltr'>περ</span> <span class='ocrx_word' id='word_1_39' title='bbox 685 903 870 986; x_wconf 76' lang='grc' dir='ltr'>χαριεστάτη</span> <span class='ocrx_word' id='word_1_40' title='bbox 885 904 960 983; x_wconf 86' lang='grc' dir='ltr'>ἥβη.</span> 
     </span>
    </p>

    <p class='ocr_par' dir='ltr' id='par_1_6' title="bbox 249 1004 1200 1501">
     <span class='ocr_line' id='line_1_7' title="bbox 294 1004 1102 1089; baseline 0.004 -20"><span class='ocrx_word' id='word_1_41' title='bbox 294 1008 334 1070; x_wconf 86' lang='grc' dir='ltr'>Οἵ</span> <span class='ocrx_word' id='word_1_42' title='bbox 350 1004 377 1069; x_wconf 92' lang='grc' dir='ltr'>δ’</span> <span class='ocrx_word' id='word_1_43' title='bbox 393 1007 459 1071; x_wconf 81' lang='grc' dir='ltr'>ἐπεὶ</span> <span class='ocrx_word' id='word_1_44' title='bbox 474 1005 527 1071; x_wconf 88' lang='grc' dir='ltr'>οὑν</span> <span class='ocrx_word' id='word_1_45' title='bbox 541 1005 619 1088; x_wconf 87' lang='grc' dir='ltr'>μέγα</span> <span class='ocrx_word' id='word_1_46' title='bbox 634 1010 716 1086; x_wconf 90' lang='grc' dir='ltr'>σῆμα</span> <span class='ocrx_word' id='word_1_47' title='bbox 732 1006 830 1089; x_wconf 78' lang='grc' dir='ltr'>παρὲξ</span> <span class='ocrx_word' id='word_1_48' title='bbox 839 1007 936 1072; x_wconf 91' lang='grc' dir='ltr'>Ἴλοιο</span> <span class='ocrx_word' id='word_1_49' title='bbox 953 1008 1102 1084; x_wconf 85' lang='grc' dir='ltr'>ἔλασσαν,</span> 
     </span>
     <span class='ocr_line' id='line_1_8' title="bbox 252 1109 1200 1194; baseline -0.001 -20"><span class='ocrx_word' id='word_1_50' title='bbox 252 1114 369 1190; x_wconf 87' lang='grc' dir='ltr'>στῆσαν</span> <span class='ocrx_word' id='word_1_51' title='bbox 386 1110 431 1192; x_wconf 79' lang='grc' dir='ltr'>ἄρ’</span> <span class='ocrx_word' id='word_1_52' title='bbox 448 1109 589 1188; x_wconf 78' lang='grc' dir='ltr'>ἡμιόνους</span> <span class='ocrx_word' id='word_1_53' title='bbox 604 1135 637 1174; x_wconf 91' lang='grc' dir='ltr'>τε</span> <span class='ocrx_word' id='word_1_54' title='bbox 654 1111 703 1174; x_wconf 86' lang='grc' dir='ltr'>καὶ</span> <span class='ocrx_word' id='word_1_55' title='bbox 718 1112 837 1183; x_wconf 89' lang='grc' dir='ltr'>ἵππους,</span> <span class='ocrx_word' id='word_1_56' title='bbox 856 1113 937 1194; x_wconf 83' lang='grc' dir='ltr'>ὄφρα</span> <span class='ocrx_word' id='word_1_57' title='bbox 955 1112 1062 1190; x_wconf 90' lang='grc' dir='ltr'>πίοιεν,</span> <span class='ocrx_word' id='word_1_58' title='bbox 1150 1137 1200 1187; x_wconf 76' lang='lat'>³50</span> 
     </span>
     <span class='ocr_line' id='line_1_9' title="bbox 251 1210 1049 1297; baseline 0.004 -23"><span class='ocrx_word' id='word_1_59' title='bbox 251 1215 285 1275; x_wconf 78' lang='grc' dir='ltr'>ἐν</span> <span class='ocrx_word' id='word_1_60' title='bbox 299 1215 431 1297; x_wconf 75' lang='grc' dir='ltr'>ποταμφ·</span> <span class='ocrx_word' id='word_1_61' title='bbox 457 1212 493 1292; x_wconf 85' lang='grc' dir='ltr'>δῆ</span> <span class='ocrx_word' id='word_1_62' title='bbox 508 1212 566 1295; x_wconf 84' lang='grc' dir='ltr'>γὰρ</span> <span class='ocrx_word' id='word_1_63' title='bbox 582 1210 631 1276; x_wconf 80' lang='grc' dir='ltr'>καὶ</span> <span class='ocrx_word' id='word_1_64' title='bbox 647 1214 698 1276; x_wconf 75' lang='grc' dir='ltr'>ἐπὶ</span> <span class='ocrx_word' id='word_1_65' title='bbox 714 1211 825 1293; x_wconf 90' lang='grc' dir='ltr'>κνέφας</span> <span class='ocrx_word' id='word_1_66' title='bbox 840 1211 935 1292; x_wconf 85' lang='grc' dir='ltr'>ἤλυθε</span> <span class='ocrx_word' id='word_1_67' title='bbox 949 1220 1049 1296; x_wconf 85' lang='grc' dir='ltr'>γαῖαν.</span> 
     </span>
     <span class='ocr_line' id='line_1_10' title="bbox 250 1314 986 1399; baseline 0.004 -21"><span class='ocrx_word' id='word_1_68' title='bbox 250 1317 303 1379; x_wconf 85' lang='grc' dir='ltr'>τὸν</span> <span class='ocrx_word' id='word_1_69' title='bbox 318 1316 343 1380; x_wconf 84' lang='grc' dir='ltr'>δ’</span> <span class='ocrx_word' id='word_1_70' title='bbox 360 1314 396 1395; x_wconf 77' lang='grc' dir='ltr'>ἐξ</span> <span class='ocrx_word' id='word_1_71' title='bbox 409 1317 591 1399; x_wconf 79' lang='grc' dir='ltr'>ἀγχιμόλοιο</span> <span class='ocrx_word' id='word_1_72' title='bbox 608 1317 681 1380; x_wconf 80' lang='grc' dir='ltr'>ίδδν</span> <span class='ocrx_word' id='word_1_73' title='bbox 695 1315 876 1398; x_wconf 80' lang='grc' dir='ltr'>ἐφράσσατο</span> <span class='ocrx_word' id='word_1_74' title='bbox 892 1315 986 1399; x_wconf 79' lang='grc' dir='ltr'>κῆρυξ</span> 
     </span>
     <span class='ocr_line' id='line_1_11' title="bbox 249 1417 1003 1501; baseline 0.005 -21"><span class='ocrx_word' id='word_1_75' title='bbox 249 1417 401 1500; x_wconf 79' lang='grc' dir='ltr'>Ἑρμείαν,</span> <span class='ocrx_word' id='word_1_76' title='bbox 418 1421 488 1483; x_wconf 86' lang='grc' dir='ltr'>ποτὶ</span> <span class='ocrx_word' id='word_1_77' title='bbox 505 1421 537 1482; x_wconf 77' lang='grc' dir='ltr'>δὲ</span> <span class='ocrx_word' id='word_1_78' title='bbox 554 1419 693 1500; x_wconf 89' lang='grc' dir='ltr'>Πρίαμον</span> <span class='ocrx_word' id='word_1_79' title='bbox 708 1419 789 1500; x_wconf 88' lang='grc' dir='ltr'>φάτο</span> <span class='ocrx_word' id='word_1_80' title='bbox 805 1419 946 1501; x_wconf 88' lang='grc' dir='ltr'>φόνησέν</span> <span class='ocrx_word' id='word_1_81' title='bbox 961 1442 1003 1484; x_wconf 92' lang='grc' dir='ltr'>τε·</span> 
     </span>
    </p>

    <p class='ocr_par' dir='ltr' id='par_1_7' title="bbox 220 1521 1198 3470">
     <span class='ocr_line' id='line_1_12' title="bbox 251 1521 1089 1613; baseline 0.002 -29"><span class='ocrx_word' id='word_1_82' title='bbox 251 1527 267 1555; x_wconf 86' lang='grc'>“</span> <span class='ocrx_word' id='word_1_83' title='bbox 277 1521 399 1602; x_wconf 82' lang='grc' dir='ltr'>φράζεο,</span> <span class='ocrx_word' id='word_1_84' title='bbox 417 1523 597 1613; x_wconf 77' lang='grc' dir='ltr'>Δαρδανίδη·</span> <span class='ocrx_word' id='word_1_85' title='bbox 622 1521 754 1605; x_wconf 86' lang='grc' dir='ltr'>φραδέος</span> <span class='ocrx_word' id='word_1_86' title='bbox 770 1524 840 1586; x_wconf 92' lang='grc' dir='ltr'>νόου</span> <span class='ocrx_word' id='word_1_87' title='bbox 856 1523 931 1606; x_wconf 81' lang='grc' dir='ltr'>ἔργα</span> <span class='ocrx_word' id='word_1_88' title='bbox 944 1522 1089 1587; x_wconf 82' lang='grc' dir='ltr'>τέτυκται.</span> 
     </span>
     <span class='ocr_line' id='line_1_13' title="bbox 250 1624 1198 1710; baseline 0.003 -23"><span class='ocrx_word' id='word_1_89' title='bbox 250 1624 332 1706; x_wconf 83' lang='grc' dir='ltr'>ἄνδρ’</span> <span class='ocrx_word' id='word_1_90' title='bbox 347 1626 433 1708; x_wconf 88' lang='grc' dir='ltr'>ὑρόω,</span> <span class='ocrx_word' id='word_1_91' title='bbox 450 1626 530 1710; x_wconf 87' lang='grc' dir='ltr'>τάχα</span> <span class='ocrx_word' id='word_1_92' title='bbox 545 1627 569 1690; x_wconf 88' lang='grc' dir='ltr'>δ’</span> <span class='ocrx_word' id='word_1_93' title='bbox 585 1626 664 1707; x_wconf 86' lang='grc' dir='ltr'>ἀμμε</span> <span class='ocrx_word' id='word_1_94' title='bbox 679 1628 909 1708; x_wconf 86' lang='grc' dir='ltr'>διαρραίσεσθαι</span> <span class='ocrx_word' id='word_1_95' title='bbox 923 1626 987 1690; x_wconf 81' lang='grc' dir='ltr'>όῖοι.</span> <span class='ocrx_word' id='word_1_96' title='bbox 1150 1653 1198 1702; x_wconf 78' lang='lat'>355</span> 
     </span>
     <span class='ocr_line' id='line_1_14' title="bbox 251 1727 1035 1812; baseline 0.004 -21"><span class='ocrx_word' id='word_1_97' title='bbox 251 1729 319 1791; x_wconf 87' lang='grc' dir='ltr'>ἀλλ’</span> <span class='ocrx_word' id='word_1_98' title='bbox 335 1729 391 1812; x_wconf 87' lang='grc' dir='ltr'>ἀγε</span> <span class='ocrx_word' id='word_1_99' title='bbox 406 1729 442 1809; x_wconf 79' lang='grc' dir='ltr'>δῆ</span> <span class='ocrx_word' id='word_1_100' title='bbox 458 1729 618 1812; x_wconf 88' lang='grc' dir='ltr'>φεύγωμεν</span> <span class='ocrx_word' id='word_1_101' title='bbox 633 1727 684 1812; x_wconf 75' lang='grc' dir='ltr'>ἐφ’</span> <span class='ocrx_word' id='word_1_102' title='bbox 699 1731 809 1808; x_wconf 88' lang='grc' dir='ltr'>ἵππων,</span> <span class='ocrx_word' id='word_1_103' title='bbox 825 1729 844 1809; x_wconf 87' lang='grc' dir='ltr'><strong><em>ἤ</em></strong></span> <span class='ocrx_word' id='word_1_104' title='bbox 861 1757 913 1808; x_wconf 89' lang='grc' dir='ltr'>μιν</span> <span class='ocrx_word' id='word_1_105' title='bbox 929 1731 1035 1794; x_wconf 78' lang='grc' dir='ltr'>ἔπειτα</span> 
     </span>
     <span class='ocr_line' id='line_1_15' title="bbox 250 1830 1025 1919; baseline 0.001 -25"><span class='ocrx_word' id='word_1_106' title='bbox 250 1833 365 1914; x_wconf 83' lang='grc' dir='ltr'>γούνων</span> <span class='ocrx_word' id='word_1_107' title='bbox 380 1832 532 1915; x_wconf 72' lang='grc' dir='ltr'>ἁψάμενοι</span> <span class='ocrx_word' id='word_1_108' title='bbox 547 1832 774 1913; x_wconf 83' lang='grc' dir='ltr'>λιτανεύσομεν,</span> <span class='ocrx_word' id='word_1_109' title='bbox 790 1835 825 1898; x_wconf 85' lang='grc' dir='ltr'>αί</span> <span class='ocrx_word' id='word_1_110' title='bbox 838 1832 863 1896; x_wconf 87' lang='grc' dir='ltr'>κ’</span> <span class='ocrx_word' id='word_1_111' title='bbox 880 1830 1025 1919; x_wconf 76' lang='grc' dir='ltr'>ἑλεήσῃ.”</span> 
     </span>
     <span class='ocr_line' id='line_1_16' title="bbox 286 1933 1154 2019; baseline 0.006 -21"><span class='ocrx_word' id='word_1_112' title='bbox 286 1933 349 2002; x_wconf 80' lang='grc' dir='ltr'>Ὣς</span> <span class='ocrx_word' id='word_1_113' title='bbox 364 1934 452 2018; x_wconf 90' lang='grc' dir='ltr'>φάτο,</span> <span class='ocrx_word' id='word_1_114' title='bbox 469 1935 526 1998; x_wconf 77' lang='grc' dir='ltr'>σὺν</span> <span class='ocrx_word' id='word_1_115' title='bbox 541 1937 574 1999; x_wconf 74' lang='grc' dir='ltr'>δὲ</span> <span class='ocrx_word' id='word_1_116' title='bbox 589 1935 705 2019; x_wconf 82' lang='grc' dir='ltr'>γέροντι</span> <span class='ocrx_word' id='word_1_117' title='bbox 721 1937 791 2003; x_wconf 88' lang='grc' dir='ltr'>νόος</span> <span class='ocrx_word' id='word_1_118' title='bbox 805 1937 889 2019; x_wconf 90' lang='grc' dir='ltr'>χύτο,</span> <span class='ocrx_word' id='word_1_119' title='bbox 905 1939 998 2002; x_wconf 90' lang='grc' dir='ltr'>δείδιε</span> <span class='ocrx_word' id='word_1_120' title='bbox 1012 1935 1040 2000; x_wconf 84' lang='grc' dir='ltr'>δ’</span> <span class='ocrx_word' id='word_1_121' title='bbox 1055 1939 1154 2013; x_wconf 80' lang='grc' dir='ltr'>αίνῶς,</span> 
     </span>
     <span class='ocr_line' id='line_1_17' title="bbox 220 2038 1021 2123; baseline 0 -20"><span class='ocrx_word' id='word_1_122' title='bbox 220 2060 222 2064; x_wconf 85' lang='grc'><strong>’</strong></span> <span class='ocrx_word' id='word_1_123' title='bbox 251 2041 335 2121; x_wconf 86' lang='grc' dir='ltr'>ὀρθαὶ</span> <span class='ocrx_word' id='word_1_124' title='bbox 350 2041 384 2104; x_wconf 78' lang='grc' dir='ltr'>δὲ</span> <span class='ocrx_word' id='word_1_125' title='bbox 399 2043 500 2123; x_wconf 85' lang='grc' dir='ltr'>τρίχες</span> <span class='ocrx_word' id='word_1_126' title='bbox 516 2039 609 2104; x_wconf 84' lang='grc' dir='ltr'>έσταν</span> <span class='ocrx_word' id='word_1_127' title='bbox 624 2040 669 2104; x_wconf 83' lang='grc' dir='ltr'>ένὶ</span> <span class='ocrx_word' id='word_1_128' title='bbox 684 2045 869 2123; x_wconf 85' lang='grc' dir='ltr'>γναμπτοῖσι</span> <span class='ocrx_word' id='word_1_129' title='bbox 883 2038 1021 2119; x_wconf 84' lang='grc' dir='ltr'>μέλεσσι,</span> 
     </span>
     <span class='ocr_line' id='line_1_18' title="bbox 250 2142 1197 2225; baseline -0.001 -18"><span class='ocrx_word' id='word_1_130' title='bbox 250 2146 307 2220; x_wconf 90' lang='grc' dir='ltr'>στῆ</span> <span class='ocrx_word' id='word_1_131' title='bbox 323 2145 355 2207; x_wconf 76' lang='grc' dir='ltr'>δὲ</span> <span class='ocrx_word' id='word_1_132' title='bbox 369 2144 484 2225; x_wconf 87' lang='grc' dir='ltr'>ταφόν·</span> <span class='ocrx_word' id='word_1_133' title='bbox 503 2142 592 2209; x_wconf 83' lang='grc' dir='ltr'>αὑτὸς</span> <span class='ocrx_word' id='word_1_134' title='bbox 607 2142 633 2206; x_wconf 89' lang='grc' dir='ltr'>δ’</span> <span class='ocrx_word' id='word_1_135' title='bbox 650 2143 795 2224; x_wconf 75' lang='grc' dir='ltr'>ἐριούνιος</span> <span class='ocrx_word' id='word_1_136' title='bbox 810 2143 937 2225; x_wconf 85' lang='grc' dir='ltr'>έγγύθευ</span> <span class='ocrx_word' id='word_1_137' title='bbox 952 2144 1059 2223; x_wconf 80' lang='grc' dir='ltr'>ἐλθόν,</span> <span class='ocrx_word' id='word_1_138' title='bbox 1148 2157 1197 2218; x_wconf 77' lang='lat'>3⁶0</span> 
     </span>
     <span class='ocr_line' id='line_1_19' title="bbox 249 2244 982 2330; baseline 0.001 -20"><span class='ocrx_word' id='word_1_139' title='bbox 249 2251 337 2330; x_wconf 85' lang='grc' dir='ltr'>χεῖρα</span> <span class='ocrx_word' id='word_1_140' title='bbox 351 2245 489 2330; x_wconf 89' lang='grc' dir='ltr'>γέροντος</span> <span class='ocrx_word' id='word_1_141' title='bbox 503 2247 583 2310; x_wconf 74' lang='grc' dir='ltr'>ἑλὼν</span> <span class='ocrx_word' id='word_1_142' title='bbox 597 2244 729 2328; x_wconf 76' lang='grc' dir='ltr'>ἐξείρετο</span> <span class='ocrx_word' id='word_1_143' title='bbox 745 2248 795 2310; x_wconf 86' lang='grc' dir='ltr'>καὶ</span> <span class='ocrx_word' id='word_1_144' title='bbox 810 2245 982 2330; x_wconf 90' lang='grc' dir='ltr'>προσέειπε·</span> 
     </span>
     <span class='ocr_line' id='line_1_20' title="bbox 249 2348 1039 2435; baseline 0.003 -21"><span class='ocrx_word' id='word_1_145' title='bbox 249 2350 327 2435; x_wconf 61' lang='lat' dir='ltr'><strong>“vrfi,</strong></span> <span class='ocrx_word' id='word_1_146' title='bbox 343 2348 446 2432; x_wconf 88' lang='grc' dir='ltr'>πάτερ,</span> <span class='ocrx_word' id='word_1_147' title='bbox 463 2349 512 2414; x_wconf 80' lang='grc' dir='ltr'>ὧδ’</span> <span class='ocrx_word' id='word_1_148' title='bbox 529 2351 639 2416; x_wconf 91' lang='grc' dir='ltr'>ἵππους</span> <span class='ocrx_word' id='word_1_149' title='bbox 654 2376 687 2414; x_wconf 91' lang='grc' dir='ltr'>τε</span> <span class='ocrx_word' id='word_1_150' title='bbox 703 2348 752 2414; x_wconf 80' lang='grc' dir='ltr'>καὶ</span> <span class='ocrx_word' id='word_1_151' title='bbox 771 2349 913 2429; x_wconf 77' lang='grc' dir='ltr'>ἡμιόνους</span> <span class='ocrx_word' id='word_1_152' title='bbox 928 2351 1039 2416; x_wconf 77' lang='grc' dir='ltr'>ἰθύνεις</span> 
     </span>
     <span class='ocr_line' id='line_1_21' title="bbox 248 2450 1088 2536; baseline 0.002 -20"><span class='ocrx_word' id='word_1_153' title='bbox 248 2453 340 2516; x_wconf 83' lang='grc' dir='ltr'>νύκτα</span> <span class='ocrx_word' id='word_1_154' title='bbox 354 2450 392 2516; x_wconf 87' lang='grc' dir='ltr'>δι’</span> <span class='ocrx_word' id='word_1_155' title='bbox 408 2453 590 2534; x_wconf 87' lang='grc' dir='ltr'>ἀμβροσίην,</span> <span class='ocrx_word' id='word_1_156' title='bbox 605 2455 658 2518; x_wconf 80' lang='grc' dir='ltr'>ὅτε</span> <span class='ocrx_word' id='word_1_157' title='bbox 672 2451 700 2517; x_wconf 88' lang='grc' dir='ltr'>θ’</span> <span class='ocrx_word' id='word_1_158' title='bbox 716 2455 837 2519; x_wconf 89' lang='grc' dir='ltr'>εὑδουσι</span> <span class='ocrx_word' id='word_1_159' title='bbox 852 2452 960 2536; x_wconf 82' lang='grc' dir='ltr'>βροτοὶ</span> <span class='ocrx_word' id='word_1_160' title='bbox 975 2454 1088 2530; x_wconf 87' lang='grc' dir='ltr'>άλλοι,·</span> 
     </span>
     <span class='ocr_line' id='line_1_22' title="bbox 249 2553 1003 2640; baseline 0.008 -22"><span class='ocrx_word' id='word_1_161' title='bbox 249 2556 317 2619; x_wconf 79' lang='grc' dir='ltr'>οὑδὲ</span> <span class='ocrx_word' id='word_1_162' title='bbox 332 2555 372 2618; x_wconf 87' lang='grc' dir='ltr'>σύ</span> <span class='ocrx_word' id='word_1_163' title='bbox 389 2553 419 2639; x_wconf 89' lang='grc' dir='ltr'>γ’</span> <span class='ocrx_word' id='word_1_164' title='bbox 435 2557 555 2623; x_wconf 84' lang='grc' dir='ltr'>ἔδεισας</span> <span class='ocrx_word' id='word_1_165' title='bbox 569 2557 662 2636; x_wconf 91' lang='grc' dir='ltr'>μένεα</span> <span class='ocrx_word' id='word_1_166' title='bbox 677 2558 835 2624; x_wconf 88' lang='grc' dir='ltr'>πνείοντας</span> <span class='ocrx_word' id='word_1_167' title='bbox 852 2554 1003 2640; x_wconf 85' lang='grc' dir='ltr'>Ἀχαιούς,</span> 
     </span>
     <span class='ocr_line' id='line_1_23' title="bbox 249 2658 1196 2744; baseline 0.001 -23"><span class='ocrx_word' id='word_1_168' title='bbox 249 2661 281 2722; x_wconf 89' lang='grc' dir='ltr'>οἵ</span> <span class='ocrx_word' id='word_1_169' title='bbox 293 2684 340 2723; x_wconf 83' lang='grc' dir='ltr'>τοι</span> <span class='ocrx_word' id='word_1_170' title='bbox 354 2658 516 2739; x_wconf 89' lang='grc' dir='ltr'>δυσμενέες</span> <span class='ocrx_word' id='word_1_171' title='bbox 531 2659 580 2724; x_wconf 86' lang='grc' dir='ltr'>καὶ</span> <span class='ocrx_word' id='word_1_172' title='bbox 595 2660 734 2744; x_wconf 89' lang='grc' dir='ltr'>ἀνάρσιοι</span> <span class='ocrx_word' id='word_1_173' title='bbox 749 2659 838 2744; x_wconf 82' lang='grc' dir='ltr'>έγγὺς</span> <span class='ocrx_word' id='word_1_174' title='bbox 854 2661 944 2736; x_wconf 69' lang='grc' dir='ltr'>ἔασι,</span> <span class='ocrx_word' id='word_1_175' title='bbox 1146 2674 1196 2736; x_wconf 74' lang='lat'>5⁶5</span> 
     </span>
     <span class='ocr_line' id='line_1_24' title="bbox 248 2764 998 2845; baseline 0.008 -22"><span class='ocrx_word' id='word_1_176' title='bbox 248 2769 309 2825; x_wconf 81' lang='grc' dir='ltr'>τῶν</span> <span class='ocrx_word' id='word_1_177' title='bbox 322 2766 353 2827; x_wconf 84' lang='grc' dir='ltr'>εἵ</span> <span class='ocrx_word' id='word_1_178' title='bbox 365 2764 411 2829; x_wconf 90' lang='grc' dir='ltr'>τίς</span> <span class='ocrx_word' id='word_1_179' title='bbox 427 2790 463 2828; x_wconf 93' lang='grc' dir='ltr'>σε</span> <span class='ocrx_word' id='word_1_180' title='bbox 481 2766 576 2829; x_wconf 80' lang='grc' dir='ltr'>ἴδοιτο</span> <span class='ocrx_word' id='word_1_181' title='bbox 592 2765 666 2845; x_wconf 83' lang='grc' dir='ltr'>θοῆν</span> <span class='ocrx_word' id='word_1_182' title='bbox 679 2767 732 2828; x_wconf 77' lang='grc' dir='ltr'>διὰ</span> <span class='ocrx_word' id='word_1_183' title='bbox 746 2766 837 2830; x_wconf 90' lang='grc' dir='ltr'>νύκτα</span> <span class='ocrx_word' id='word_1_184' title='bbox 850 2764 998 2845; x_wconf 88' lang='grc' dir='ltr'>μέλαιναν</span> 
     </span>
     <span class='ocr_line' id='line_1_25' title="bbox 250 2864 1034 2950; baseline 0.006 -23"><span class='ocrx_word' id='word_1_185' title='bbox 250 2864 376 2930; x_wconf 88' lang='grc' dir='ltr'>τοσσάδ’</span> <span class='ocrx_word' id='word_1_186' title='bbox 392 2865 504 2930; x_wconf 86' lang='grc' dir='ltr'>ὀνείατ’</span> <span class='ocrx_word' id='word_1_187' title='bbox 518 2867 639 2950; x_wconf 86' lang='grc' dir='ltr'>ἀγοντα,</span> <span class='ocrx_word' id='word_1_188' title='bbox 655 2870 700 2936; x_wconf 89' lang='grc' dir='ltr'>τίς</span> <span class='ocrx_word' id='word_1_189' title='bbox 716 2868 754 2934; x_wconf 84' lang='grc' dir='ltr'>ἂν</span> <span class='ocrx_word' id='word_1_190' title='bbox 768 2868 804 2948; x_wconf 91' lang='grc' dir='ltr'>δή</span> <span class='ocrx_word' id='word_1_191' title='bbox 821 2895 867 2933; x_wconf 90' lang='grc' dir='ltr'>τοι</span> <span class='ocrx_word' id='word_1_192' title='bbox 885 2872 954 2935; x_wconf 89' lang='grc' dir='ltr'>νόος</span> <span class='ocrx_word' id='word_1_193' title='bbox 969 2871 1034 2948; x_wconf 70' lang='grc' dir='ltr'>εἵη,</span> 
     </span>
     <span class='ocr_line' id='line_1_26' title="bbox 248 2969 1040 3055; baseline 0.005 -24"><span class='ocrx_word' id='word_1_194' title='bbox 248 2969 308 3032; x_wconf 84' lang='grc' dir='ltr'>οὔτ’</span> <span class='ocrx_word' id='word_1_195' title='bbox 324 2970 493 3038; x_wconf 83' lang='grc' dir='ltr'>αὑτὸς-νέος</span> <span class='ocrx_word' id='word_1_196' title='bbox 508 2973 589 3046; x_wconf 76' lang='grc' dir='ltr'>ἐσσί,</span> <span class='ocrx_word' id='word_1_197' title='bbox 605 2971 699 3055; x_wconf 86' lang='grc' dir='ltr'>γέρων</span> <span class='ocrx_word' id='word_1_198' title='bbox 714 2971 748 3038; x_wconf 89' lang='grc' dir='ltr'>δέ</span> <span class='ocrx_word' id='word_1_199' title='bbox 763 2999 810 3037; x_wconf 87' lang='grc' dir='ltr'>τοι</span> <span class='ocrx_word' id='word_1_200' title='bbox 826 2974 911 3039; x_wconf 88' lang='grc' dir='ltr'>οὑτος</span> <span class='ocrx_word' id='word_1_201' title='bbox 926 2974 1040 3052; x_wconf 82' lang='grc' dir='ltr'>ὀπηδεῖ,</span> 
     </span>
     <span class='ocr_line' id='line_1_27' title="bbox 249 3072 1035 3162; baseline 0.003 -26"><span class='ocrx_word' id='word_1_202' title='bbox 249 3072 329 3156; x_wconf 79' lang='grc' dir='ltr'>ἄνδρ’</span> <span class='ocrx_word' id='word_1_203' title='bbox 344 3074 567 3155; x_wconf 89' lang='grc' dir='ltr'>ἀπαμύνασθαι,</span> <span class='ocrx_word' id='word_1_204' title='bbox 583 3077 634 3141; x_wconf 85' lang='grc' dir='ltr'>ὅτε</span> <span class='ocrx_word' id='word_1_205' title='bbox 648 3102 694 3144; x_wconf 91' lang='grc' dir='ltr'>τις</span> <span class='ocrx_word' id='word_1_206' title='bbox 709 3079 852 3159; x_wconf 84' lang='grc' dir='ltr'>πρότερος</span> <span class='ocrx_word' id='word_1_207' title='bbox 866 3073 1035 3162; x_wconf 73' lang='grc' dir='ltr'>χαλεπήνῃ.</span> 
     </span>
     <span class='ocr_line' id='line_1_28' title="bbox 248 3175 1195 3262; baseline 0.004 -23"><span class='ocrx_word' id='word_1_208' title='bbox 248 3175 317 3239; x_wconf 87' lang='grc' dir='ltr'>ἀλλ’</span> <span class='ocrx_word' id='word_1_209' title='bbox 334 3178 393 3260; x_wconf 82' lang='grc' dir='ltr'>έγδ</span> <span class='ocrx_word' id='word_1_210' title='bbox 408 3177 494 3244; x_wconf 80' lang='grc' dir='ltr'>οὐδέν</span> <span class='ocrx_word' id='word_1_211' title='bbox 509 3205 546 3243; x_wconf 91' lang='grc' dir='ltr'>σε</span> <span class='ocrx_word' id='word_1_212' title='bbox 559 3177 635 3262; x_wconf 70' lang='grc' dir='ltr'>ῥέξαι</span> <span class='ocrx_word' id='word_1_213' title='bbox 651 3179 736 3258; x_wconf 88' lang='grc' dir='ltr'>κακά,</span> <span class='ocrx_word' id='word_1_214' title='bbox 752 3181 801 3244; x_wconf 91' lang='grc' dir='ltr'>καὶ</span> <span class='ocrx_word' id='word_1_215' title='bbox 816 3178 849 3243; x_wconf 92' lang='grc' dir='ltr'>δέ</span> <span class='ocrx_word' id='word_1_216' title='bbox 863 3205 914 3244; x_wconf 90' lang='grc' dir='ltr'>κεν</span> <span class='ocrx_word' id='word_1_217' title='bbox 929 3179 1027 3241; x_wconf 89' lang='grc' dir='ltr'>ἀλλον</span> <span class='ocrx_word' id='word_1_218' title='bbox 1084 3231 1087 3240; x_wconf 72' lang='grc'>,</span> <span class='ocrx_word' id='word_1_219' title='bbox 1146 3202 1195 3256; x_wconf 81' lang='lat'>370</span> 
     </span>
     <span class='ocr_line' id='line_1_29' title="bbox 248 3280 1005 3368; baseline 0.001 -26"><span class='ocrx_word' id='word_1_220' title='bbox 248 3284 303 3344; x_wconf 83' lang='grc' dir='ltr'>σεῦ</span> <span class='ocrx_word' id='word_1_221' title='bbox 318 3280 555 3361; x_wconf 76' lang='grc' dir='ltr'>ἀπαλεξήσαιμι·</span> <span class='ocrx_word' id='word_1_222' title='bbox 579 3284 661 3368; x_wconf 82' lang='grc' dir='ltr'>φίλῳ</span> <span class='ocrx_word' id='word_1_223' title='bbox 678 3283 713 3347; x_wconf 90' lang='grc' dir='ltr'>δέ</span> <span class='ocrx_word' id='word_1_224' title='bbox 729 3310 766 3347; x_wconf 90' lang='grc' dir='ltr'>σε</span> <span class='ocrx_word' id='word_1_225' title='bbox 781 3284 870 3365; x_wconf 84' lang='grc' dir='ltr'>πατρὶ</span> <span class='ocrx_word' id='word_1_226' title='bbox 885 3280 1005 3344; x_wconf 80' lang='grc' dir='ltr'>έίσκω.”</span> 
     </span>
     <span class='ocr_line' id='line_1_30' title="bbox 288 3385 1087 3470; baseline 0.008 -23"><span class='ocrx_word' id='word_1_227' title='bbox 288 3389 353 3449; x_wconf 84' lang='grc' dir='ltr'>Τὸν</span> <span class='ocrx_word' id='word_1_228' title='bbox 368 3385 393 3448; x_wconf 89' lang='grc' dir='ltr'>δ’</span> <span class='ocrx_word' id='word_1_229' title='bbox 409 3386 545 3466; x_wconf 81' lang='grc' dir='ltr'>ἠμείβετ’</span> <span class='ocrx_word' id='word_1_230' title='bbox 562 3387 667 3451; x_wconf 81' lang='grc' dir='ltr'>ἔπειτα</span> <span class='ocrx_word' id='word_1_231' title='bbox 682 3387 776 3470; x_wconf 87' lang='grc' dir='ltr'>γέρων</span> <span class='ocrx_word' id='word_1_232' title='bbox 792 3387 928 3468; x_wconf 89' lang='grc' dir='ltr'>Πρίαμος</span> <span class='ocrx_word' id='word_1_233' title='bbox 944 3385 1087 3466; x_wconf 89' lang='grc' dir='ltr'>θεοειδής·</span> 
     </span>
    </p>
   </div>
   <div class='ocr_carea' id='block_1_3' title="bbox 247 3487 1192 3780">
    <p class='ocr_par' dir='ltr' id='par_1_8' title="bbox 247 3487 1192 3780">
     <span class='ocr_line' id='line_1_31' title="bbox 248 3487 1083 3576; baseline 0.006 -26"><span class='ocrx_word' id='word_1_234' title='bbox 248 3490 352 3552; x_wconf 79' lang='grc' dir='ltr'>“οὑτιν</span> <span class='ocrx_word' id='word_1_235' title='bbox 371 3515 412 3576; x_wconf 77' lang='grc' dir='ltr'>πῃ</span> <span class='ocrx_word' id='word_1_236' title='bbox 427 3489 499 3554; x_wconf 82' lang='grc' dir='ltr'>τάδε</span> <span class='ocrx_word' id='word_1_237' title='bbox 513 3487 543 3572; x_wconf 89' lang='grc' dir='ltr'>γ’</span> <span class='ocrx_word' id='word_1_238' title='bbox 559 3492 634 3568; x_wconf 83' lang='grc' dir='ltr'>έστί,</span> <span class='ocrx_word' id='word_1_239' title='bbox 651 3490 745 3571; x_wconf 87' lang='grc' dir='ltr'>φίλου</span> <span class='ocrx_word' id='word_1_240' title='bbox 760 3489 851 3568; x_wconf 89' lang='grc' dir='ltr'>τέκος,</span> <span class='ocrx_word' id='word_1_241' title='bbox 868 3490 907 3555; x_wconf 79' lang='grc' dir='ltr'>ὣς</span> <span class='ocrx_word' id='word_1_242' title='bbox 923 3490 1083 3572; x_wconf 89' lang='grc' dir='ltr'>ἀγορεύεις.</span> 
     </span>
     <span class='ocr_line' id='line_1_32' title="bbox 247 3590 1004 3678; baseline 0.007 -24"><span class='ocrx_word' id='word_1_243' title='bbox 247 3590 318 3654; x_wconf 87' lang='grc' dir='ltr'>ἀλλ’</span> <span class='ocrx_word' id='word_1_244' title='bbox 334 3592 379 3656; x_wconf 86' lang='grc' dir='ltr'>έτι</span> <span class='ocrx_word' id='word_1_245' title='bbox 394 3620 440 3660; x_wconf 83' lang='grc' dir='ltr'>τις</span> <span class='ocrx_word' id='word_1_246' title='bbox 455 3595 504 3658; x_wconf 88' lang='grc' dir='ltr'>καὶ</span> <span class='ocrx_word' id='word_1_247' title='bbox 520 3596 603 3673; x_wconf 84' lang='grc' dir='ltr'>έμεῖο</span> <span class='ocrx_word' id='word_1_248' title='bbox 619 3597 696 3660; x_wconf 82' lang='grc' dir='ltr'>θεῶν</span> <span class='ocrx_word' id='word_1_249' title='bbox 710 3593 894 3678; x_wconf 81' lang='grc' dir='ltr'>ὑπερέσχεθε</span> <span class='ocrx_word' id='word_1_250' title='bbox 908 3599 1004 3678; x_wconf 83' lang='grc' dir='ltr'>χεῖρα,</span> 
     </span>
     <span class='ocr_line' id='line_1_33' title="bbox 247 3695 1192 3780; baseline 0.01 -22"><span class='ocrx_word' id='word_1_251' title='bbox 247 3697 281 3760; x_wconf 88' lang='grc' dir='ltr'>ός</span> <span class='ocrx_word' id='word_1_252' title='bbox 292 3721 343 3774; x_wconf 85' lang='grc' dir='ltr'>μοι</span> <span class='ocrx_word' id='word_1_253' title='bbox 360 3695 469 3761; x_wconf 88' lang='grc' dir='ltr'>τοιόνδ’</span> <span class='ocrx_word' id='word_1_254' title='bbox 485 3698 557 3776; x_wconf 88' lang='grc' dir='ltr'>ῆκεν</span> <span class='ocrx_word' id='word_1_255' title='bbox 572 3700 732 3780; x_wconf 84' lang='grc' dir='ltr'>ὁδοιπόρον</span> <span class='ocrx_word' id='word_1_256' title='bbox 747 3699 959 3779; x_wconf 80' lang='grc' dir='ltr'>ἀντιβολῆσαι,</span> <span class='ocrx_word' id='word_1_257' title='bbox 1145 3725 1192 3776; x_wconf 78' lang='lat'>375</span> 
     </span>
    </p>
   </div>
   <div class='ocr_carea' id='block_1_4' title="bbox 0 0 1458 4232">
    <p class='ocr_par' dir='ltr' id='par_1_9' title="bbox 0 0 1458 4232">
     <span class='ocr_line' id='line_1_34' title="bbox 0 0 1458 4232; baseline 0 1"><span class='ocrx_word' id='word_1_258' title='bbox 0 0 1458 4232; x_wconf 95' lang='lat' dir='ltr'> </span> 
     </span>
    </p>
   </div>
  </div>
 </body>
</html>
