2848 4296
509 357 563 420 18.
588 360 762 420 ΙΛΙΑΔΟΣ
781 363 816 421 Σ.
1074 378 1138 448 375

195 523 235 608 δή
249 525 344 590 πάλιν
360 525 416 591 εἶσ’
435 527 485 590 ἐπὶ
501 529 582 605 νῆας,
599 527 667 590 ἐπεί
682 525 708 589 κ’
725 525 899 609 ἐριαύχενας
914 529 1025 592 ίππους
1088 539 1136 589 280

195 630 331 711 παντοίου
347 631 457 710 δρόμου
473 629 535 716 άσῃ
550 628 609 693 ὑπὸ
625 629 736 696 πτόλιν
750 627 940 709 ἠλασκάζων·

195 734 261 796 είσω
276 731 301 796 δ’
319 733 353 796 οὑ
367 758 420 812 μιν
436 732 533 811 θνμδς·
543 733 752 813 ἐφορμηθῆναι
768 731 862 810 ἐάσει,

195 833 255 913 αὑδέ
271 835 336 899 ποτ’
354 834 506 914 ἐκπέρσει·
529 836 599 916 πρίν
613 860 666 915 μιν
682 835 766 902 κύνες
782 837 868 920 ἀργοὶ
884 837 1027 902 έδονται.”

231 939 294 1002 Τὸν
309 937 335 1002 δ’
352 939 396 1020 ἀρ’
413 940 528 1022 ὑπόδρα
544 939 616 1003 ίδὺιν
631 937 773 1021 προσέφη
789 941 986 1022 κορυθαίολος
997 939 1125 1022 Ἕκτωρ·

196 1047 209 1074 “
218 1041 411 1121 Πουλυδάμα,
423 1042 462 1106 σὺ
472 1045 528 1121 μὲν
541 1041 637 1116 οὐκέτ’
648 1043 714 1121 ἐμοὶ
727 1045 805 1124 φίλα
816 1043 896 1112 ταῦτ’
909 1043 1071 1126 ἀγορεύεις,
1090 1058 1138 1118 ²⁸5

195 1145 223 1212 ὃς
238 1144 340 1211 κέλεαι
356 1149 432 1209 κατὰ
448 1146 525 1210 ἄστυ
542 1143 697 1226 ἀλήμεναι
707 1145 790 1212 αὑτις
806 1147 915 1212 ἰόντας.

195 1249 258 1328 ήοὺ
274 1274 320 1313 πω
336 1249 501 1330 κεκόρησθε
517 1248 656 1330 ἐελμένοι
672 1250 771 1314 ἔνδοθι
787 1250 907 1333 πύργων
914 1276 927 1325 ,·

195 1355 260 1434 πρὶν
273 1355 328 1434 μέν
341 1356 400 1436 γάρ
417 1351 569 1435 Πριάμοιο
586 1353 678 1417 πόλιν
693 1353 822 1435 μέροπες
838 1355 990 1436 ἄνθρωποι

195 1455 300 1522 πάντες
313 1456 502 1537 μυθέσκοντο
519 1456 715 1540 πολύχρυσον
730 1458 937 1540 πολύχαλκον·

156 1627 157 1632 1
195 1566 243 1624 νῦν
258 1563 290 1624 δέ
306 1561 342 1640 δὴ
359 1559 539 1639 ἐξαπόλωλε
554 1560 653 1640 δόμων
669 1559 809 1640 κειμήλια
829 1561 916 1638 καλά,
1093 1587 1140 1637 ²90

195 1664 295 1728 πολλὰ
311 1666 343 1727 δὲ
359 1665 396 1744 δή
411 1666 547 1747 Φρυγίην
561 1665 610 1728 καὶ
626 1666 767 1750 Μῃονίην
782 1666 937 1747 ἐρατεινήν

195 1765 326 1847 κτήματα
340 1767 498 1848 περνάμεν’
517 1770 583 1844 ίκει,
601 1769 668 1842 ἐπεὶ
682 1767 776 1851 μέγας
792 1768 928 1838 ὠδύσατο
943 1769 1028 1834 Ζεύς.
1068 1807 1070 1814 >

195 1876 245 1944 νῦν
259 1870 285 1935 δ’
302 1872 353 1935 ὅτε
368 1871 424 1952 πέρ
439 1895 490 1951 μοι
507 1873 599 1936 ἔδωκε
616 1873 731 1953 Κρόνου
745 1870 816 1936 πάϊς
832 1871 1045 1954 ἀγκυλομήτεω

195 1979 279 2041 κὺδος
294 1973 398 2055 ἀρέσθ’
415 1976 465 2039 ἐπὶ
482 1975 581 2053 νηυσί,
599 1974 742 2061 θαλάσσῃ
758 1973 784 2037 τ’
800 1975 891 2039 ἔλσαι
905 1974 1060 2058 Ἀχαιούς,

195 2075 291 2156 νήπιε,
305 2077 412 2157 μηκέτι
427 2083 520 2141 ταῦτα
536 2076 670 2158 νοήματα
685 2077 767 2159 φαῖν’
786 2080 834 2142 ἐνὶ·
846 2077 939 2163 δήμῳ·
1093 2070 1145 2156 α95ἀ

195 2181 229 2244 οὑ
244 2180 300 2263 γάρ
316 2206 361 2246 τις
374 2182 487 2261 Τριόων
503 2182 702 2245 ἐπιπείσεται·
727 2182 761 2244 οὑ
775 2185 834 2263 γάρ
849 2180 940 2250 ἐάσω.

196 2285 263 2348 ἀλλ’
281 2281 364 2368 ἄγεθ’
379 2284 418 2350 ὡς
433 2283 471 2349 ἀν
490 2286 548 2367 ἐγὼ
566 2287 650 2360 εἴπω,
668 2287 839 2365 πειθόμεθα
854 2284 974 2353 πάντες.

196 2394 248 2452 νῦν
261 2391 318 2468 μὲν
332 2389 444 2468 δόρπον
459 2387 569 2453 έλεσθε
586 2392 662 2451 κατά
677 2389 806 2470 στρατὸν
821 2391 855 2452 ἐν
870 2387 1021 2466 τελέεσσι,

197 2493 244 2554 καὶ
259 2495 399 2572 φυλακῆς
412 2489 581 2570 μνήσασθε,
600 2494 649 2556 καὶ
666 2491 828 2575 ἐγρήγορθε
844 2493 981 2560 ἕκαστος·

195 2596 307 2676 Τρόων
321 2593 348 2658 δ’
366 2593 399 2660 δς
414 2592 593 2659 κτεάτεσσιν
609 2595 804 2678 ὑπερφιάλως
819 2596 941 2675 ἀνιάζει,
1096 2623 1144 2670 300

197 2696 349 2776 συλλέξας
364 2701 468 2760 λαοῖσι
484 2699 561 2772 δότω
578 2703 873 2780 καταδημοβορῆσαι·

196 2808 257 2865 τῶν
270 2804 337 2866 τινά
351 2800 502 2882 βέλτερόν
518 2804 603 2866 ἐστιν
619 2801 785 2884 ἐπαυρέμεν
799 2802 824 2883 ή
833 2825 889 2885 περ
906 2800 1058 2886 Ἀχαιούς.

197 2911 275 2986 πρῶϊ
290 2903 316 2968 δ’
332 2906 453 2982 ὑπηοῖοι
469 2904 525 2976 σὺν
541 2906 665 2988 τεύχεσι
678 2901 888 2990 Ιθωρηχθέντες

197 3007 305 3087 νηυσὶν
321 3008 372 3072 ἐπι
387 3009 581 3093 γλαφυρῇσιν
597 3010 752 3092 ἐγείρομεν
766 3008 839 3088 ὀξὺν
850 3009 957 3090 Ἀρηα.

197 3113 224 3175 εί
240 3109 267 3174 δ’
283 3111 368 3175 ε’τεὸν
383 3114 464 3193 παρά
479 3117 590 3194 ναῦφιν
606 3112 718 3192 ἀνέστη
735 3117 798 3178 δῖος
813 3109 1000 3195 Ἀχιλλεύς,
1098 3141 1146 3190 305

197 3214 317 3297 ἄλγιον,
335 3217 369 3278 αἵ
383 3212 409 3277 κ’
426 3215 562 3302 ἐθέλῃσι,
579 3219 619 3301 τῷ
637 3217 770 3288 ἔσσεται·
793 3215 827 3278 οὑ
840 3241 892 3295 μιν
904 3215 963 3299 ἐγιί
977 3241 1014 3298 γε

198 3318 350 3398 φεύξομαι
366 3321 399 3384 ἐκ
417 3317 565 3399 πολέμοιο
582 3319 738 3402 δυσηχέος,
755 3321 837 3382 ἀλλά
850 3317 928 3399 μάλ’Ι
938 3322 1031 3398 ἀν-την

199 3421 363 3502 στήσομαι,
379 3421 399 3502 ή
415 3449 448 3486 κε
464 3422 576 3510 φέρῃσι
591 3423 669 3506 μέγα
685 3421 799 3506 κράτος,
815 3423 834 3503 ἦ
850 3449 883 3487 κε
894 3425 1050 3505 φεροίμην.

199 3523 289 3603 ξυνὸς
301 3525 471 3605 Ἐνυάλιος,
487 3527 538 3590 καί
552 3552 586 3591 τε
601 3526 763 3592 κτανέοντα
778 3521 933 3590 κατέκτα’.”

237 3627 302 3697 Ὣς
312 3629 431 3711 Ἕκτωρ
448 3627 576 3712 ἀγόρευ’,
591 3629 641 3694 ἐπὶ
657 3631 689 3693 δὲ
703 3634 805 3712 Τρῶες
820 3630 1001 3712 κελάδησαν,
1099 3658 1148 3706 310

200 3732 314 3812 νήπιοι·
339 3735 373 3796 ἐκ
388 3730 446 3816 γάρ
462 3740 567 3814 σφεων
581 3733 694 3815 φρένας
710 3736 808 3799 είλετο
824 3739 955 3804 Παλλάς
969 3736 1090 3816 Ἀθήνη.
