2834 4234
502 325 550 377 11.
574 289 807 372 οΔςςΣυιΑΣ
837 315 873 374 Λ.
1093 313 1157 397 ⁶79

210 479 313 562 ἔσχον·
336 479 394 561 ἐγὼ
411 477 436 542 δ’
451 478 506 560 ἄορ
521 477 574 558 ὀξὺ
590 481 792 561 ἐρυσσάμενος
806 483 885 565 παρὰ
901 490 995 564 μηροῦ

209 584 323 663 βόθρον
339 581 421 664 ὄρυξ’
437 583 534 647 ὅσσον
549 609 582 648 τε
597 584 763 667 πυγούσιον
779 586 849 650 ένθα
866 589 913 650 καὶ
929 589 1009 664 ἔνθα,
1126 615 1157 664 25

210 686 285 765 ἀμφ’
300 687 377 770 αὐτῷ
394 690 426 750 δὲ
441 685 520 769 χοὴν
533 688 647 771 χεόμην
662 692 756 753 πᾶσιν
771 689 921 768 νεκύεσσι,

211 791 313 870 πρῶτα
326 789 504 874 μελικρήτῳ,
519 791 680 868 μετέπειτα
696 794 728 855 δέ
743 791 815 870 ήδέί.
825 795 904 877 οἴνῳ,

210 893 244 954 τδ
259 893 360 974 τρίτου
375 893 440 956 αὖθ’
455 894 548 958 ύδατι·
572 896 621 958 ἐπὶ
637 895 662 958 δ’
675 895 791 976 ἄλφιτα
809 897 902 961 λευκὰ
918 896 1062 965 πάλυνον.

209 994 312 1058 πολλὰ
328 999 361 1060 δὲ
375 998 544 1079 γουνούμην
565 998 677 1062 νεκύων
692 1000 826 1080 ἀμενηνὰ
844 1001 963 1084 κάρηνα,

211 1101 309 1165 ἐλθὼν
325 1101 367 1170 εἷς
382 1100 502 1180 Ἰθάκην
518 1106 642 1184 στεῖραν
656 1109 741 1182 βοῦν,
756 1105 776 1183 ἥ
791 1129 836 1172 τις
852 1106 970 1186 ἀρίστη,

208 1201 307 1283 ῥέξειν
323 1206 356 1268 ἐν
369 1204 527 1286 μεγάροισι
544 1205 639 1288 πυρήν
653 1207 679 1269 τ’
694 1209 889 1289 ἐμπλησέμεν
905 1212 1035 1285 ἐσθλῶν,

209 1309 350 1392 Τειρεσίῃ
366 1308 390 1372 δ’
407 1307 574 1374 ἀπάνευθεν
589 1312 639 1375 ὄϊν
656 1311 827 1391 ἱερευσέμεν
843 1313 894 1397 οίῳ

210 1408 388 1490 παμμέλαν’,
406 1409 438 1477 δς
452 1411 578 1490 μήλοισι
593 1414 776 1496 μεταπρέπει
791 1416 974 1498 ἡμετέροισι.

211 1513 277 1580 τοὺς
293 1513 317 1578 δ’
329 1513 393 1578 ἐπεὶ
410 1515 563 1604 εὐχωλῇσι
580 1519 686 1603 λιτῇσί
698 1545 741 1592 τε,
758 1520 847 1584 ἐθνεα
862 1527 983 1601 νεκρῶν,

212 1619 390 1699 ἐλλισάμην,
406 1619 443 1682 τὰ
459 1621 491 1683 δὲ
505 1623 589 1699 μῆλα
604 1623 712 1701 λαβὼν
727 1624 986 1704 ἀπεδειροτόμησα

212 1725 243 1789 ἐς
258 1723 381 1804 βόθρον,
395 1722 443 1806 ῥέε
459 1723 483 1787 δ’
500 1725 575 1804 αίμα
590 1725 779 1814 κελαινεφές·
799 1729 830 1790 αἱ
846 1728 871 1791 δ’
887 1728 1029 1810 ἀγέροντο

210 1823 308 1908 ψυχαὶ
323 1827 400 1905 ῦπέξ
412 1825 556 1909 Ἐρέβευς
572 1830 683 1896 νεκύων
699 1832 956 1908 κατατεθνηώτων.

180 1917 181 1920 ¹
212 1930 325 2010 νύμφαι
340 1931 366 1992 τ’
380 1929 479 2010 ἠίθεοί
494 1959 527 1996 τε
543 1933 732 2009 πολύτλητοί
744 1959 777 1996 τε
792 1932 931 2015 γέροντες

211 2035 389 2113 παρθενικαί
402 2033 427 2096 τ’
443 2035 551 2098 ἀταλαὶ
566 2036 728 2098 νεοπενθέα
744 2037 838 2115 θυμὸν
854 2035 990 2118 ἔχουσαι·

211 2139 324 2200 πολλοὶ
340 2135 365 2200 δ’
380 2137 537 2218 ούτάμενοι
552 2136 740 2221 χαλκήρεσιν
755 2140 922 2225 ἐγχείῃσιν,

211 2240 315 2322 ἄνδρες
330 2239 492 2323 ἀρηίφατοι
507 2243 724 2324 βεβροτωμένα
740 2243 837 2326 τεύχε’
854 2243 985 2327 ἔχοντες·

212 2343 240 2407 οἳ
256 2343 367 2409 πολλοὶ
381 2347 450 2426 περὶ
464 2346 580 2428 βόθρον
595 2348 726 2427 ἐφοίτων
742 2346 875 2410 ἄλλοθεν
891 2348 987 2413 ἀλλος

213 2450 359 2534 θεσπεσίη
377 2452 457 2536 ἰαχῇ·
482 2450 535 2528 ἐμὲ
551 2452 584 2512 δὲ
598 2450 719 2532 χλωρδν
735 2449 802 2515 δέος
816 2447 892 2536 ᾔρει.

213 2552 247 2629 δή
262 2553 323 2615 τότ’
336 2554 430 2618 ἔπειθ’
447 2552 599 2634 ἑτάροισιν
616 2553 776 2634 ἐποτρύνας
791 2553 937 2619 ἐκέλευσα

211 2657 303 2734 μῆλα,
319 2659 357 2720 τδ
372 2656 408 2735 δὴ
425 2656 567 2720 κατέκειτ’
582 2657 762 2738 ἐσφαγμένα
778 2655 863 2732 νηλέϊ
878 2665 993 2743 χαλκῷ,

212 2760 365 2836 δείραντας
381 2765 534 2840 κατακῆαι,
549 2759 734 2839 ἐπεύξασθαι
750 2763 782 2824 δέ
797 2765 921 2840 θεοῖσιν,

213 2865 326 2948 ίφθίμῳ
345 2863 370 2925 τ’
385 2863 472 2950 Ἀίδῃ
489 2865 537 2928 καὶ
552 2866 659 2950 ἐπαινῇ
676 2866 899 2952 Περσεφονείῃ·

214 2967 299 3030 αύτδς
314 2971 347 3032 δέ
364 2966 454 3048 ξίφος
469 2966 524 3046 ὀξὺ
539 2967 744 3049 ἐρυσσάμενος
761 2971 841 3049 παρὰ
857 2974 952 3050 μηροῦ

213 3071 300 3150 ήμην,
316 3071 375 3135 οὐδ’
391 3074 461 3136 είων
477 3072 588 3135 νεκύων
604 3073 737 3152 ἀμενηνδ
753 3072 865 3154 κάρηνα

193 3215 196 3218 -
212 3176 337 3253 αἵματος
354 3176 454 3240 ἀσσον
469 3178 545 3255 ἴμεν,
561 3177 631 3255 πρὶν
645 3176 805 3256 Τειρεσίαο
821 3177 978 3242 πυθέσθαι.

257 3279 366 3359 Πρύτη
383 3282 416 3343 δέ
429 3280 516 3362 ψυχή
532 3277 719 3361 Ἐλπήνορος
736 3279 830 3359 ἦλθεν
847 3283 974 3360 ἑταίρου·

215 3382 250 3445 ού
265 3383 322 3464 γάρ
339 3409 385 3447 πω
403 3385 548 3448 ἐτέθαπτο
563 3385 623 3447 ῦπδ
639 3387 750 3466 χθονδς
768 3384 945 3466 εὐρυοδείης·

215 3492 300 3564 σῶμα
317 3485 373 3569 γὰρ
391 3488 423 3549 ἐν
438 3488 548 3567 Κίρκης
564 3486 684 3571 μεγάρῳ
700 3490 916 3566 κατελείπομεν
930 3487 1016 3568 ἡμεῖς

213 3589 363 3652 ἄκλαυτον
383 3592 431 3653 καὶ
447 3589 589 3667 ἄθαπτον,
607 3589 673 3654 ἐπεὶ
690 3591 780 3656 πόνος
795 3591 891 3658 ἀλλος
906 3594 1017 3675 ἐπειγε.

212 3699 264 3758 τδν
279 3695 334 3772 μέν
350 3694 408 3775 ἐγὼ
424 3692 557 3777 δάκρυσα
573 3696 644 3760 ίδδν
660 3695 775 3774 ἐλέησά
790 3720 823 3759 τε
839 3695 932 3781 θυμῷ,
