2874 4234
294 323 358 387 660
585 340 636 385 10.
658 323 892 384 ΟΔΎΣΣΕΙΑΣ
915 325 952 384 Κ.

295 496 369 575 ήμέν
384 493 546 573 παυέμεναι
560 490 607 571 ἠδ’
624 492 749 573 ὀρνύμεν
766 493 801 556 όν
817 491 841 556 κ’
858 490 993 578 ἐθέλῃσι.

295 597 345 677 νηδ
359 595 386 662 δ’
402 594 446 662 ἐνί
462 595 603 682 γλαφυρῇ
618 595 734 661 κατέδει
748 598 868 679 μέρμιθι
884 594 994 682 φαεινῇ

296 699 435 787 ἀργυρέῃ,
451 702 500 766 ἵνα
514 698 555 779 μή
569 726 597 764 τι
613 696 827 782 παραπνεύσει’
838 699 944 781 ἀλίγον
958 717 1025 782 περ·

296 805 387 886 αάτάρ
403 800 468 883 ἐμοὶ
485 804 591 882 πνοιὴν
608 803 747 884 Ζεφύρου
765 804 911 884 προέηκεν
926 803 1022 881 ἀῆναι,
1214 827 1243 874 ²5

296 909 377 988 ὄφρα
392 909 480 989 φέροι
495 907 566 984 νῆἀς
583 933 615 970 τε
631 904 678 970 καὶ
694 905 809 972 αὐτούς·
833 905 894 969 οὐδ’
909 906 954 988 ἀρ’
970 907 1100 986 έμελλεν

296 1009 454 1075 ἐκτελέειν·
477 1010 573 1074 αὐτῶν
588 1013 645 1093 γάρ
662 1007 835 1087 ἀπωλόμεθ’
851 1009 1045 1096 ἀφραδίῃσιν.

339 1112 489 1193 Ἐννῆμαρ
504 1115 558 1191 μέυ
575 1114 653 1191 ὁμῶς
669 1109 800 1190 πλέομεν
817 1112 923 1178 νύκτας
938 1135 971 1176 τε
988 1113 1037 1176 καὶ
1053 1111 1139 1193 ήμαρ,

296 1218 332 1302 τῇ
348 1215 455 1302 δεκάτῃ
471 1215 497 1279 δ’
512 1214 567 1295 ήδη
584 1215 764 1295 ἀνεφαίνετο
780 1216 887 1297 πατρὶς
902 1215 1022 1296 ἄρουρα,

184 1349 187 1356 ·
297 1318 346 1383 καὶ
361 1321 396 1399 δὴ
411 1319 634 1400 πυρπολέοντας
649 1318 837 1397 ἐλεύσσομεν
852 1317 940 1400 ἐγγύς
956 1319 1069 1384 ἐόντας.
1212 1343 1244 1392 30

297 1424 358 1487 ἐνθ’
375 1425 426 1503 ἐμὲ
441 1425 496 1503 μὲν
511 1421 622 1504 γλυκὺς
637 1421 730 1487 ὕπνος
745 1421 876 1498 ἐπήλυθε
892 1429 1057 1500 κεκμηῶτα·

297 1524 357 1590 ald
372 1527 429 1610 γὰρ
444 1527 524 1589 πόδα
539 1531 609 1603 νηδς
628 1525 758 1604 ἐνώμων,
774 1523 843 1589 οὐδέ
857 1549 898 1609 τιρ
914 1525 999 1609 ἄλλῳ

297 1627 370 1714 δῶχ’
386 1628 507 1710 έτάρων,
522 1632 571 1692 ἵνα
586 1631 705 1692 θᾶσσον
722 1628 859 1706 ἱκοίμεθα
873 1627 1000 1707 πατρίδα
1015 1633 1114 1711 γαῖαν·

298 1735 327 1797 οἱ
344 1733 368 1797 δ’
385 1732 483 1814 έταροι
500 1731 627 1795 ἐπέεσσι
642 1730 716 1812 πρὸς
733 1728 887 1809 ἀλλήλους
902 1731 1056 1814 ἀγόρευον,

299 1837 350 1900 καί
361 1836 392 1915 μ’
408 1835 529 1916 ἔφασαν
543 1834 659 1918 χρυσόν
674 1859 706 1897 τε
723 1835 772 1898 καὶ
788 1833 916 1917 ἀργυρου
931 1834 1026 1899 οἴκαδ’
1041 1833 1178 1916 ἄγεσθαι,
1214 1860 1243 1909 35

299 1945 377 2020 δῶρα
393 1939 460 2021 παρ’
479 1941 591 2002 Αἰόλου
605 1936 810 2020 μεγαλήτορος
824 1935 1015 2002 Ἱπποτάδαο·

299 2045 355 2106 ὧδε
375 2043 409 2107 δέ
423 2069 468 2109 τις
486 2043 626 2107 εἴπεσκεν
641 2042 713 2106 ἰδὼν
729 2043 759 2107 ἐς
775 2043 908 2121 πλησίον
923 2041 1029 2107 ἀλλον·

342 2145 409 2208 “Ὣ
424 2147 526 2222 πότοι,
543 2146 582 2211 ὡς
601 2147 650 2210 ὅδε
666 2150 742 2210 πάσι
759 2146 851 2226 φίλος
867 2142 915 2208 καὶ
931 2146 1027 2224 τίμιός
1043 2147 1127 2210 ἐστιν

300 2250 479 2331 ἀνθρώποις,
494 2250 588 2314 ότεόν
603 2275 635 2314 τε
651 2252 742 2314 πόλιν
758 2250 807 2312 καὶ
823 2253 912 2330 γαῖαν
930 2249 1038 2325 ἵκηται.

299 2353 401 2416 πολλὰ
415 2355 472 2433 μέν
487 2353 518 2415 ἐκ
537 2353 646 2434 Τροίης
662 2351 767 2434 ἄγεται
783 2349 923 2431 κειμήλια
938 2353 1019 2414 κσλά
1213 2378 1247 2427 40

299 2454 413 2534 ληίδος·
436 2455 520 2534 ἡμεῖς
536 2456 562 2520 δ’
576 2455 646 2519 αάτε
662 2453 737 2534 ὁμὴν
753 2456 823 2517 δδδν
839 2454 1053 2520 ἐκτελέσαντες

300 2562 401 2624 οἴκαδε
416 2561 585 2640 νισσόμεθα
600 2557 704 2623 κενεὰς
720 2557 775 2621 σὺν
790 2563 894 2640 χεῖρας
909 2558 1040 2640 ἔχοντες.

301 2660 350 2726 καὶ
366 2667 418 2727 νῦν
434 2664 463 2726 οί
479 2663 540 2726 τόδ’
558 2663 650 2724 έδωκε
664 2662 861 2743 χαριζόμενος
876 2663 1020 2741 φιλότητι

301 2767 422 2832 Αἴολος.
467 2763 537 2829 ἀλλ’
551 2764 607 2847 ἀγε
622 2769 740 2830 θᾶσσον
756 2766 885 2844 ἐδόμεθα
901 2765 965 2829 ὅττι
980 2764 1043 2830 πόδ’
1058 2766 1152 2842 ἐστίν,

301 2872 397 2937 ὅσσος
412 2895 456 2935 τις
471 2873 583 2952 χρυσός
598 2895 631 2933 τε
647 2865 696 2933 καὶ
711 2868 837 2951 ἄργυρος
853 2869 936 2953 ἀσκῷ
949 2868 1096 2934 ένεστιν.”
1215 2896 1246 2946 45

338 2972 401 3039 Ὣς
417 2974 546 3054 ἔφασαν,
564 2972 663 3052 βουλή
680 2975 712 3036 δὲ
728 2971 802 3049 κακὴ
819 2971 943 3051 νίκησεν
959 2972 1091 3054 ἐπαίρων·

301 3069 395 3142 ἀσκὸν
409 3080 465 3157 μέν
479 3082 588 3153 λῦσαν,
603 3076 706 3156 ἄνεμοι
722 3073 747 3138 δ’
763 3077 796 3137 ἐκ
812 3074 922 3142 πάντες
937 3078 1074 3158 ὄρουσαν,

301 3180 368 3247 τοὺς
385 3179 410 3244 δ’
427 3180 493 3261 αἶψ’
510 3177 671 3261 ἀρπόξασα
685 3177 939 3259 φέρενπόυτονδε
954 3181 1068 3244 θύελλα
1132 3183 1133 3186 ’

303 3283 472 3362 κλαίοντας,
487 3286 574 3366 γαίης
590 3283 649 3347 ἀπο
664 3285 816 3365 πατρίδος·
840 3285 932 3364 αύπάρ
947 3283 1006 3365 ἐγύ
1022 3309 1058 3366 γε

302 3392 461 3472 ἐγρόμενος
477 3391 552 3454 κατά
568 3394 660 3468 θυμδυ
675 3390 810 3468 ἀμύμονα
824 3386 988 3470 μερμήριξα
1216 3416 1248 3464 50

301 3493 336 3572 ἠὲ
353 3495 456 3581 πεσέρν
471 3494 503 3554 ἐκ
520 3498 589 3572 νηδς
605 3494 780 3574 ἀποφθίμην
795 3491 839 3556 ἐνὶ
854 3493 964 3576 πόντῳ,

301 3595 320 3674 ή
336 3596 432 3660 ἀκέων
446 3596 554 3673 τλαίην
570 3593 617 3660 καὶ
633 3597 677 3660 ἔτι
694 3598 797 3674 ζωοῖσι
811 3595 939 3675 μετείην.

302 3698 372 3761 ἀλλ’
388 3698 479 3776 έτλην
496 3699 544 3764 καὶ
559 3699 670 3778 έμεινα,
686 3696 899 3779 καλυψάμενος
915 3697 941 3762 δ’
956 3697 1001 3762 ἐνὶ
1017 3698 1067 3776 νηῒ
