2834 4234
260 307 321 376 752
543 308 593 377 15.
617 297 853 360 ΟΔΥΣΣΕΙΑΣ
872 301 910 361 0.

259 471 287 531 οἱ
304 471 336 532 δὲ
352 467 529 548 πανημέριοι
545 473 629 533 σεῖον
645 469 734 550 ζυγὸν
748 465 842 550 ἀμφὶς
859 469 988 553 ἔχοντες.

304 570 421 634 Δύσετό
435 571 460 633 τ’
475 571 579 650 ἠέλιος
594 573 742 636 σκιόωντό
757 598 790 636 τε
804 577 901 636 πᾶσαι
917 574 1031 656 ἀγυιαί
1159 587 1206 649 185

258 677 289 741 ές
306 674 408 756 Φηρὰς
423 675 448 738 δ’
465 677 566 739 ἵκοντο
582 679 734 754 Διοκλῆος
749 675 817 740 ποτὶ
831 681 924 754 δῶμα,

179 763 200 840 ’.
256 778 337 844 υἱέος
352 779 554 860 Ὀρτιλόχοιο,
569 784 622 843 τὸν
637 778 782 861 Ἀλφειὸς
797 778 864 843 τέκε
882 785 981 844 παῖδα.

219 932 221 938 ,
258 883 330 945 ἔνθα
346 883 379 944 δὲ
394 882 472 946 νύκτ’
487 882 592 960 ἄεσαν,
608 883 623 942 ό
640 885 672 945 δὲ
688 888 751 946 τοῖς
768 885 828 962 πὰρ
844 880 939 960 ξείνια
954 887 1053 961 θῆκεν.

229 985 232 992 “
298 983 397 1061 Ἦμος
413 983 438 1047 δ’
455 985 607 1067 ἠριγένεια
623 983 703 1064 φάνη
716 984 935 1067 ῥοδοδάκτυλος
950 985 1041 1060 Ἠώς,

252 1089 364 1155 ἵππους
379 1114 412 1151 τε
430 1079 575 1170 ζεύγνυντ’
593 1087 649 1152 ἀνά
666 1087 692 1150 θ’
708 1088 824 1169 άρματα
839 1088 951 1153 ποικίλ’
967 1091 1101 1168 ἔβαινον,
1160 1117 1207 1169 ¹90

258 1193 290 1254 ἔκ.
307 1191 332 1254 δ’
349 1192 466 1256 ἔλασαν
480 1191 638 1272 προθύροιο
655 1193 703 1255 καὶ
719 1192 863 1268 αἰθούσης
878 1193 1043 1274 ἐριδούπου·

257 1293 403 1375 μάστιξεν
419 1294 444 1358 δ’
461 1294 563 1369 ἐλάαν,
579 1295 619 1356 τὼ
636 1294 661 1356 δ’
678 1293 730 1357 οὐκ
747 1293 867 1360 ἀέκοντε
882 1295 1040 1373 πετέσθην.

257 1398 337 1479 αἶψα
354 1398 378 1461 δ’
395 1395 489 1461 ἔπειθ’
504 1400 605 1462 ἵκοντο
621 1399 726 1462 Πύλου
742 1398 815 1462 αἰπὺ
830 1401 1018 1481 πτολίεθρον·

258 1503 307 1564 καὶ
323 1502 391 1564 τότε
405 1499 585 1584 Τηλέμαχος
601 1501 797 1583 προσεφώνεε
813 1503 969 1584 Νέστορος
983 1503 1057 1568 υἱόν·

258 1619 275 1644 “
287 1613 467 1691 Νεστορίδη,
484 1615 546 1676 πῶς
561 1610 612 1674 κέν
626 1637 678 1690 μοι
693 1612 903 1694 ὑποσχόμενος
918 1611 1076 1679 τελέσειας
1117 1611 1118 1616 ¹
1159 1641 1206 1692 195

256 1719 350 1794 μῦθον
365 1715 460 1793 ἔμόν,·
486 1710 579 1792 ξεῖνοι
595 1715 628 1777 δὲ
643 1717 804 1797 διαμπερές
821 1716 958 1799 εὐχόμεθ’
975 1715 1052 1780 εἶναι

258 1819 289 1880 ἔκ
306 1817 442 1898 πατέρων
457 1817 632 1899 φιλότητος,
648 1816 721 1899 ἀτὰρ
738 1820 787 1883 καὶ
803 1817 945 1900 ὁμήλικές
961 1821 1052 1900 εἰμεν·

257 1922 310 1998 ἥδε
326 1921 351 1984 δ’
368 1923 435 1986 ὁδὸς
451 1918 635 2001 καὶμᾶλλον
650 1923 896 2007 ὁμοφροσύνῃσιν
912 1921 1024 2002 ἐνήσει.

257 2024 299 2104 μή
314 2051 351 2103 με
367 2023 466 2107 παρὲξ
479 2024 535 2108 ἄγε
551 2029 618 2105 νῆα,
635 2027 801 2107 διοτρεφές,
816 2028 899 2090 ιἰλλᾶ
914 2027 979 2092 λίπ’
998 2028 1099 2105 αύτοΰ,

257 2125 298 2206 μή
312 2128 343 2204 μ’
359 2130 375 2191 ό
390 2128 486 2210 γέρων
506 2128 630 2193 ἀέκοντα
646 2130 783 2216 κατάσχῃ
800 2127 823 2215 ᾧ
840 2131 885 2194 ε’νὶ
901 2131 971 2214 οἵκιρ
1157 2159 1211 2196 τοο

260 2232 375 2311 ἱέμενος
391 2232 520 2312 φιλέειν·
544 2234 596 2313 ἐμὲ
612 2236 644 2296 δὲ
659 2234 739 2315 χρεὼ
755 2238 875 2298 θᾶσσον
891 2233 1038 2298 ἱκέσθαι.”

295 2335 358 2402 Ὣς
374 2335 462 2416 φάτο,
479 2337 664 2417 Νεστορίδης
680 2336 705 2400 δ’
724 2337 770 2419 ἄρ’
787 2338 827 2420 ἑῷ
841 2336 1065 2418 συμφράσσατο
1085 2343 1176 2423 θυμῷ,

260 2442 365 2506 ὅππως
380 2442 409 2503 οἱ
429 2439 503 2504 κατὰ
520 2444 627 2519 μοῖραν
642 2440 854 2523 ὑποσχόμενος
869 2441 1034 2506 τελέσειεν.

258 2546 315 2608 ὧδε
331 2542 364 2607 δέ
380 2545 408 2607 οἱ
424 2542 582 2624 φρονέοντι
599 2543 753 2607 δοάσσατο
770 2544 887 2625 κέρδιον
904 2543 990 2607 εἶναι·

260 2647 368 2729 στρέφ’
384 2650 493 2712 ἵππους
509 2644 558 2709 ἐπὶ
574 2650 630 2725 νῆα
646 2647 720 2726 θοὴν
738 2649 788 2711 καὶ
804 2653 871 2712 θῖνα
886 2645 1056 2726 θαλάσσης,
1160 2676 1208 2724 205

259 2751 308 2830 νηῖ
326 2752 351 2815 δ’
367 2753 411 2814 ένὶ
426 2751 542 2834 πρύμνῃ
558 2748 695 2828 ε’ξαίνυτο
711 2750 845 2830 κάλλιμα
861 2757 948 2833 δῶρα,

261 2857 377 2931 ε’σθῆτα
393 2853 507 2933 χρυσόν
522 2878 563 2932 τε,
579 2852 617 2916 τά
635 2855 664 2916 οἵ
682 2852 842 2920 Μενέλαος
858 2855 959 2918 ἔδωκε·

261 2956 315 3020 καί
326 2982 377 3037 μιν
393 2956 563 3033 ε’ποτρύνων
579 2957 653 3021 ἔπεα
668 2959 831 3036 πτερόεντα
847 2957 1010 3038 προσηύδα·

259 3066 280 3095 “
290 3059 407 3147 σπουδῇ
423 3065 475 3123 νῦν
492 3059 639 3141 ἀνάβαινε
655 3059 760 3123 κέλευέ
776 3086 808 3124 τε
823 3059 937 3128 πάντας
952 3062 1094 3143 ἑταίρους,

258 3160 329 3242 πρὶν
345 3164 397 3241 ἐμὲ
410 3163 502 3227 οἴκαδ’
520 3163 638 3226 ἱκέσθαι
655 3165 841 3245 ἀπαγγεῖλαί
854 3190 887 3228 τε
902 3166 1028 3247 γέροντι.
1162 3193 1210 3228 210

260 3266 291 3330 εὖ
310 3268 367 3348 γὰρ
383 3267 441 3346 ἐγὼ
457 3269 526 3330 τόδε
542 3267 608 3330 οἶδα
626 3269 701 3330 κατὰ
715 3266 813 3348 φρένα
828 3269 877 3332 καὶ
892 3271 968 3332 κατὰ
985 3269 1086 3350 θυμόν·

259 3371 323 3434 οἶος
340 3369 438 3432 κείνου
453 3369 544 3450 θυμὸς
560 3371 714 3450 ὑπέρβιος,
730 3371 764 3432 ού
779 3397 817 3436 σε
833 3369 971 3450 μεθήσει,

260 3470 331 3534 ἀλλ’
347 3472 434 3537 αὐτὸς
451 3471 569 3537 καλέων
584 3471 661 3552 δεῦρ’
679 3473 801 3549 εἵσεται,
819 3473 887 3538 οὐδέ
903 3474 919 3538 έ
934 3481 1013 3556 φημι

259 3574 306 3657 ἂψ
323 3575 398 3639 ίέναι
415 3576 526 3640 κενεόν·
550 3574 634 3656 μάλα
647 3575 705 3658 γὰρ
722 3578 928 3660 κεχολώσεται
945 3577 1066 3658 έμπης.”

297 3676 360 3750 Ὣς
376 3679 433 3759 ἄρα
449 3676 600 3759 φωνήσας,
614 3680 726 3745 ἔλασεν
741 3681 938 3763 καλλίτριχας
951 3684 1061 3748 ἵππους
1160 3709 1206 3762 215
