2792 4232
482 343 530 401 14.
555 329 725 388 ΙΛΙΑΔΟΣ
748 327 787 390 Ξ.
1052 327 1113 408 285

152 492 284 576 Ἕκτορα
300 495 471 576 Πριαμίδην
484 496 603 576 μενέειν
617 493 701 577 μάλα
715 523 772 578 περ
786 505 937 577 μεμαῶτα.
955 497 959 504 ’
1057 525 1104 576 ³75

157 599 189 663 ὃς
204 597 238 661 δέ
254 598 280 661 κ’
297 599 373 679 ἀνὴρ
386 599 584 683 μενέχαρμος,
601 602 666 684 ἔχει
681 599 707 664 δ’
723 603 830 683 ἀλίγον
846 604 939 668 σάκος
954 603 1031 688 ὤμῳ,

156 703 272 784 χείρονι
287 703 366 782 φωτὶ
381 704 466 776 δότω,
485 705 501 766 6
517 702 542 766 δ’
558 708 591 768 ἐν
606 705 711 768 ἀσπίδι
726 706 840 784 μείζονι
855 703 965 769 δύτω.”

193 803 256 871 *Ως
272 803 371 886 ἔφαθ’,
387 808 416 869 οἱ
431 805 456 870 δ’
473 807 531 887 ἀρα
548 812 600 870 τοῦ
614 805 698 885 μάλα
711 809 767 888 μέν
783 809 876 872 κλύον
890 806 934 887 ἠδ’
951 811 1104 874 ἐπίθοντο·

156 909 224 973 τοὺς
242 906 269 971 δ’
285 909 370 973 αύτοί
384 903 537 988 βασιλῆες
552 908 699 991 ἐκόσμεον
714 910 875 990 οὐτάμενοί
888 937 953 992 περ,

157 1009 302 1087 Τυδείδης
317 1011 462 1076 Ὀδυσεύς
479 1036 513 1075 τε
529 1012 577 1076 καί
593 1013 748 1093 Ἀτρείδης
760 1013 968 1095 Ἀγαμέμνων·
1056 1029 1104 1089 3⁸0

158 1116 313 1196 οἰχόμενοι
328 1113 353 1177 δ’
370 1116 421 1178 ἐπὶ
436 1111 551 1181 πάντας
564 1115 672 1197 Ἀρήϊα
687 1117 784 1199 τεύχε’
800 1118 939 1197 ἄμειβον·

159 1215 257 1276 ἐσθλὰ
270 1216 327 1294 μέν
342 1215 453 1280 ἐσθλὸς
468 1216 563 1291 ἔδυνε,
578 1215 674 1298 χέρηα
689 1217 722 1278 δέ
735 1217 852 1298 χείρονι
867 1219 985 1284 δόσκεν.

158 1317 250 1396 αύτδρ
266 1317 334 1379 ἐπεί
346 1316 378 1398 ῥ’
396 1317 527 1386 ἕσσαντο
545 1319 614 1398 περὶ
628 1317 699 1398 χροί
713 1319 834 1398 νύροπα
850 1321 978 1402 χαλκόν,

157 1417 220 1496 βάν
233 1418 264 1500 ῥ’
281 1422 359 1498 ἰμεν·
382 1418 455 1502 ἦρχε
471 1419 497 1482 δ’
512 1420 569 1499 ἀρα
585 1427 644 1500 σφι
659 1420 842 1485 Ποσειδάων
857 1425 1036 1506 ἐνοσίχθων,

158 1521 257 1584 δεινὸν
271 1521 327 1600 άορ
341 1521 484 1598 τανύηκες
499 1522 579 1604 ἔχων
594 1524 627 1584 ἐν
641 1524 722 1604 χειρί
737 1526 859 1610 παχείῃ,
1054 1542 1100 1600 385

159 1627 277 1688 εἴκελον
292 1625 453 1710 ἀστεροπῇ·
478 1626 519 1708 τῷ
535 1626 560 1687 δ’
576 1626 611 1688 ού
626 1624 711 1704 θέμις
727 1628 793 1690 ἐστὶ
807 1632 931 1709 μιγῆναι

159 1731 192 1790 ἐν
205 1727 256 1790 δαί
269 1724 431 1812 λευγαλέῃ,
448 1729 530 1790 ἀλλά
545 1725 614 1793 δέος
629 1727 751 1810 ἰσχάνει
766 1729 884 1811 ἀνδρας.

199 1834 305 1908 Τρῶας
320 1826 347 1892 δ’
362 1826 428 1890 αὖθ’
444 1829 589 1909 ἑτέρωθεν
603 1832 727 1909 ἐκόσμει
744 1832 887 1912 φαίδιμος
898 1832 1024 1914 Ἕκτωρ.

158 1930 193 2008 δή
208 1933 246 2012 ῥα
261 1928 324 1994 τότ’
339 1930 499 2010 αἰνοτάτην
514 1932 597 2012 ἔριδα
611 1933 776 2013 πτολέμοιο
792 1934 946 2000 τάνυσσαν

158 2039 340 2116 κυανοχαῖτα
355 2033 535 2098 Ποσειδάων
550 2037 600 2098 καί
615 2038 758 2116 φαίδιμος
768 2037 895 2118 Ἕκτωρ,
1051 2063 1100 2116 ³90

158 2138 177 2216 ἦ
191 2163 239 2201 τοι
254 2141 270 2200 6
284 2139 342 2216 μὲν
355 2139 525 2218 Τράεσσιν,
541 2141 558 2201 6
572 2136 599 2201 δ’
613 2137 797 2220 Ἀργείοισιν
811 2141 939 2222 ἀρήγων.

157 2242 289 2318 ἐκλύσθη
306 2243 340 2303 δέ
357 2239 501 2304 θάλασσα
515 2242 585 2305 ποτί
601 2242 723 2308 κλισίας
737 2268 770 2306 τε
785 2243 855 2309 νέας
869 2267 902 2308 τε

157 2344 312 2426 Ἀργείων·
336 2345 366 2405 οἰ
380 2346 413 2406 δέ
428 2341 554 2421 ξύνισαν
566 2344 689 2429 μεγάλῳ
706 2347 858 2430 ἀλαλητῷ.

158 2448 224 2510 οὔτε
240 2445 400 2524 θαλάσσης
417 2451 492 2525 κῦμα
507 2447 600 2508 τόσον
613 2447 696 2530 βοόα
711 2450 781 2511 ποτί
796 2448 918 2530 χέρσον,

159 2553 304 2613 ποντόθεν
318 2548 480 2628 ὀρνύμενον
496 2551 585 2634 πνοιῇ
601 2550 701 2628 Βορέω
717 2552 869 2636 ἀλεγεινῇ·

158 2653 224 2715 ούτε
239 2652 331 2732 πυρὸς
347 2652 461 2716 τόσσος
475 2677 511 2732 γε
526 2650 614 2715 πέλει
628 2653 744 2732 βρόμος
759 2652 932 2731 αἰθομένοιο

157 2756 259 2834 οὔρεος
273 2757 307 2817 ἐν
321 2753 454 2840 βήσσῃς,
470 2755 521 2818 ὅτε
536 2751 563 2815 τ’
579 2754 671 2833 ὤρετο
687 2754 808 2833 καιέμεν
822 2757 908 2833 ὕλην·

157 2855 218 2920 οὔτ’
233 2858 342 2934 ἄνεμος
356 2857 472 2920 τόσσον
488 2881 525 2936 γε
542 2858 611 2936 περὶ
625 2858 730 2937 δρυσὶν
743 2858 923 2938 ὑψικόμοισι

157 2961 252 3038 ἠπύει,
267 2962 300 3026 ὅς
315 2985 348 3022 τε
362 2957 498 3037 μάλιστα
511 2957 590 3039 μέγα
603 2959 750 3039 βρέμεται
764 2961 969 3042 χαλεπαίνων,

156 3065 236 3140 ὅσση
252 3063 310 3143 ἀρα
323 3062 436 3142 Τράων
452 3061 501 3124 καί
517 3057 650 3142 Ἀχαιῶν
666 3062 776 3124 ἔπλετο
792 3062 879 3141 φωνὴ
1048 3089 1100 3136 400

156 3167 254 3229 δεινὸν
269 3163 434 3237 ἀϋσάντων,
451 3161 495 3225 ὅτ’
512 3160 559 3225 ἐπ’
575 3161 760 3241 ἀλλήλοισιν
775 3166 916 3243 ὄρουσαν.

200 3273 327 3333 Αἰαντος
342 3268 375 3329 δέ
390 3271 505 3345 πρῶτος
520 3267 662 3330 ἀκόντισε
676 3268 819 3346 φαίδιμος
830 3265 948 3346 Ἕκτωρ

154 3373 250 3454 ἐγχει,
267 3369 334 3434 ἐπεὶ
348 3367 496 3448 τέτραπτο
510 3367 585 3447 πρὸς
600 3369 648 3430 ἰθύ
663 3371 703 3443 οἱ,
720 3369 780 3432 οὐδ’
796 3368 964 3449 ἀφάμαρτε,

154 3475 193 3559 τῇ
206 3476 243 3555 ῥα
258 3474 316 3537 δύω
332 3477 488 3549 τελαμῶνε
503 3471 570 3551 περὶ
586 3469 736 3548 στήθεσσι
751 3471 910 3549 τετάσθην,

153 3576 176 3656 ἦ
191 3601 236 3640 τοι
251 3578 268 3639 6
281 3578 338 3655 μέν
353 3573 471 3646 σάκεος,
489 3575 507 3635 6
521 3575 553 3636 δέ
568 3572 729 3655 φασγάνου
744 3573 940 3654 ἀγρυροήλου·
1049 3601 1098 3650 4ο5

154 3678 197 3740 τό
212 3681 240 3742 οἰ
253 3677 413 3756 ῥυσάσθην
428 3674 533 3754 τέρενα
546 3677 634 3759 χρόα.
678 3676 803 3757 χάσατο
817 3680 842 3738 δ’
854 3675 982 3756 Ἕκτωρ,
