2792 4232
485 332 531 397 ιο.
555 335 725 395 ιλιΑΔοΣ
749 334 788 394 τι.
1046 347 1105 414 331

167 502 393 584 Πουλυδάμαντ’
413 505 463 567 ἐπι
478 501 651 580 Πανθοίδην
667 503 715 565 καὶ
730 498 881 582 Ἀγήνορα
899 504 972 577 δῖον,
1059 520 1109 570 535

168 615 210 687 Βῆ
226 611 258 672 δὲ
271 609 335 688 μετ’
350 609 471 672 Αἰνείαν
487 631 519 670 τε
535 608 584 670 καὶ
595 604 726 686 Ἕκτορα
740 601 1010 686 χαλκοκορυστήν,Ι

167 715 264 795 ἀγχοῦ
279 710 304 775 δ’
322 709 480 788 ἱστάμενος
496 709 571 772 ἔπεα
585 708 749 788 πτερόεντα
765 705 927 787 προσηύδα·

169 813 311 894 “Ἕκτορ,
327 819 379 877 νῦν
394 813 430 891 δὴ
446 810 548 894 πάγχυ
562 808 753 888 λελασμένος
769 809 812 874 εἶς
827 807 1000 888 ἐπικούρων,
1047 861 1049 864 .

168 917 197 979 οἳ
212 915 302 978 σέθεν
318 917 417 980 εἵνεκα
432 915 503 990 τῆλε
518 914 618 993 φίλων
634 913 683 974 καὶ
698 911 839 992 πατρίδος
855 912 921 988 αἴης

168 1019 260 1096 θυμὸν
275 1017 524 1099 ἀποφθινύθουσι·
549 1014 586 1076 σὺ
602 1019 627 1078 δ’
643 1015 695 1078 οὐκ
714 1011 830 1078 ἐθέλεις
845 1011 1016 1091 ἐπαμύνειν.
1061 1037 1111 1085 540

169 1126 263 1184 κεῖται
278 1119 451 1200 Σαρπηδών,
467 1117 616 1182 Λυκίων’
602 1116 674 1198 αγάς
689 1114 877 1188 ἀσπιστάων,

169 1224 201 1288 &s
216 1224 327 1301 Λυκιην
343 1225 438 1302 εἴρυτο
454 1220 558 1305 δίκῃσί
572 1245 605 1283 τε
621 1245 669 1282 και
659 1216 827 1283 σθένεϊ
804 1242 838 1302 ῳ·

169 1351 220 1391 τον
234 1327 289 1389 δ
274 1351 332 1388 υπο
320 1325 514 1407 Πατρόκλῳ
531 1321 671 1401 δάμασ”’
656 1333 740 1404 εγχεὶ
736 1321 887 1404 ’χάλκεος
899 1289 1026 1401 ’.ΙΑρης

169 1429 259 1501 ἀλλά,
277 1429 375 1509 φίλοι,
392 1426 552 1507 πάρστητε,
569 1427 773 1506 νεμεσσήθητε
789 1427 821 1488 δέ
837 1425 929 1508 θυμῷ,

168 1533 209 1610 μή
225 1531 283 1594 ἀπδ
298 1529 393 1612 τεύχε’
410 1529 547 1600 έλωνται,
564 1529 745 1592 ἀεικίσσωσι
761 1529 793 1590 δὲ
808 1527 913 1607 νεκρὸν
985 1581 987 1588 .
1041 1595 1043 1606 A
1064 1550 1111 1600 545

170 1634 365 1716 Μυρμιδόνες,
383 1637 510 1696 Δαναῶν
526 1629 728 1713 κεχολωμένοι
744 1631 837 1693 ὅσσοι
852 1631 971 1704 ὄλοντο,

170 1737 237 1802 τοὺς
252 1737 301 1799 ἐπὶ
318 1736 405 1812 νηυσὶ
421 1736 528 1818 θοῇσιν
543 1733 715 1813 ἐπέφνομεν
730 1730 917 1819 ἐγχείησιν.”

163 1879 165 1882 -
206 1838 268 1905 Ὣς
284 1839 388 1919 ἔφατο,
404 1843 508 1918 Τρῶας
523 1839 556 1900 δέ
569 1839 646 1922 κατὰ
662 1839 767 1916 κρῆθεν
782 1835 863 1915 λάβε
881 1833 990 1898 πένθος

170 1943 311 2025 ἄσχετον,
328 1941 380 2004 οὐκ
396 1942 554 2012 ἐπιεικτόν,
572 1940 639 2002 ἐπεί
654 1947 764 2021 σφισιν
780 1939 854 2020 έρμα
868 1939 983 2015 πόληος

172 2045 241 2108 ἔσκε
267 2045 317 2107 καὶ
332 2045 504 2109 ἀλλοδαπός
520 2069 575 2123 περ
591 2043 656 2106 ἐόν·
680 2040 789 2107 πολέες
803 2042 861 2122 γὰρ
876 2038 926 2118 ἀμ’
942 2038 1019 2121 αὐτῷ
1064 2063 1112 2111 550

171 2149 270 2211 λαοὶ
256 2151 365 2219 εποντ’,
382 2173 414 2210 εν
429 2144 455 2208 δ
471 2146 558 2211 αὐτὸς
574 2144 769 2226 ἀριστεύεσκε
783 2141 947 2225 μάχεσθαι
1000 2207 1001 2210 ,

172 2255 231 2327 βαν
246 2247 272 2313 δ
288 2250 350 2315 ἰθὺς
367 2255 495 2312 Δαναῶν
509 2247 694 2328 λελιημένοι·
718 2246 792 2329 ἦρχε
807 2242 833 2308 δ
849 2245 907 2326 ἀρα
922 2250 999 2323 σφιν

169 2352 283 2470 ’ΛΕκτωρ
298 2354 451 2434 χωόμενος
466 2354 669 2433 Σαρπηδόνος.
715 2349 805 2430 αὐτὰρ
822 2346 963 2430 Ἀχαιοὺς

173 2454 250 2536 ῶρσε
265 2456 470 2520 Μενοιτιάδεω
487 2459 684 2536 Πατροκλῆος
699 2453 862 2517 λάσιον
827 2471 889 2533 κηρ

172 2564 281 2624 Αἴαντε
296 2561 402 2640 πρώτω
422 2558 571 2641 προσέφη,
586 2564 723 2638 μεμαῶτε
739 2558 789 2632 καὶ
804 2555 891 2619 αὐτό·
1065 2578 1114 2628 555

173 2671 191 2697 “
201 2666 319 2740 Αἴαντε,
335 2669 387 2726 νῦν
405 2669 506 2741 σφῶϊν
521 2662 687 2741 ἀμύνεσθαι
703 2661 797 2742 φίλον
813 2659 901 2733 ἔστω,

173 2761 232 2822 οἶαί
246 2784 302 2840 περ
319 2758 413 2839 πάρος
428 2757 481 2838 ῆτε
494 2759 559 2839 μετ’
575 2761 730 2842 ἀνδράσιν,
745 2759 763 2840 ῆ
781 2759 829 2826 καὶ
844 2763 970 2844 ἀρείους.

175 2867 267 2926 κεῖται
281 2861 357 2942 ἀνὴρ
374 2861 406 2927 ἀς
421 2869 536 2943 πρῶτος
552 2862 685 2941 ἐσήλατο
700 2869 800 2945 τεῖχος
816 2863 957 2946 Ἀχαιῶν,

174 2966 345 3047 Σαρπηδών·
371 2963 442 3028 ἀλλ’
458 2969 487 3029 εἴ
498 2991 550 3044 μιν
566 2965 787 3046 ἀεικισσαίμεθ’
804 2968 934 3038 ἑλόντες,

174 3061 280 3142 τεύχεά
295 3061 319 3122 τ’
337 3061 441 3138 ὤμοιιν
457 3062 652 3142 ἀφελοίμεθα,
670 3063 721 3125 καί
735 3060 790 3126 τιν’
808 3063 930 3144 ἑταίρων
1068 3075 1117 3136 560

175 3163 262 3225 αὐτοῦ
277 3164 468 3243 ἀμυνομένων
484 3167 693 3242 δαμασαίμεθα
708 3164 794 3244 νηλέϊ
808 3162 944 3248 χαλκῷ.”

210 3264 272 3332 Ὧς
288 3267 386 3347 ἔφαθ’,
403 3269 431 3330 οἱ
447 3269 480 3330 δέ
496 3270 544 3331 καὶ
560 3268 643 3330 αὐτοὶ
660 3267 827 3346 ἀλέξασθαι
842 3266 1010 3346 μενέαινον.
1115 3329 1117 3336 ,

175 3371 201 3430 οἱ
217 3370 241 3431 δ’
258 3371 324 3433 ἐπεὶ
341 3369 554 3450 ἀμφοτέρωθεν
569 3371 766 3452 ἐκαρτύναντο
783 3370 955 3452 φάλαγγας,

173 3475 272 3551 Τρῶες
288 3473 337 3536 καὶ
352 3474 456 3536 Λύκιοι
472 3475 520 3537 καὶ
537 3476 727 3554 Μυρμιδόνες
742 3475 791 3536 καὶ
808 3470 935 3556 Ἀχαιοί,

175 3577 333 3656 σύμβαλον
350 3579 427 3658 ἀμφὶ
443 3577 523 3640 νέκυι
540 3584 759 3656 κατατεθνηῶτι
773 3578 926 3660 μάχεσθαι
1068 3587 1115 3653 565

176 3681 270 3744 δεινὸν
286 3679 442 3744 ἀΰσαντες·
459 3679 543 3774 μέγα
558 3682 582 3774 δ’
600 3681 718 3764 ἔβραχε
733 3680 841 3768 τεύχεα
856 3686 974 3761 φωτῶν.

610 3789 638 3837 Μ
655 3788 675 3852 5
