2834 4234
442 873 841 950 οΔγΣΣΕιΑΣ
890 875 943 948 M.
1010 840 1012 844 ’

260 1251 435 1348 Σειρῆνες,
464 1252 619 1335 Σκύλλα,
647 1249 847 1351 Χάρυβδις,
874 1251 962 1338 βόες
987 1248 1125 1325 Ἡλίου.

220 1456 317 1535 Αὐτὰρ
333 1453 398 1519 ἐπεὶ
414 1462 559 1534 ποταμοῖο
573 1458 665 1522 λίπεν
678 1458 750 1540 ῥόον
764 1455 925 1522 Ὠκεανοῖο

218 1563 296 1636 νηῦς,
313 1559 372 1622 ἀπὸ
386 1557 412 1623 δ’
429 1561 510 1624 ἵκετο
526 1566 602 1638 κῦμα
618 1561 777 1638 θαλάσσης
793 1561 967 1643 εὐρυπόροιο

218 1662 313 1737 νῆσόν
328 1661 353 1727 τ’
369 1665 488 1742 Αἰαίην,
504 1665 552 1728 όθι
567 1665 592 1728 τ’
609 1663 703 1728 Ἠοῦς
717 1664 885 1746 ἠριγενείης

219 1766 297 1828 οἰκία
315 1763 363 1829 καί
377 1769 468 1850 χοροί
481 1769 542 1831 είσι
559 1769 608 1832 καὶ
625 1766 749 1833 ἀντολαὶ
765 1767 913 1844 Ἠελίοιο,

218 1871 273 1946 νῆα
287 1871 343 1947 μὲν
359 1869 419 1935 ἔνθ’
437 1872 577 1937 ἐλθόντες
593 1871 761 1949 ἐκέλσαμεν
777 1873 810 1936 ἐν
824 1871 1025 1954 ψαμάθοισιν,
1151 1900 1164 1946 5

218 1974 250 2035 ἐκ
266 1977 298 2037 δὲ
316 1975 365 2036 καὶ
377 1972 461 2038 αὐτοὶ
476 1978 575 2054 βῆμεν
591 1976 639 2039 ἐπὶ
654 1977 775 2056 ῥηγμῖνι
791 1975 959 2054 θαλάσσης.

218 2077 290 2140 ἔνθα
305 2075 330 2138 δ’
348 2075 568 2158 ἀποβρίξαντες
585 2080 743 2156 ἐμείναμεν
758 2078 829 2142 Ἠῶ·
841 2084 917 2144 δῖαν.

258 2177 358 2259 Ἦμος
374 2180 399 2245 δ’
415 2180 568 2263 ἠριγένεια
584 2182 665 2263 φάνη
681 2182 899 2265 ῥοδοδάκτυλος
914 2181 1005 2258 Ἠοίς,

162 2350 165 2354 ,
218 2285 254 2362 δὴ
269 2282 330 2348 τότ’
346 2287 424 2368 ἐγὼν
439 2284 562 2368 ἑτάρους
577 2285 694 2366 προΐειν
710 2288 740 2352 ἐς
757 2286 879 2362 δόματα
894 2287 1004 2367 Κίρκης

167 2381 172 2391 ’
217 2388 371 2466 οἰσέμεναι
386 2389 490 2469 νεκρδν
505 2388 679 2471 Ἐλπήνορα
694 2394 854 2468 τεθνηῶτα.
1135 2420 1165 2454 10

140 2502 141 2506 ’
179 2491 182 2498 ’
218 2492 341 2573 φιτροὺς
356 2491 381 2556 δ’
398 2493 477 2574 αἶψα
492 2496 645 2572 ταμόντες,
661 2493 706 2556 ὅθ’
723 2493 869 2576 ἀκροτάτη
886 2493 991 2578 πρόεχ’
1008 2494 1090 2574 ἀκτή,

218 2595 368 2676 θάπτομεν
383 2596 553 2680 ἀχνύμεναι,
568 2596 697 2678 θαλερὸν
712 2599 788 2674 κατὰ
803 2596 894 2676 δάκρυ
907 2598 1039 2680 χέοντες.

108 2724 111 2728 ·
217 2699 307 2779 αὐτὰρ
323 2697 389 2763 ἐπεὶ
404 2704 507 2781 νεκρός
522 2700 548 2763 τ’
565 2699 638 2779 ἐκάη
654 2703 703 2765 καὶ
718 2701 828 2783 τεύχεα
843 2708 957 2783 νεκροῦ,

217 2802 332 2879 τύμβον
345 2804 490 2886 χεύαντες
506 2806 556 2869 καὶ
572 2805 621 2870 ἐπὶ
637 2803 752 2885 στήλην
769 2805 928 2885 ἐρύσαντες

217 2903 351 2983 πήξαμεν
367 2906 518 2993 ἀκροτάτῳ
537 2909 639 2993 τύμβῳ
655 2908 758 2990 εὐῆρες
775 2910 906 2990 ἐρετμόν.
1135 2939 1165 2988 15

259 3007 365 3087 Ἡμεῖς
379 3013 434 3088 μὲν
449 3009 487 3074 τὰ
501 3011 616 3074 ἕκαστα
630 3013 794 3090 διείπομεν·
825 3010 884 3076 οὐδ’
903 3012 960 3093 ἀρα
976 3015 1089 3094 Κίρκην

217 3110 252 3190 ἐξ
264 3110 370 3178 Ἀίδεω
386 3115 526 3180 ἐλθόντες
541 3113 697 3194 ἐλήθομεν,
715 3117 797 3179 ἀλλά
810 3115 882 3196 μάλ’
898 3113 960 3180 ὦκα

217 3215 283 3293 ἦλθ’
301 3219 491 3297 ἐντυναμένη·
522 3219 582 3297 ἅμα
597 3217 622 3283 δ’
639 3220 809 3300 ἀμφίπολοι
824 3219 920 3302 φέρον
935 3219 1008 3308 αὐτῇ

218 3323 304 3385 σῖτον
319 3319 367 3384 καὶ
384 3321 454 3402 κρέα
469 3321 573 3386 πολλὰ
589 3320 637 3386 καὶ
653 3326 763 3387 αίθοπο
779 3324 861 3387 οἶνον
877 3325 1009 3405 ἐρυθρόν.

216 3422 234 3501 ἡ
251 3420 276 3486 δ’
292 3425 323 3486 ἐν
337 3424 443 3511 με’σσιρ
458 3429 561 3491 στᾶσα
574 3426 702 3505 μετηύδα
718 3431 768 3490 δῖα
783 3426 889 3491 θεάων·
1134 3457 1165 3490 20

261 3534 278 3561 “
290 3526 442 3612 Σχέτλιοι,
458 3529 486 3592 οῖ
504 3530 627 3607 ζώοντες
641 3531 791 3602 ὑπήλθετε
806 3528 877 3607 δῶμ’
892 3527 1006 3608 Ἀίδαο,

215 3631 383 3710 δισθανέες,
399 3632 449 3696 ὅτε
463 3633 488 3695 τ’
503 3633 596 3697 ἄλλοι
610 3631 693 3711 ἅπαξ
707 3631 869 3715 θνῄσκουσ’
884 3633 1045 3715 ἀνθρωποι.

218 3735 287 3798 ἀλλ’
303 3733 385 3817 ἄγετ’
402 3736 520 3801 ἐσθίετε
533 3737 659 3818 βρύμην
675 3733 724 3800 καὶ
740 3723 840 3802 πίνετε
856 3737 938 3808 οἶνον
