2760 4232
258 318 321 402 958
656 324 805 384 υκιυοι.

257 492 365 555 οἰωνὸν
379 487 534 572 προέηκεν,
549 491 721 571 ἀειρόμενος
737 494 813 570 μετὰ
827 493 925 574 χερσί,
1156 520 1206 571 ²9⁵

256 593 391 673 τλήμονα
406 593 536 674 γαστρὸς
552 594 660 674 ἔριθον,
677 595 852 658 ἀτάσθαλον
870 594 1069 677 ἀγγελιώτην.

257 697 429 776 ἐσσυμένως
444 702 476 762 δὲ
492 695 556 776 μετ’
571 698 661 762 αὐτὸν
676 699 833 780 ἐπέπταρε,
849 703 913 762 τοῖο
929 697 955 762 δ’
972 698 1136 764 Ἀπόλλων

258 800 374 879 ἔκλυεν,
391 802 423 866 ἐκ
438 806 547 886 χειρῶν
563 803 595 865 δὲ
610 801 705 885 χαμαὶ
719 801 801 880 βάλε
817 804 940 880 κύδιμον
955 802 1077 884 Ἑρμῆν.

257 904 339 982 ἕζετο
354 906 387 968 δὲ
402 905 596 986 προπάροιθε,
611 905 659 970 καὶ
676 906 843 984 ἐσσύμενός
860 932 916 986 περ
932 908 1023 984 ὁδοῖο,

258 1007 370 1090 Ἑρμῆν
387 1010 561 1090 κερτομέων,
577 1010 627 1072 καί
640 1035 692 1088 μιν
709 1008 782 1087 πμδς
797 1013 892 1090 μῦθον
908 1010 1000 1074 ἔειπε·
1153 1035 1206 1082 300

303 1111 431 1194 Θάρσει,
448 1118 670 1195 σπαργανιῶτα,
688 1112 762 1178 Διδς
779 1111 827 1177 καὶ
843 1113 981 1180 Μαιάδος
994 1110 1051 1176 υἱέ·

259 1215 376 1299 εὑρήσω
392 1217 441 1279 καὶ
455 1217 559 1280 ἔπειτα
574 1223 659 1294 βοῶν
673 1217 783 1296 ἴφθιμα
799 1217 912 1297 κάρηνα

259 1320 375 1386 τούτοις
390 1322 535 1383 οίωνοῖσι·
555 1319 595 1382 σδ
614 1319 639 1383 δ’
654 1320 717 1384 αὖθ’
733 1320 805 1385 δδδν
819 1319 1041 1402 ἡγεμονεύσεις.

295 1423 359 1491 Ὣς
375 1423 461 1505 φάθ’·
486 1424 503 1486 ὁ
517 1419 544 1487 δ’
558 1423 621 1486 αὖτ’
637 1425 783 1504 ἀνόρουσε
800 1427 877 1490 θοῶς
893 1421 1064 1502 Κυλλήνιος
1082 1421 1195 1504 Ἑρμῆς

259 1529 376 1614 σπουδή
392 1528 454 1590 ἰών·
475 1526 566 1608 άμφω
582 1530 615 1589 δὲ
630 1524 700 1607 παρ’
715 1526 807 1590 οὔατα
821 1523 928 1609 χερσὶν
945 1527 1031 1590 ἐύθει
1158 1551 1206 1599 305

260 1631 436 1712 σπάργανον
452 1628 526 1709 ἀμφ’
544 1628 671 1709 ὤμοισιν
687 1627 834 1709 ἐελμένος,
851 1630 918 1693 εἶπε
933 1633 967 1693 δὲ
981 1631 1087 1708 μῦθον·

304 1735 355 1820 Πῇ
369 1759 407 1811 με
422 1732 534 1815 φέρεις,
548 1731 702 1814 Ἑκάεργε,
719 1736 796 1797 θεῶν
812 1731 1009 1813 ζαμενέστατε
1024 1732 1164 1805 πάντωνς

260 1838 278 1914 ῆ
293 1863 331 1919 με
345 1842 427 1912 βοῶν
442 1831 522 1918 ἕνεχ’
536 1837 593 1898 ὦδε
608 1836 795 1918 χολούμενος
810 1835 1045 1915 θρσολοπεύειςς

261 1939 401 2018 ἴοπόποι,
418 1938 472 2002 εἴθ’
489 1939 634 2002 ἀπόλοιτο
649 1945 734 2019 βοῶν
748 1937 845 2020 γένος·
867 1939 901 2000 ού
915 1937 974 2021 γὰρ
990 1938 1050 2020 ἐγά
1066 1964 1102 2021 γε

260 2043 404 2126 ὑμετέρας
419 2043 536 2122 ἔκλεψα
550 2042 638 2121 βόας,
655 2041 717 2106 οὐδ’
734 2043 833 2105 ἀλλον
849 2043 967 2119 ὄπωπα,
1158 2069 1209 2116 310

261 2149 385 2213 αἵτινές
401 2149 461 2210 εἶσι
475 2146 559 2226 βόες·
582 2145 616 2209 τὸ
632 2148 664 2208 δὲ
680 2146 716 2221 δὴ
734 2146 821 2210 κλέος
836 2145 901 2209 οἶον
916 2145 1022 2208 ἀκούω.

262 2253 312 2318 δὸς
328 2254 360 2315 δέ
376 2250 461 2329 δίκην
477 2245 524 2312 καὶ
539 2247 607 2328 δέξο
622 2252 703 2330 παρὰ
721 2245 795 2326 Ζηνὶ
814 2249 970 2329 Κρονίωνι.

307 2351 405 2434 Αύτάρ
420 2349 485 2416 ἐπεὶ
500 2350 538 2415 τά
552 2350 665 2414 ἕκαστα
683 2349 843 2431 διαρρήδην
857 2349 987 2432 ἐρέεινον

262 2458 373 2540 Ἑρμῆς
388 2455 414 2520 τ’
429 2456 571 2520 οἰοπόλος
586 2456 636 2519 καὶ
652 2459 767 2532 Λητοῦς
782 2455 895 2536 ἀγλαὸς
910 2455 985 2533 υἱός,

264 2563 358 2643 ἀμφὶς
375 2559 467 2639 θυμδν
483 2559 613 2642 ἔχοντες·
635 2560 651 2622 ὁ
666 2561 722 2636 μὲν
736 2556 882 2640 νημερτέα
897 2558 1003 2638 φωνὴν
1161 2585 1190 2633 5¹
1196 2585 1209 2634 5

263 2664 316 2728 ούκ
332 2663 440 2728 ἀδίκως
457 2657 506 2724 ἐπὶ
520 2658 632 2740 βουσὶν
647 2659 771 2736 ἐλάζυτο
787 2661 908 2738 κύδιμον
921 2659 1043 2740 Ἑρμῆν,

265 2765 355 2847 αὐτὰρ
371 2767 388 2828 ὁ
403 2764 548 2850 τέχνῃσίν
565 2788 598 2828 τε
614 2761 662 2826 καὶ
677 2764 846 2843 αἱμυλίοισι
861 2764 1004 2846 λόγοισιν

264 2870 373 2949 ἤθελεν
388 2867 540 2948 ἐξαπατᾶν
555 2866 725 2947 Κυλλήνιος
738 2866 967 2949 Ἀργυρότοξον·

264 2973 356 3056 αὐτὰρ
373 2969 437 3038 ἐπεὶ
453 2972 615 3050 πολύμητις
630 2972 687 3034 ἐὼν
702 2969 916 3056 πολυμήχανον
931 2972 1024 3052 εὗρεν,

266 3077 436 3155 ἐσσυμένως
452 3077 486 3155 δῆ
503 3075 607 3140 ἔπειτα
621 3075 671 3140 διά
688 3074 845 3156 ψαμάθοιο
859 3075 967 3156 βάδιζε
1160 3103 1211 3151 320

265 3181 406 3261 πρόσθεν,
424 3183 497 3260 ἀτάρ
514 3179 676 3244 κατόπισθε
693 3178 767 3244 Διὸς
784 3180 831 3242 καὶ
846 3181 963 3257 Λητοῦς
978 3179 1051 3245 υἱός.

267 3286 346 3367 αἶψα
360 3287 394 3349 δὲ
411 3285 534 3365 τέρθρον
548 3285 648 3348 ἵκοντο
664 3283 793 3348 θυώδεος
808 3282 984 3363 Οὐλύμποιο

267 3392 297 3456 ἐς
311 3389 425 3469 ποτέρα
441 3387 595 3472 Κρονίωνα
611 3391 685 3452 Διὸς
700 3385 886 3467 περικαλλέα
900 3385 997 3451 τέκνα·

301 3555 348 3622 30⁶
372 3555 485 3617 ἐέλμενος
507 3555 551 3615 Μ,
576 3551 702 3616 ἐλιγμένος
725 3571 767 3620 xp.
874 3568 920 3618 ³15
949 3551 1032 3617 φανὴν
1054 3561 1213 3619 corruptum

267 3638 360 3701 Μῶν»
377 3633 472 3698 Μῖνι
491 3633 567 3695 θῶμαι
586 3630 677 3698 Φωρύν,
695 3631 807 3697 νημερτέι
826 3633 895 3697 φωνῇ
914 3633 1034 3685 coniecta.
1112 3645 1159 3696 3²²
1177 3633 1214 3684 ita

270 3718 332 3778 Mx;
349 3711 459 3762 δ’ίκοντο
470 3708 561 3772 κάρηνα
570 3725 614 3774 yp.
