2792 4232
511 316 562 386 w15.
587 308 757 367 ιΛιΑΔοΣ
781 309 818 369 ο.

197 470 354 552 κύμβαχον
370 469 534 551 ἀκρότατον
549 469 612 550 νύξ’
629 472 715 554 ἔγχεϊ
729 470 873 550 ὀξυόεντι,

192 572 264 654 ῥῆξε
279 573 304 636 δ’
321 571 373 653 ἀφ’
394 575 515 638 ἵππειον
528 575 630 654 λόφον
645 575 744 638 αὐτοῦ·
767 579 827 640 πᾶς
842 577 874 638 δέ
889 574 1006 657 χαμᾶζε

195 676 350 740 κάππεσεν
365 677 398 738 ἐν
413 677 541 762 κονίῃσι,
559 675 628 742 νέον
643 679 759 759 φοίνικι
774 677 908 758 φαεινός.

195 778 246 856 ἧος
266 781 282 842 6
301 779 342 861 τῷ
359 777 503 857 πολέμιζε
517 778 625 859 μένων,
642 780 726 844 ἔπιδ’
744 781 855 844 ἔλπετο
871 781 966 857 νίκην,

193 885 290 965 τόφρα
306 880 338 946 δέ
354 885 382 946 οἰ
399 882 558 948 Μενέλαος
572 881 696 964 Ἀρήιος
710 883 804 962 ἦλθεν
820 885 965 964 ἀμύντωρ,
1091 909 1138 958 540

195 990 251 1065 στῆ
266 985 290 1050 δ’
309 983 400 1066 εὐρὰξ
416 985 472 1049 σὺν
487 987 569 1066 δουρὶ
584 987 696 1057 λαθών,
712 985 795 1067 βάλε
810 984 836 1050 δ’
855 985 937 1067 ὦμον
952 987 1089 1048 ὄπισθεν·

195 1088 286 1170 αἰχμὴ
301 1092 335 1152 δὲ
352 1087 490 1168 στέρνοιο
506 1088 648 1152 διέσσυτο
663 1089 839 1169 μαιμώωσα,

194 1191 318 1272 πρόσσω
336 1190 448 1271 ἱεμένη·
472 1193 489 1254 6
504 1190 529 1255 δ’
547 1191 604 1273 ἄρα
621 1192 735 1273 πρηνής
751 1192 892 1271 ἐλιάσθη.

194 1295 233 1356 τδ
248 1297 303 1373 μέν
318 1293 483 1372 ἐεισάσθην
497 1292 653 1376 χαλκήρεα
668 1293 767 1378 τείχε’
787 1294 837 1359 ἀπ’
854 1296 942 1375 ώμων

195 1395 349 1474 συλήσειν
368 1393 486 1477 Ἕκτωρ
501 1398 534 1460 δὲ
550 1395 760 1480 κασιγνήτοισι
776 1397 903 1462 κέλευσε
1087 1423 1134 1475 545

194 1503 269 1562 πίισι
283 1497 375 1576 μάλα,
393 1505 511 1579 πρῶτον
525 1497 552 1563 δ’
566 1498 767 1579 Ἱκεταονίδην
782 1500 926 1575 ἐνένιπεν,

195 1604 317 1682 ἰφθιμον
334 1600 546 1668 Μελάνιππον.
581 1605 598 1667 6
613 1605 638 1668 δ’
655 1607 736 1685 ὄφρα
750 1606 806 1683 μὲν
821 1605 976 1670 εἰλίποδας
991 1609 1067 1684 βοῦς

194 1704 281 1784 βόσκ’
299 1706 331 1768 ἐν
346 1704 501 1790 Περκώτῃ,
518 1703 609 1782 δηίων
625 1707 798 1789 ἀπονόσφιν
814 1708 934 1770 ἐόντων·

194 1807 283 1887 αιἰτάρ
300 1808 366 1870 ἐπεὶ
383 1813 512 1870 Δαναῶν
527 1806 592 1873 νέες
607 1807 720 1888 ἤλυθον
735 1808 948 1890 ἀμφιέλισσαι,

193 1909 239 1992 ἀφ
255 1913 296 1976 εἰς
308 1908 406 1973 Ἴλιον
422 1909 505 1989 ήλθε,
521 1909 689 1993 μετέπρεπε
705 1915 737 1976 δέ
751 1913 903 1993 Τρώεσσι,
1086 1938 1135 1987 550

193 2019 256 2076 ναῖε
271 2014 303 2076 δέ
318 2016 378 2094 πάρ
395 2011 530 2097 Πριάμιρ,
548 2015 564 2076 6
580 2013 613 2076 δέ
627 2040 679 2094 μιν
693 2015 757 2079 τίεν
771 2016 826 2078 ἰσα
842 2017 975 2078 τέκεσσι·

193 2119 244 2180 τόν
257 2117 288 2199 ῥ’
301 2115 420 2197 Ἕκτωρ
435 2117 571 2182 ἐνένιπεν
591 2118 663 2184 ἔπος
677 2116 703 2180 τ’
720 2118 805 2198 ἔφατ’
823 2120 855 2182 ἐκ
871 2119 895 2180 τ’
912 2118 1066 2195 ὀνόμαζεν·

195 2228 212 2254 “
222 2221 297 2283 οὕτω
314 2218 358 2298 δή,
377 2218 570 2293 Μελάνιππε,
586 2219 759 2300 μεθήσομεν
773 2246 784 2295 ,·
808 2218 877 2284 οὐδέ
891 2245 925 2284 νυ
942 2221 993 2282 σαί
1007 2244 1063 2301 περ

194 2323 364 2405 ἐντρέπεται
381 2323 473 2402 φίλον
489 2321 560 2404 ήτορ
576 2324 704 2404 ἀνεψιοῦ
720 2321 902 2403 κταμένοισι

193 2427 247 2509 οὐχ
263 2425 352 2509 όράηις
368 2426 433 2488 οἷον
449 2426 591 2491 Δόλοπος
606 2426 674 2506 περὶ
690 2425 786 2508 τείχε’
803 2425 930 2490 ἐπουσιν
939 2451 950 2501 3
1086 2450 1133 2501 555

193 2527 260 2592 ἀλλ’
278 2529 316 2594 έπ
525 2552 542 2588 τ
567 2527 652 2591 ἐστιν
668 2528 840 2591 ἀποσταδὸν
857 2526 1023 2610 Ἀργείοισι

191 2631 368 2713 μάρνασθαι,
384 2630 455 2710 πρίν
470 2627 499 2710 γ’
518 2628 552 2707 ήέ
568 2629 754 2708 κατακτάμεν
772 2630 806 2709 ήέ
822 2631 883 2693 κατ’
901 2631 991 2711 ἄκρης

190 2734 285 2799 Ἴλιον
301 2732 440 2810 αἰπεινήν
456 2730 555 2794 ἑλέειν
571 2729 699 2795 κτάσθαι
714 2756 747 2795 τε
763 2732 918 2798 πολίτας.”

227 2836 289 2902 Ὣς
306 2837 398 2900 εἰπὼν
414 2837 430 2897 6
446 2835 501 2914 μὲν
517 2833 596 2917 ἦρχ’,
612 2835 629 2896 6
644 2832 669 2896 δ’
686 2833 734 2912 ἀμ’
752 2835 863 2898 ἕσπετο
880 2836 1000 2901 ἰσόθεος
1015 2835 1088 2916 φώς·

192 2937 344 3019 Ἀργείους
359 2938 383 3002 δ’
401 2938 510 3018 ὤτρυνε
525 2935 619 3018 μέγας
633 2937 827 3013 Τελαμώνιος
843 2939 926 3002 Αίας·
1084 2950 1134 3013 560

194 3039 242 3102 “6
259 3041 355 3122 φίλοι,
373 3039 475 3121 ἀνέρες
492 3039 571 3114 ἐστε,
589 3040 638 3104 καὶ
654 3041 726 3101 αἰδῶ
742 3037 825 3101 θέσθ’
842 3041 887 3103 ἐνὶ
903 3039 994 3124 θυμῷ,

193 3143 344 3222 ἀλλήλους
359 3143 383 3205 τ’
400 3145 535 3206 αἰδεῖσθε
554 3145 628 3204 κατὰ
643 3145 784 3223 κρατεράς
798 3142 934 3220 ὑσμίνας.

193 3245 355 3324 αἰδομένων
370 3243 395 3308 δ’
412 3246 526 3325 ἀνδρῶν
542 3242 669 3308 πλέονες
686 3244 753 3306 σόοι
769 3244 803 3323 ήέ
819 3243 979 3324 πέφανται·

194 3351 365 3431 φευγόντων
380 3344 406 3410 δ’
423 3345 483 3411 οὔτ’
500 3345 536 3427 ἀρ
553 3345 642 3412 κλέος
658 3348 778 3428 ὄρνυται
794 3347 861 3410 οὔτε
876 3372 921 3412 τις
940 3345 1047 3425 ἀλκή.’ῗ

229 3449 290 3518 Ὣς
306 3449 405 3531 ἔφαθ’,
423 3452 452 3514 οἰ
467 3451 500 3513 δέ
516 3451 565 3513 καὶ
581 3449 664 3514 αὐτοὶ
680 3448 848 3527 ἀλέξασθαι
862 3449 1031 3527 μενέαινον,
1085 3463 1133 3526 565

195 3553 226 3614 ἐν
240 3555 320 3637 θυμῷ
337 3553 362 3617 δ’
379 3551 531 3632 ἐβάλοντο
547 3552 627 3627 ἔπος,
645 3550 798 3642 φράξαντο
814 3553 846 3614 δὲ
862 3556 935 3630 νῆας

196 3653 271 3730 ἕρκεϊ
285 3655 430 3739 χαλκείῳ·
455 3656 505 3718 ἐπὶ
524 3656 556 3719 δὲ
572 3653 646 3720 Ζεὺς
661 3659 765 3736 Τρῶας
780 3654 904 3735 ἔγειρεν.
