2758 4228
252 351 314 430 892
534 363 584 423 24.
615 349 848 409 ΟΔΥΣΣΕΙΑΣ
881 349 920 408 Ω.

250 517 365 598 ήρόων,
380 518 430 581 ὅτε
446 517 497 582 κέν
511 517 578 582 ποτ’
594 519 801 600 ἀποφθιμένου
815 521 968 598 βασιλῆος

253 622 413 700 ζώννυνταί
426 647 458 685 τε
473 622 535 687 νέοι
551 620 599 685 καὶ
615 622 823 687 ἐπεντύνονται
837 622 942 686 ἀεθλα·

253 724 335 788 ἀλλά
350 751 383 788 κε
399 730 481 789 κεῖνα
495 723 631 805 μάλιστα
647 727 718 790 ίδιδν
733 725 849 805 θηήσαο
865 725 954 810 θυμῷ,
1163 752 1201 803 90

252 828 295 893 αἶ’
313 830 362 892 ἐπὶ
377 831 427 893 σοὶ
443 830 587 907 κατέθηκε
602 827 657 894 θεά
671 828 849 910 περικαλλέ’
865 828 973 905 ἄεθλα,

253 932 440 1014 ἀργυρόπεζα
456 933 556 999 Θέτις·
579 932 663 1012 μάλα
677 935 735 1014 γὰρ
751 933 842 1013 φίλος
857 931 938 1011 ήσθα
954 936 1080 996 θεοῖσιν.

254 1037 293 1101 δς
308 1036 347 1099 σὺ
362 1040 419 1116 μὲν
433 1037 500 1101 οὐδὲ
515 1037 614 1101 θανὼν
629 1035 711 1114 ὄνομ’
727 1037 854 1111 ὤλεσας,
871 1034 954 1098 ἀλλά
969 1060 1017 1099 τοι
1031 1031 1090 1098 αίεὶ

253 1139 367 1206 πάντας
382 1137 429 1203 ἐπ’
445 1141 618 1220 ἀνθρώπους
633 1139 722 1205 κλέος
737 1140 862 1204 έσσεται
878 1139 1001 1217 ἐσθλόν,
1016 1139 1173 1222 Ἀχιλλεῦ·

254 1240 344 1320 αὐτὰρ
359 1239 426 1320 ἐμοὶ
442 1241 471 1302 τί
484 1238 545 1304 τόδ’
560 1238 639 1318 ήδος,
654 1241 720 1303 ἐπεὶ
736 1239 869 1316 πόλεμον
886 1238 1077 1310 τολύπευσας
1168 1266 1203 1318 9⁵

255 1346 288 1407 ἐν
303 1344 400 1428 νόστῳ
416 1345 473 1427 γάρ
487 1371 538 1425 μοι
554 1344 630 1410 Ζεὺς
644 1342 763 1425 μήσατο
779 1345 892 1425 λυγρὸν
907 1345 1036 1420 ὄλεθρον

254 1449 403 1528 Αἰγίσθου
417 1448 475 1512 ὑπὸ
491 1449 579 1531 χερσὶ
595 1446 644 1512 καί
659 1447 823 1526 οὐλομένης
838 1443 996 1531 ἀλόχοιο.”

291 1548 355 1617 Ὧς
370 1553 399 1614 οἱ
414 1554 468 1631 μὲν
483 1555 605 1614 τοιαῦτα
618 1557 694 1631 πρὸς
709 1549 863 1628 ἀλλήλους
878 1551 1033 1632 ἀγόρευον,

256 1656 425 1736 ἀγχίμολον
439 1653 472 1717 δέ
487 1653 543 1734 σφ’
559 1652 634 1733 ήλθε
650 1651 804 1734 διάκτορος
819 1655 1028 1736 ἀργειφόντης,

254 1763 358 1842 ψυχὰς
372 1755 549 1839 μνηστήρων
564 1757 701 1839 κατάγων
715 1758 842 1836 Ὀδυσῆϊ
857 1756 1015 1838 δαμέντων.
1154 1783 1206 1820 ιοο

256 1863 296 1924 τά
313 1861 337 1925 δ’
352 1861 410 1942 ἀρα
425 1859 616 1941 θαμβήσαντ’
633 1861 696 1928 ίθὺς
712 1863 786 1940 κίον,
801 1862 841 1928 ὣς
855 1861 1027 1941 ἐσιδέσθην.

257 1968 333 2047 έγνω
349 1968 382 2028 δὲ
397 1965 482 2048 ψυχή
498 1965 720 2048 Ἀγαμέμνονος
734 1964 889 2046 Ἀτρείδαο

256 2073 349 2132 παῖδά
364 2070 458 2149 φίλον
474 2073 645 2148 Μελανῆος,
661 2070 831 2151 ἀγακλυτὸν
845 2069 1080 2150 Ἀμφιμέδοντα·

257 2171 355 2250 ξεῖνος
370 2173 427 2255 γάρ
443 2175 472 2236 οἱ
488 2173 539 2253 ἔην
554 2173 655 2260 Ἰθάκῃ
672 2174 718 2236 ἔνι
733 2173 812 2236 οἰκία
827 2175 929 2236 ναίων.

257 2277 310 2342 τὸν
324 2277 451 2359 προτέρη
468 2277 554 2359 ψυχὴ
570 2277 786 2358 προσεφώνεεν
800 2274 965 2356 Ἀτρείδαο·
1158 2303 1206 2352 ¹05

258 2386 276 2417 “
286 2381 485 2462 Ἀμφίμεδον,
498 2381 529 2442 τί
542 2380 689 2446 παθόντες
706 2379 832 2460 έρεμνῆν
846 2385 937 2462 γαῖαν
953 2380 1036 2444 έδυτε

258 2485 368 2552 πάντες
384 2484 548 2565 κεκριμένοι
564 2481 613 2547 καὶ
629 2481 788 2563 ὁμήλικες,·
813 2482 883 2548 οὐδέ
898 2510 949 2548 κεν
964 2483 1067 2549 ἄλλως

259 2589 432 2670 κρινόμενος
446 2586 568 2666 λέξαιτο
585 2585 659 2649 κατὰ
674 2587 784 2653 πτόλιν
799 2586 908 2668 ἀνδρας
924 2589 1074 2668 ἀρίστους.

258 2690 276 2771 ῆ
292 2693 361 2772 ὔμμ’
378 2695 410 2755 ἐν
424 2689 535 2770 νήεσσι
550 2688 730 2756 Ποσειδάων
745 2689 928 2770 ἐδάμασσεν,

259 2799 353 2878 όρσας
368 2795 536 2877 ἀργαλέους
552 2794 679 2872 ἀνέμους
695 2796 742 2858 καὶ
759 2794 872 2875 κύματα
885 2794 983 2876 μακρά
992 2821 1003 2870 ,·
1051 2805 1053 2810 ’
1161 2821 1208 2856 110

261 2898 279 2978 ή
294 2924 352 2963 που
367 2898 505 2974 ἀνάρσιοι
520 2899 624 2979 ἄνδρες
640 2895 819 2977 ἐδηλήσαντ’
834 2900 885 2962 ἐπὶ
899 2898 1013 2982 χέρσου

259 3007 334 3081 βοῦς
349 3001 619 3083 περιταμνομένους
634 3002 678 3080 ἠδ’
692 3004 765 3065 οίῶν
781 3003 863 3066 πάεα
879 3003 968 3081 καλό,

259 3105 294 3184 ήὲ
309 3101 376 3184 περὶ
392 3106 516 3171 πτόλιος
531 3105 730 3188 μαχεσόμενοι
746 3105 799 3184 ἠδὲ
814 3112 981 3186 γυναικῶν;

261 3207 328 3272 είπέ
342 3234 393 3286 μοι
409 3208 559 3294 εἰρομένῳ·
583 3207 680 3288 ξεῖνος
696 3206 730 3274 δέ
744 3233 792 3273 τοι
807 3209 933 3294 εὔχομαι
947 3210 1034 3274 εἶναι.

262 3312 280 3391 ἦ
296 3311 330 3374 οὗ
344 3310 441 3399 μέμνῃ
458 3314 509 3378 ότε
524 3318 608 3377 κεῖσε
623 3311 792 3391 κατήλυθον
806 3312 947 3394 ὑμέτερον
962 3318 1013 3391 δῶ,
1162 3339 1208 3389 115

262 3413 406 3496 ὀτρυνέων
421 3416 557 3497 Ὀδυσῆα
572 3415 628 3482 σὺν
643 3416 769 3502 ἀντιθέῳ
785 3417 935 3502 Μενελάῳ

259 3520 357 3584 Ἴλιον
373 3521 416 3586 είς
430 3518 480 3601 ἀμ’
495 3521 623 3585 ἕπεσθαι
638 3519 818 3600 ἐϋσσέλμων
833 3523 882 3586 ἐπὶ
898 3526 998 3600 νηῶν,·

262 3625 334 3703 μηνὶ
349 3622 373 3687 δ’
390 3623 435 3704 ἄρ’
454 3623 534 3709 οὔλῳ
550 3625 647 3690 πάντα
662 3624 836 3705 περήσαμεν
851 3623 937 3705 εὐρέα
952 3626 1071 3700 πόντον,

263 3729 380 3814 σπουδῇ
397 3729 634 3806 παρπεπιθόντες
649 3729 807 3805 Ὀδυσσῆα
822 3726 1055 3810 πτολίπορθον.”
