2728 4230
259 332 317 387 ¹40
577 325 607 394 7.
632 318 802 378 ΙΛΙΑΔΟΣ
826 319 866 377 H.

252 479 426 546 παύσασθαι
441 479 586 559 πολέμοιο
602 481 759 567 δυσηχέος,
776 487 819 551 είς
834 484 853 548 ά
867 510 899 550 κε
915 484 1037 567 νεκροὺς

253 584 371 662 κήομεν·
394 586 520 666 ὕστερον
536 585 605 650 αύτε
618 586 819 670 μαχησόμεθ’,
836 590 879 654 εἰς
895 588 913 651 ό
927 614 961 652 κε
975 590 1090 666 δαίμων

252 692 330 768 ἄμμε
344 689 488 776 διακρίνῃ,
505 689 566 776 δώῃ
580 687 607 756 δ’
623 689 756 772 ἑτέροισί
769 717 806 773 γε
820 688 938 770 νίκην.”

288 790 351 857 Ὣς
366 789 465 872 ἔφαθ’,
481 794 510 857 σί
525 789 550 856 δ’
566 792 623 874 ἀρα
636 799 690 858 τοῦ
704 792 788 874 μάλα
801 795 858 876 μέν
874 794 966 858 κλύον
980 793 1028 874 ἠδ’
1045 797 1197 869 ἐπίθοντο,

254 892 380 983 [δόρπον
395 893 489 959 ἔπειθ’
506 897 624 960 εἵλοντο
639 898 714 960 κατὰ
729 895 858 979 στρατὸν
873 898 906 962 ἐν
920 893 1110 985 τελέεσσιν]
1149 911 1199 972 380

252 999 348 1076 ἠῶθεν
363 997 390 1063 δ’
403 997 513 1065 Ἰδαῖος
527 998 585 1080 ἔβη
603 1000 707 1066 κοίλας
722 1001 772 1064 ἐπὶ
788 1004 870 1080 νῆας·

252 1101 320 1168 τοὺς
335 1101 362 1166 δ’
379 1102 436 1185 εὗρ’
453 1104 498 1168 είν
512 1104 606 1189 ἀγορῇ
623 1103 761 1171 Δαναοὺς
777 1105 962 1187 θεράποντας
973 1103 1085 1187 Ἀρηος

253 1205 302 1284 νηί
315 1205 395 1288 πάρα
410 1206 525 1292 πρύμνῃ
541 1203 774 1288 Ἀγαμέμνονος·
797 1208 888 1288 αὐτὰρ
905 1211 921 1272 ὁ
937 1213 1018 1273 τοῖσι

253 1311 327 1378 στὰς
342 1313 375 1375 ἐν
387 1309 553 1391 μέσσοισιν
566 1312 756 1393 μετεφώνεεν
770 1313 867 1392 ἠπύτα
883 1311 983 1394 κῆρυξ·

253 1425 273 1450 “
283 1412 418 1496 Ἀτρείδη
435 1439 467 1478 τε
482 1414 531 1478 καὶ
546 1414 637 1478 ἄλλοι
653 1415 794 1496 ἀριστῆες
809 1421 1005 1500 Παναχαιῶν,
1151 1427 1199 1492 3⁸5

251 1518 361 1600 ἠνώγει
376 1518 512 1600 Πρίαμός
527 1544 560 1582 τε
576 1519 625 1582 καὶ
641 1519 733 1582 ἄλλοι
747 1524 849 1601 Τρῶες
865 1520 972 1602 ἀγαυοὶ

253 1624 356 1700 εἰπεῖν,
376 1623 410 1685 αί
423 1620 457 1684 κέ
471 1647 526 1702 περ
541 1621 614 1701 ὔμμι
630 1623 724 1703 φίλον
739 1623 788 1686 καὶ
803 1622 859 1701 ἠδδ
872 1621 1002 1705 γένοιτο,

251 1729 345 1805 μῦθον
359 1723 581 1806 Ἀλεξάνδροιο,
597 1731 650 1789 τσῦ
665 1727 765 1792 εἵνεκα
779 1731 876 1792 νεῖκος
892 1729 995 1808 ὄρωρε·

254 1826 386 1908 κτήματα
399 1829 454 1910 μὲν
469 1825 517 1890 άσ’
534 1826 734 1910 Ἀλέξανδρος
749 1829 853 1916 κοίλῃς
868 1830 913 1894 ἐνὶ
929 1829 1037 1907 νηυσὶν

253 1929 382 2015 ἠγάγετο
395 1929 615 2012 Τροίηνδ’-ῶς
632 1932 703 2013 πρὶν
718 1929 835 2012 ὤφελλ’
851 1929 1068 1995 ἀπαλέσθαι-
1150 1955 1201 2005 390

253 2034 340 2102 πάντ’
355 2035 455 2101 ἐθέλει
470 2036 592 2117 δόμεναι
608 2036 657 2099 καὶ
673 2033 714 2098 ἐτ’
729 2038 849 2100 οἴκοθεν
864 2034 934 2100 ἀλλ’
950 2037 1111 2101 ἐπιθεῖναι·

254 2140 403 2223 κουριδίην
417 2137 444 2202 δ’
458 2138 575 2222 άλοχον
590 2137 750 2204 Μενελάου
766 2139 941 2220 κυδαλίμοιο

254 2244 288 2306 ού
303 2251 399 2322 φησιν
417 2242 536 2308 δώσειν·
559 2241 579 2322 ἠ
591 2243 652 2322 μὴν
665 2241 766 2324 Τρῶές
780 2268 817 2325 γε
831 2241 981 2306 κέλονται.

254 2350 302 2412 καὶ
318 2349 350 2411 δέ
365 2344 426 2410 τόδ’
441 2345 575 2429 ἠνώγεον
590 2348 686 2410 εἰπεῖν
701 2346 782 2419 ἐπος,
799 2349 833 2409 αἵ
846 2345 872 2410 κ’
887 2344 1013 2423 ἐθέλητε

253 2451 429 2514 παύσασθαι
443 2448 589 2530 πολέμοιο
605 2448 762 2533 δυσηχέος,
783 2451 825 2515 εἰς
841 2450 859 2512 ὅ
874 2474 908 2512 κε
922 2447 1047 2530 νεκροὺς
1151 2473 1200 2522 395

254 2553 373 2635 κήομεν·
394 2555 521 2634 ὕστερον
537 2552 607 2617 αύτε
620 2551 821 2635 μαχησόμεθ’,
838 2554 881 2619 εἰς
896 2553 914 2614 ά
930 2578 963 2616 κε
979 2551 1093 2630 δαίμων

254 2660 332 2737 ἄμμε
347 2658 491 2743 διακρίνῃ,
511 2657 572 2742 δώῃ
588 2654 615 2720 δ’
631 2654 764 2738 ἑτέροισί
777 2683 813 2734 γε
829 2655 942 2736 νίκην.”

290 2760 354 2827 Ὠς
369 2757 469 2841 ἔφαθ’,
487 2760 516 2822 σί
531 2759 555 2822 δ’
573 2758 631 2841 ἀρα
646 2758 758 2826 πάντες
773 2759 849 2838 ἀκήν
864 2758 1006 2841 ἐγένοντο
1023 2759 1133 2843 σιωπῇ·

255 2866 315 2946 ὀψέ
330 2866 362 2928 δέ
377 2863 413 2943 δή
428 2860 568 2944 μετέειπε
582 2862 664 2943 βοήν
679 2862 791 2945 ἀγαθὸς
808 2861 971 2942 Διομήδης·

256 2964 351 3046 “μήτ’
367 2966 404 3048 άρ
418 2990 463 3031 τις
481 2969 534 3030 νῦν
549 2962 672 3043 κτήματ’
688 2963 902 3047 Ἀλεξάνδροιο
917 2963 1055 3048 δεχέσθω
1149 2993 1200 3041 400

254 3069 324 3153 μήθ’
338 3068 477 3146 Ἑλένην·
501 3067 617 3150 γνωτὸν
632 3070 665 3130 δέ
681 3068 729 3132 καὶ
745 3066 778 3132 δς
792 3067 876 3147 μάλα
892 3067 999 3148 νήπιός
1014 3069 1112 3143 ἐστιν,

255 3175 295 3240 ῶς
308 3172 364 3253 ἤδη
378 3171 539 3252 Τρώεσσιν
554 3167 681 3247 ὀλέθρου
696 3168 812 3252 πείρατ’
828 3167 994 3252 ἐφήπται.”

291 3276 355 3342 Ὠς
370 3273 469 3355 ἔφαθ’,
484 3276 514 3338 οἱ
529 3272 555 3337 δ’
571 3274 630 3351 άρα
644 3271 753 3339 πάντες
769 3274 898 3356 ἐπίαχον
912 3275 974 3338 υἶες
990 3270 1134 3355 Ἀχαιῶν,

254 3386 349 3463 μῦθον
364 3375 573 3461 ἀγασσάμενοι
590 3374 758 3454 Διομήδεος
775 3374 968 3455 ἱπποδάμοιο·

257 3484 305 3549 καὶ
321 3483 381 3546 τότ’
398 3479 450 3563 ἄρ’,
461 3478 571 3545 Ἰδαῖον
585 3477 726 3561 προσέφη
743 3481 849 3562 κρείων
866 3475 1071 3562 Ἀγαμέμνων·
1150 3507 1199 3556 405

257 3581 380 3664 ·”Ιδαῖ’,
398 3582 417 3663 ἠ
431 3608 478 3647 τοι
491 3588 587 3662 μῦθον
603 3583 736 3666 Ἀχαιῶν
752 3581 840 3647 αύτός
856 3581 983 3654 ἀκούεις,

258 3691 297 3754 ῶς
311 3714 358 3752 τοι
372 3688 593 3768 ὑποκρίνονται·
617 3688 683 3767 ἐμοὶ
699 3684 726 3750 δ’
742 3685 914 3751 ἐπιανδάνει
930 3687 1031 3752 οὕτως.
