<?xml version="1.0" encoding="UTF-8"?>
<!DOCTYPE html PUBLIC "-//W3C//DTD XHTML 1.0 Transitional//EN"
    "http://www.w3.org/TR/xhtml1/DTD/xhtml1-transitional.dtd">
<html xmlns="http://www.w3.org/1999/xhtml" xml:lang="en" lang="en">
 <head>
  <title>
</title>
<meta http-equiv="Content-Type" content="text/html;charset=utf-8" />
  <meta name='ocr-system' content='tesseract 3.04.00' />
  <meta name='ocr-capabilities' content='ocr_page ocr_carea ocr_par ocr_line ocrx_word'/>
</head>
<body>
  <div class='ocr_page' id='page_1' title='image "./homerioperaetre00homegoog_0894.png"; bbox 0 0 2758 4228; ppageno 0'>
   <div class='ocr_carea' id='block_1_1' title="bbox 411 949 887 1025">
    <p class='ocr_par' dir='ltr' id='par_1_1' title="bbox 411 949 887 1025">
     <span class='ocr_line' id='line_1_1' title="bbox 411 949 887 1025; baseline 0.002 -1"><span class='ocrx_word' id='word_1_1' title='bbox 411 949 800 1024; x_wconf 79' lang='grc' dir='ltr'>ΟΔΥΣΣΕΙΑΣ</span> <span class='ocrx_word' id='word_1_2' title='bbox 842 950 887 1025; x_wconf 87' lang='grc' dir='ltr'>Ω.</span> 
     </span>
    </p>
   </div>
   <div class='ocr_carea' id='block_1_2' title="bbox 561 1283 732 1364">
    <p class='ocr_par' dir='ltr' id='par_1_2' title="bbox 561 1283 732 1364">
     <span class='ocr_line' id='line_1_2' title="bbox 561 1283 732 1364; baseline -0.023 0"><span class='ocrx_word' id='word_1_3' title='bbox 561 1283 732 1364; x_wconf 69' lang='grc' dir='ltr'>Σπονδαί.</span> 
     </span>
    </p>
   </div>
   <div class='ocr_carea' id='block_1_3' title="bbox 85 1449 1126 3811">
    <p class='ocr_par' dir='ltr' id='par_1_3' title="bbox 85 1449 1126 3811">
     <span class='ocr_line' id='line_1_3' title="bbox 172 1449 832 1535; baseline 0.003 -22"><span class='ocrx_word' id='word_1_4' title='bbox 172 1449 290 1532; x_wconf 80' lang='grc' dir='ltr'>Ἑρμῆς</span> <span class='ocrx_word' id='word_1_5' title='bbox 306 1453 339 1515; x_wconf 67' lang='grc' dir='ltr'>δὲ</span> <span class='ocrx_word' id='word_1_6' title='bbox 355 1451 460 1535; x_wconf 74' lang='grc' dir='ltr'>ψυχὰς</span> <span class='ocrx_word' id='word_1_7' title='bbox 475 1449 646 1531; x_wconf 79' lang='grc' dir='ltr'>Κυλλήνιος</span> <span class='ocrx_word' id='word_1_8' title='bbox 659 1452 832 1531; x_wconf 77' lang='grc' dir='ltr'>ἐξεκαλεῖτο</span> 
     </span>
     <span class='ocr_line' id='line_1_4' title="bbox 175 1552 940 1639; baseline 0 -21"><span class='ocrx_word' id='word_1_9' title='bbox 175 1557 290 1635; x_wconf 86' lang='grc' dir='ltr'>ἀνδρῶν</span> <span class='ocrx_word' id='word_1_10' title='bbox 303 1552 492 1634; x_wconf 86' lang='grc' dir='ltr'>μνηστήρων·</span> <span class='ocrx_word' id='word_1_11' title='bbox 516 1554 570 1637; x_wconf 81' lang='grc' dir='ltr'>ἔχε</span> <span class='ocrx_word' id='word_1_12' title='bbox 585 1559 617 1618; x_wconf 82' lang='grc' dir='ltr'>δὲ</span> <span class='ocrx_word' id='word_1_13' title='bbox 631 1557 748 1638; x_wconf 78' lang='grc' dir='ltr'>ῥάβδον</span> <span class='ocrx_word' id='word_1_14' title='bbox 762 1559 837 1638; x_wconf 87' lang='grc' dir='ltr'>μετά</span> <span class='ocrx_word' id='word_1_15' title='bbox 851 1554 940 1639; x_wconf 77' lang='grc' dir='ltr'>χερσὶ</span> 
     </span>
     <span class='ocr_line' id='line_1_5' title="bbox 175 1657 920 1745; baseline 0.004 -25"><span class='ocrx_word' id='word_1_16' title='bbox 175 1658 271 1735; x_wconf 80' lang='grc' dir='ltr'>καλὴν</span> <span class='ocrx_word' id='word_1_17' title='bbox 287 1660 439 1738; x_wconf 81' lang='grc' dir='ltr'>χρυσείην,</span> <span class='ocrx_word' id='word_1_18' title='bbox 457 1658 493 1745; x_wconf 75' lang='grc' dir='ltr'>τῇ</span> <span class='ocrx_word' id='word_1_19' title='bbox 511 1657 536 1720; x_wconf 88' lang='grc' dir='ltr'>τ’</span> <span class='ocrx_word' id='word_1_20' title='bbox 553 1660 670 1740; x_wconf 83' lang='grc' dir='ltr'>ἀνδρῶν</span> <span class='ocrx_word' id='word_1_21' title='bbox 685 1662 804 1740; x_wconf 87' lang='grc' dir='ltr'>ὄμματα</span> <span class='ocrx_word' id='word_1_22' title='bbox 819 1658 920 1742; x_wconf 78' lang='grc' dir='ltr'>θέλγει</span> 
     </span>
     <span class='ocr_line' id='line_1_6' title="bbox 85 1761 939 1852; baseline 0.005 -29"><span class='ocrx_word' id='word_1_23' title='bbox 85 1835 93 1852; x_wconf 44' lang='lat'><strong>·</strong></span> <span class='ocrx_word' id='word_1_24' title='bbox 175 1763 217 1824; x_wconf 80' lang='grc' dir='ltr'>ὧν</span> <span class='ocrx_word' id='word_1_25' title='bbox 232 1762 340 1838; x_wconf 78' lang='grc' dir='ltr'>ἐθέλει,</span> <span class='ocrx_word' id='word_1_26' title='bbox 356 1762 423 1827; x_wconf 85' lang='grc' dir='ltr'>τοὺς</span> <span class='ocrx_word' id='word_1_27' title='bbox 439 1761 465 1824; x_wconf 89' lang='grc' dir='ltr'>δ’</span> <span class='ocrx_word' id='word_1_28' title='bbox 481 1762 552 1826; x_wconf 80' lang='grc' dir='ltr'>αὖτε</span> <span class='ocrx_word' id='word_1_29' title='bbox 567 1764 616 1826; x_wconf 90' lang='grc' dir='ltr'>καὶ</span> <span class='ocrx_word' id='word_1_30' title='bbox 631 1765 801 1829; x_wconf 78' lang='grc' dir='ltr'>ὑπνώοντας</span> <span class='ocrx_word' id='word_1_31' title='bbox 819 1765 939 1844; x_wconf 78' lang='grc' dir='ltr'>ἐγείρει·</span> 
     </span>
     <span class='ocr_line' id='line_1_7' title="bbox 174 1862 1125 1950; baseline 0.001 -23"><span class='ocrx_word' id='word_1_32' title='bbox 174 1864 256 1950; x_wconf 74' lang='grc' dir='ltr'>τῆρ’</span> <span class='ocrx_word' id='word_1_33' title='bbox 271 1865 327 1946; x_wconf 79' lang='grc' dir='ltr'>ἄγε</span> <span class='ocrx_word' id='word_1_34' title='bbox 343 1862 478 1942; x_wconf 90' lang='grc' dir='ltr'>κινήσας,</span> <span class='ocrx_word' id='word_1_35' title='bbox 493 1865 541 1926; x_wconf 84' lang='grc' dir='ltr'>ταὶ</span> <span class='ocrx_word' id='word_1_36' title='bbox 556 1868 589 1928; x_wconf 82' lang='grc' dir='ltr'>δὲ</span> <span class='ocrx_word' id='word_1_37' title='bbox 603 1865 756 1947; x_wconf 77' lang='grc' dir='ltr'>τρίζουσαι</span> <span class='ocrx_word' id='word_1_38' title='bbox 772 1866 889 1929; x_wconf 82' lang='grc' dir='ltr'>ἕποντο.</span> <span class='ocrx_word' id='word_1_39' title='bbox 1110 1891 1125 1940; x_wconf 82' lang='lat'>5</span> 
     </span>
     <span class='ocr_line' id='line_1_8' title="bbox 176 1965 922 2051; baseline 0.003 -23"><span class='ocrx_word' id='word_1_40' title='bbox 176 1967 215 2032; x_wconf 84' lang='grc' dir='ltr'>ὡς</span> <span class='ocrx_word' id='word_1_41' title='bbox 231 1965 256 2031; x_wconf 87' lang='grc' dir='ltr'>δ’</span> <span class='ocrx_word' id='word_1_42' title='bbox 272 1968 321 2031; x_wconf 85' lang='grc' dir='ltr'>ὅτε</span> <span class='ocrx_word' id='word_1_43' title='bbox 338 1968 504 2046; x_wconf 84' lang='grc' dir='ltr'>νυκτερίδες</span> <span class='ocrx_word' id='word_1_44' title='bbox 518 1967 603 2051; x_wconf 70' lang='grc' dir='ltr'>μυχῷ</span> <span class='ocrx_word' id='word_1_45' title='bbox 618 1967 728 2048; x_wconf 86' lang='grc' dir='ltr'>ἀντρου</span> <span class='ocrx_word' id='word_1_46' title='bbox 743 1971 922 2032; x_wconf 80' lang='grc' dir='ltr'>θεσπεσίοιο</span> 
     </span>
     <span class='ocr_line' id='line_1_9' title="bbox 176 2069 923 2158; baseline 0.005 -27"><span class='ocrx_word' id='word_1_47' title='bbox 176 2070 329 2150; x_wconf 80' lang='grc' dir='ltr'>τρίζουσαι</span> <span class='ocrx_word' id='word_1_48' title='bbox 344 2069 511 2145; x_wconf 83' lang='grc' dir='ltr'>ποτέονται,</span> <span class='ocrx_word' id='word_1_49' title='bbox 529 2072 599 2135; x_wconf 78' lang='grc' dir='ltr'>ἐπεί</span> <span class='ocrx_word' id='word_1_50' title='bbox 617 2072 651 2136; x_wconf 94' lang='grc' dir='ltr'>κέ</span> <span class='ocrx_word' id='word_1_51' title='bbox 665 2097 710 2137; x_wconf 91' lang='grc' dir='ltr'>τις</span> <span class='ocrx_word' id='word_1_52' title='bbox 725 2071 923 2158; x_wconf 76' lang='grc' dir='ltr'>ἀποπέσῃσιν</span> 
     </span>
     <span class='ocr_line' id='line_1_10' title="bbox 176 2172 939 2261; baseline 0.003 -25"><span class='ocrx_word' id='word_1_53' title='bbox 176 2176 308 2254; x_wconf 83' lang='grc' dir='ltr'>ὁρμαθοῦ</span> <span class='ocrx_word' id='word_1_54' title='bbox 322 2175 355 2237; x_wconf 88' lang='grc' dir='ltr'>έκ</span> <span class='ocrx_word' id='word_1_55' title='bbox 371 2172 488 2254; x_wconf 84' lang='grc' dir='ltr'>πέτρης,</span> <span class='ocrx_word' id='word_1_56' title='bbox 505 2173 562 2237; x_wconf 84' lang='grc' dir='ltr'>ἀνά</span> <span class='ocrx_word' id='word_1_57' title='bbox 576 2173 600 2235; x_wconf 88' lang='grc' dir='ltr'>τ’</span> <span class='ocrx_word' id='word_1_58' title='bbox 618 2175 793 2261; x_wconf 83' lang='grc' dir='ltr'>ἀλλήλῃσιν</span> <span class='ocrx_word' id='word_1_59' title='bbox 808 2176 939 2258; x_wconf 87' lang='grc' dir='ltr'>ἔχονται,</span> 
     </span>
     <span class='ocr_line' id='line_1_11' title="bbox 176 2276 926 2360; baseline 0.005 -20"><span class='ocrx_word' id='word_1_60' title='bbox 176 2279 215 2343; x_wconf 79' lang='grc' dir='ltr'>ὣς</span> <span class='ocrx_word' id='word_1_61' title='bbox 232 2279 263 2340; x_wconf 86' lang='grc' dir='ltr'>αἱ</span> <span class='ocrx_word' id='word_1_62' title='bbox 279 2281 440 2360; x_wconf 81' lang='grc' dir='ltr'>τετριγυῖαι</span> <span class='ocrx_word' id='word_1_63' title='bbox 455 2276 504 2357; x_wconf 83' lang='grc' dir='ltr'>ἀμ’</span> <span class='ocrx_word' id='word_1_64' title='bbox 520 2276 628 2355; x_wconf 73' lang='grc' dir='ltr'>ἤϊσαν·</span> <span class='ocrx_word' id='word_1_65' title='bbox 644 2277 718 2360; x_wconf 87' lang='grc' dir='ltr'>ῆρχε</span> <span class='ocrx_word' id='word_1_66' title='bbox 734 2278 760 2342; x_wconf 87' lang='grc' dir='ltr'>δ’</span> <span class='ocrx_word' id='word_1_67' title='bbox 775 2279 833 2359; x_wconf 84' lang='grc' dir='ltr'>ἄρα</span> <span class='ocrx_word' id='word_1_68' title='bbox 848 2287 926 2358; x_wconf 87' lang='grc' dir='ltr'>σφιν</span> 
     </span>
     <span class='ocr_line' id='line_1_12' title="bbox 175 2379 1124 2463; baseline 0.004 -21"><span class='ocrx_word' id='word_1_69' title='bbox 175 2380 316 2461; x_wconf 84' lang='grc' dir='ltr'>Ἑρμείας</span> <span class='ocrx_word' id='word_1_70' title='bbox 335 2380 467 2458; x_wconf 87' lang='grc' dir='ltr'>ἀκάκητα</span> <span class='ocrx_word' id='word_1_71' title='bbox 484 2379 547 2446; x_wconf 84' lang='grc' dir='ltr'>κατ’</span> <span class='ocrx_word' id='word_1_72' title='bbox 562 2382 709 2463; x_wconf 79' lang='grc' dir='ltr'>εὐρώεντα</span> <span class='ocrx_word' id='word_1_73' title='bbox 724 2382 863 2447; x_wconf 88' lang='grc' dir='ltr'>κέλευθα.</span> <span class='ocrx_word' id='word_1_74' title='bbox 1094 2409 1124 2446; x_wconf 85' lang='grc' dir='ltr'>ιο</span> 
     </span>
     <span class='ocr_line' id='line_1_13' title="bbox 176 2481 1014 2568; baseline 0.002 -20"><span class='ocrx_word' id='word_1_75' title='bbox 176 2487 238 2563; x_wconf 85' lang='grc' dir='ltr'>πὰρ</span> <span class='ocrx_word' id='word_1_76' title='bbox 253 2484 278 2548; x_wconf 85' lang='grc' dir='ltr'>δ’</span> <span class='ocrx_word' id='word_1_77' title='bbox 293 2484 365 2548; x_wconf 84' lang='grc' dir='ltr'>ίσαν</span> <span class='ocrx_word' id='word_1_78' title='bbox 379 2481 527 2548; x_wconf 80' lang='grc' dir='ltr'>Ὠκεανοῦ</span> <span class='ocrx_word' id='word_1_79' title='bbox 543 2511 575 2548; x_wconf 91' lang='grc' dir='ltr'>τε</span> <span class='ocrx_word' id='word_1_80' title='bbox 590 2487 662 2568; x_wconf 83' lang='grc' dir='ltr'>ῥοὰς</span> <span class='ocrx_word' id='word_1_81' title='bbox 679 2482 727 2551; x_wconf 82' lang='grc' dir='ltr'>καὶ</span> <span class='ocrx_word' id='word_1_82' title='bbox 742 2485 880 2551; x_wconf 80' lang='grc' dir='ltr'>Λευκάδα</span> <span class='ocrx_word' id='word_1_83' title='bbox 895 2488 1014 2568; x_wconf 86' lang='grc' dir='ltr'>πέτρην,</span> 
     </span>
     <span class='ocr_line' id='line_1_14' title="bbox 179 2585 893 2670; baseline 0.006 -20"><span class='ocrx_word' id='word_1_84' title='bbox 179 2587 231 2666; x_wconf 84' lang='grc' dir='ltr'>ἠδὲ</span> <span class='ocrx_word' id='word_1_85' title='bbox 246 2588 315 2668; x_wconf 88' lang='grc' dir='ltr'>παρ’</span> <span class='ocrx_word' id='word_1_86' title='bbox 330 2587 466 2652; x_wconf 90' lang='grc' dir='ltr'>Ἠελίοιο</span> <span class='ocrx_word' id='word_1_87' title='bbox 481 2589 579 2653; x_wconf 80' lang='grc' dir='ltr'>πύλας</span> <span class='ocrx_word' id='word_1_88' title='bbox 595 2585 643 2653; x_wconf 78' lang='grc' dir='ltr'>καὶ</span> <span class='ocrx_word' id='word_1_89' title='bbox 658 2593 754 2668; x_wconf 85' lang='grc' dir='ltr'>δῆμον</span> <span class='ocrx_word' id='word_1_90' title='bbox 769 2591 893 2670; x_wconf 89' lang='grc' dir='ltr'>ὀνείρων</span> 
     </span>
     <span class='ocr_line' id='line_1_15' title="bbox 180 2689 972 2774; baseline 0.006 -20"><span class='ocrx_word' id='word_1_91' title='bbox 180 2689 280 2769; x_wconf 85' lang='grc' dir='ltr'>ἤϊσαν·</span> <span class='ocrx_word' id='word_1_92' title='bbox 305 2691 384 2774; x_wconf 77' lang='grc' dir='ltr'>αἶψα</span> <span class='ocrx_word' id='word_1_93' title='bbox 402 2691 427 2754; x_wconf 88' lang='grc' dir='ltr'>δ’</span> <span class='ocrx_word' id='word_1_94' title='bbox 444 2693 546 2756; x_wconf 88' lang='grc' dir='ltr'>ίκοντο</span> <span class='ocrx_word' id='word_1_95' title='bbox 562 2692 624 2755; x_wconf 88' lang='grc' dir='ltr'>κατ’</span> <span class='ocrx_word' id='word_1_96' title='bbox 641 2693 816 2774; x_wconf 81' lang='grc' dir='ltr'>ἀσφοδελὸν</span> <span class='ocrx_word' id='word_1_97' title='bbox 831 2700 972 2773; x_wconf 75' lang='grc' dir='ltr'>λειμῶνα,</span> 
     </span>
     <span class='ocr_line' id='line_1_16' title="bbox 178 2795 871 2877; baseline 0.003 -20"><span class='ocrx_word' id='word_1_98' title='bbox 178 2795 249 2858; x_wconf 80' lang='grc' dir='ltr'>ἔνθα</span> <span class='ocrx_word' id='word_1_99' title='bbox 264 2821 297 2858; x_wconf 90' lang='grc' dir='ltr'>τε</span> <span class='ocrx_word' id='word_1_100' title='bbox 313 2796 433 2860; x_wconf 91' lang='grc' dir='ltr'>ναίουσι</span> <span class='ocrx_word' id='word_1_101' title='bbox 448 2795 558 2876; x_wconf 78' lang='grc' dir='ltr'>ψυχαί,</span> <span class='ocrx_word' id='word_1_102' title='bbox 573 2797 685 2860; x_wconf 90' lang='grc' dir='ltr'>είδωλα</span> <span class='ocrx_word' id='word_1_103' title='bbox 705 2799 871 2877; x_wconf 84' lang='grc' dir='ltr'>καμόντων.</span> 
     </span>
     <span class='ocr_line' id='line_1_17' title="bbox 224 2897 845 2982; baseline 0.008 -22"><span class='ocrx_word' id='word_1_104' title='bbox 224 2898 320 2979; x_wconf 80' lang='grc' dir='ltr'>Εὗρον</span> <span class='ocrx_word' id='word_1_105' title='bbox 335 2901 368 2962; x_wconf 84' lang='grc' dir='ltr'>δὲ</span> <span class='ocrx_word' id='word_1_106' title='bbox 383 2898 488 2980; x_wconf 74' lang='grc' dir='ltr'>ψυχήν</span> <span class='ocrx_word' id='word_1_107' title='bbox 502 2897 684 2975; x_wconf 81' lang='grc' dir='ltr'>Πηληϊάδεω</span> <span class='ocrx_word' id='word_1_108' title='bbox 699 2897 845 2982; x_wconf 82' lang='grc' dir='ltr'>Ἀχιλῆος</span> 
     </span>
     <span class='ocr_line' id='line_1_18' title="bbox 179 3000 879 3086; baseline 0.004 -21"><span class='ocrx_word' id='word_1_109' title='bbox 179 3000 227 3065; x_wconf 84' lang='grc' dir='ltr'>καὶ</span> <span class='ocrx_word' id='word_1_110' title='bbox 243 3004 438 3082; x_wconf 82' lang='grc' dir='ltr'>Πατροκλῆος</span> <span class='ocrx_word' id='word_1_111' title='bbox 457 3003 506 3065; x_wconf 90' lang='grc' dir='ltr'>καὶ</span> <span class='ocrx_word' id='word_1_112' title='bbox 522 3001 670 3080; x_wconf 84' lang='grc' dir='ltr'>ἀμύμονος</span> <span class='ocrx_word' id='word_1_113' title='bbox 686 3001 879 3086; x_wconf 89' lang='grc' dir='ltr'>Ἀντιλόχοιο</span> 
     </span>
     <span class='ocr_line' id='line_1_19' title="bbox 179 3104 910 3187; baseline 0.008 -21"><span class='ocrx_word' id='word_1_114' title='bbox 179 3106 308 3172; x_wconf 87' lang='grc' dir='ltr'>Αίαντός</span> <span class='ocrx_word' id='word_1_115' title='bbox 324 3106 361 3182; x_wconf 89' lang='grc' dir='ltr'>θ’,</span> <span class='ocrx_word' id='word_1_116' title='bbox 377 3104 410 3172; x_wconf 91' lang='grc' dir='ltr'>δς</span> <span class='ocrx_word' id='word_1_117' title='bbox 425 3104 549 3187; x_wconf 79' lang='grc' dir='ltr'>ἀριστος</span> <span class='ocrx_word' id='word_1_118' title='bbox 563 3106 616 3182; x_wconf 81' lang='grc' dir='ltr'>ἔην</span> <span class='ocrx_word' id='word_1_119' title='bbox 632 3105 709 3172; x_wconf 81' lang='grc' dir='ltr'>εἶδός</span> <span class='ocrx_word' id='word_1_120' title='bbox 724 3131 756 3171; x_wconf 89' lang='grc' dir='ltr'>τε</span> <span class='ocrx_word' id='word_1_121' title='bbox 771 3109 862 3186; x_wconf 89' lang='grc' dir='ltr'>δέμας</span> <span class='ocrx_word' id='word_1_122' title='bbox 877 3133 910 3172; x_wconf 91' lang='grc' dir='ltr'>τε</span> 
     </span>
     <span class='ocr_line' id='line_1_20' title="bbox 179 3204 922 3290; baseline 0.008 -20"><span class='ocrx_word' id='word_1_123' title='bbox 179 3215 239 3272; x_wconf 85' lang='grc' dir='ltr'>τῶν</span> <span class='ocrx_word' id='word_1_124' title='bbox 254 3207 359 3272; x_wconf 82' lang='grc' dir='ltr'>ἀλλων</span> <span class='ocrx_word' id='word_1_125' title='bbox 375 3215 506 3275; x_wconf 78' lang='grc' dir='ltr'>Δαναῶν</span> <span class='ocrx_word' id='word_1_126' title='bbox 520 3204 585 3289; x_wconf 84' lang='grc' dir='ltr'>μετ’</span> <span class='ocrx_word' id='word_1_127' title='bbox 600 3210 736 3290; x_wconf 83' lang='grc' dir='ltr'>ἀμύμονα</span> <span class='ocrx_word' id='word_1_128' title='bbox 752 3210 922 3288; x_wconf 85' lang='grc' dir='ltr'>Πηλείωνα</span> 
     </span>
     <span class='ocr_line' id='line_1_21' title="bbox 180 3311 929 3396; baseline 0.007 -22"><span class='ocrx_word' id='word_1_129' title='bbox 180 3313 219 3377; x_wconf 81' lang='grc' dir='ltr'>ώς</span> <span class='ocrx_word' id='word_1_130' title='bbox 235 3314 264 3374; x_wconf 85' lang='grc' dir='ltr'>οἱ</span> <span class='ocrx_word' id='word_1_131' title='bbox 278 3315 335 3392; x_wconf 80' lang='grc' dir='ltr'>μὲν</span> <span class='ocrx_word' id='word_1_132' title='bbox 349 3311 417 3394; x_wconf 83' lang='grc' dir='ltr'>περὶ</span> <span class='ocrx_word' id='word_1_133' title='bbox 436 3317 535 3376; x_wconf 81' lang='grc' dir='ltr'>κεῖνον</span> <span class='ocrx_word' id='word_1_134' title='bbox 550 3315 683 3391; x_wconf 85' lang='grc' dir='ltr'>ὁμίλεον·</span> <span class='ocrx_word' id='word_1_135' title='bbox 707 3315 880 3396; x_wconf 87' lang='grc' dir='ltr'>ἀγχίμολον</span> <span class='ocrx_word' id='word_1_136' title='bbox 895 3320 929 3379; x_wconf 82' lang='grc' dir='ltr'>δὲ</span> 
     </span>
     <span class='ocr_line' id='line_1_22' title="bbox 179 3414 1126 3498; baseline 0.005 -21"><span class='ocrx_word' id='word_1_137' title='bbox 179 3415 264 3493; x_wconf 82' lang='grc' dir='ltr'>ἤλυθ’</span> <span class='ocrx_word' id='word_1_138' title='bbox 280 3417 331 3479; x_wconf 88' lang='grc' dir='ltr'>έπι</span> <span class='ocrx_word' id='word_1_139' title='bbox 346 3416 431 3498; x_wconf 77' lang='grc' dir='ltr'>ψυχή</span> <span class='ocrx_word' id='word_1_140' title='bbox 449 3414 674 3498; x_wconf 84' lang='grc' dir='ltr'>Ἀγαμέμνονος</span> <span class='ocrx_word' id='word_1_141' title='bbox 691 3416 847 3498; x_wconf 85' lang='grc' dir='ltr'>Ἀτρείδαο</span> <span class='ocrx_word' id='word_1_142' title='bbox 1095 3448 1126 3482; x_wconf 82' lang='lat'>20</span> 
     </span>
     <span class='ocr_line' id='line_1_23' title="bbox 180 3517 1037 3607; baseline 0.006 -26"><span class='ocrx_word' id='word_1_143' title='bbox 180 3517 341 3600; x_wconf 92' lang='grc' dir='ltr'>ἀχνυμένη·</span> <span class='ocrx_word' id='word_1_144' title='bbox 365 3522 433 3601; x_wconf 85' lang='grc' dir='ltr'>περὶ</span> <span class='ocrx_word' id='word_1_145' title='bbox 448 3521 473 3584; x_wconf 88' lang='grc' dir='ltr'>δ’</span> <span class='ocrx_word' id='word_1_146' title='bbox 490 3519 584 3584; x_wconf 78' lang='grc' dir='ltr'>ἄλλοι</span> <span class='ocrx_word' id='word_1_147' title='bbox 600 3519 769 3603; x_wconf 85' lang='grc' dir='ltr'>ἀγηγέραθ’,</span> <span class='ocrx_word' id='word_1_148' title='bbox 786 3521 880 3586; x_wconf 86' lang='grc' dir='ltr'>ὅσσαι</span> <span class='ocrx_word' id='word_1_149' title='bbox 895 3521 945 3601; x_wconf 82' lang='grc' dir='ltr'>ἀμ’</span> <span class='ocrx_word' id='word_1_150' title='bbox 961 3523 1037 3607; x_wconf 76' lang='grc' dir='ltr'>αὐτῷ</span> 
     </span>
     <span class='ocr_line' id='line_1_24' title="bbox 181 3623 938 3707; baseline 0.008 -22"><span class='ocrx_word' id='word_1_151' title='bbox 181 3623 252 3707; x_wconf 81' lang='grc' dir='ltr'>οίκιρ</span> <span class='ocrx_word' id='word_1_152' title='bbox 267 3624 300 3687; x_wconf 84' lang='grc' dir='ltr'>έν</span> <span class='ocrx_word' id='word_1_153' title='bbox 315 3624 475 3704; x_wconf 89' lang='grc' dir='ltr'>Αίγίσθοιο</span> <span class='ocrx_word' id='word_1_154' title='bbox 490 3623 583 3690; x_wconf 87' lang='grc' dir='ltr'>θάνον</span> <span class='ocrx_word' id='word_1_155' title='bbox 598 3625 647 3688; x_wconf 84' lang='grc' dir='ltr'>καὶ</span> <span class='ocrx_word' id='word_1_156' title='bbox 663 3625 778 3705; x_wconf 87' lang='grc' dir='ltr'>πότμον</span> <span class='ocrx_word' id='word_1_157' title='bbox 792 3624 938 3692; x_wconf 80' lang='grc' dir='ltr'>ἐπέσπον.</span> 
     </span>
     <span class='ocr_line' id='line_1_25' title="bbox 181 3725 893 3811; baseline 0.01 -21"><span class='ocrx_word' id='word_1_158' title='bbox 181 3732 234 3790; x_wconf 83' lang='grc' dir='ltr'>τὸν</span> <span class='ocrx_word' id='word_1_159' title='bbox 248 3725 376 3808; x_wconf 87' lang='grc' dir='ltr'>προτέρη</span> <span class='ocrx_word' id='word_1_160' title='bbox 393 3728 479 3811; x_wconf 81' lang='grc' dir='ltr'>ψυχὴ</span> <span class='ocrx_word' id='word_1_161' title='bbox 495 3729 692 3810; x_wconf 78' lang='grc' dir='ltr'>προσεφώνεε</span> <span class='ocrx_word' id='word_1_162' title='bbox 708 3727 893 3807; x_wconf 72' lang='grc' dir='ltr'>Πηλεΐωνος·</span> 
     </span>
    </p>
   </div>
   <div class='ocr_carea' id='block_1_4' title="bbox 0 0 1394 4228">
    <p class='ocr_par' dir='ltr' id='par_1_4' title="bbox 0 0 1394 4228">
     <span class='ocr_line' id='line_1_26' title="bbox 0 0 1394 4228; baseline 0 0"><span class='ocrx_word' id='word_1_163' title='bbox 0 0 1394 4228; x_wconf 95' lang='lat' dir='ltr'> </span> 
     </span>
    </p>
   </div>
  </div>
 </body>
</html>
