2746 4228
491 387 522 444 4
545 369 717 430 ιλικοον
740 371 780 428 οι

171 535 306 617 ἄψορρόν
320 537 351 599 οἱ
365 533 459 614 θυμδς
474 535 520 600 ἐνὶ
535 533 704 613 στήθεσσιν
718 531 840 616 ἀγέρθη.

170 643 231 704 τοῖς
246 640 280 701 δέ
293 637 375 719 βαρὺ
390 636 549 721 στενάχων
562 636 679 719 μετέφη
695 639 801 720 κρείων
814 633 1022 719 Ἀγαμέμνων,

169 742 270 823 χειρδς
284 744 364 825 έχων
380 740 553 817 Μενέλαον,
570 741 812 825 ἐπεστενάχοντο
826 739 852 805 δ’
869 745 991 822 ἑταῖροι·

170 855 191 881 “
200 848 275 926 φίλε
289 847 463 928 κασίγνητε,
479 845 611 911 θάνατόν
624 845 661 910 νί
674 871 722 910 τοι
737 844 811 926 ὅρκι’
827 845 965 924 ἔταμνον,
1066 873 1112 921 155

171 948 235 1012 οἶον
248 947 425 1030 προστήσας
440 949 499 1030 πρδ
513 949 650 1033 Ἀχαιῶν
661 950 767 1030 Τρωσὶ
780 946 943 1031 μάχεσθαι,

169 1053 209 1117 ὥς
223 1051 253 1112 α’
270 1053 389 1131 ἔβαλον
401 1056 514 1133 Τρόες,
530 1055 606 1115 κατδ
620 1050 647 1115 δ’
659 1053 747 1132 ὅρκια
760 1053 857 1114 πιστδ
871 1049 1022 1129 πάτησαν.

169 1153 204 1215 οὐ
216 1152 274 1232 μέν
288 1179 352 1220 πως
367 1154 457 1220 ἀλιον
470 1153 560 1220 πέλει
575 1156 678 1236 ὅρκιον
692 1152 767 1234 αἷμά
781 1179 815 1218 τε
829 1153 928 1234 ἀρνῶν

170 1259 302 1320 σπονδαί
315 1257 341 1319 τ’
357 1258 481 1340 ἄκρητοι
496 1259 547 1321 καὶ
561 1256 666 1336 δεξιαί,
680 1255 718 1344 ῇς
733 1255 907 1335 ἐπέπιθμεν.

170 1363 267 1442 εἴπερ
282 1359 341 1443 γάρ
355 1385 389 1424 τε
404 1359 455 1425 καὶ
469 1360 563 1424 αὐτίκ’
578 1360 749 1440 Ὀλύμπιος
763 1361 816 1424 οὐκ
831 1358 1004 1438 ἐτέλεσσεν,
1066 1371 1113 1420 ι6ο

169 1463 202 1525 ἔκ
215 1487 250 1526 τε
265 1463 315 1526 καὶ
329 1461 391 1544 ὀψὲ
406 1468 497 1539 τελεῖ,
515 1462 572 1529 σήν
586 1487 618 1527 τε
632 1461 757 1548 μεγάλῳ
772 1460 930 1538 ἀπέτισαν,

169 1568 225 1632 σὺν
239 1570 360 1654 σφῇσιν
374 1568 530 1655 κεφαλῇσι
544 1566 665 1650 γυναιξί
677 1592 712 1631 τε
726 1565 777 1630 καὶ
791 1565 960 1630 τεκέεσσιν.

168 1671 202 1733 εὖ
215 1673 273 1754 γὰρ
288 1671 348 1752 ἐγὼ
363 1671 433 1734 τόδε
447 1669 516 1735 οἶδα
530 1673 607 1733 κατὰ
621 1667 718 1751 φρένα
733 1669 784 1733 καὶ
798 1672 874 1732 κατὰ
889 1669 992 1748 θυμόν·

169 1775 293 1837 ἔσσεται
308 1772 387 1856 ἦμαρ
402 1773 446 1836 ὅτ’
461 1774 499 1836 ἀν
514 1773 581 1837 ποτ’
597 1774 701 1858 ὀλάλῃ
713 1772 810 1839 Ἴλιος
825 1773 873 1855 ἱρὴ

169 1881 218 1941 καὶ
233 1879 370 1958 Πρίαμος
385 1879 435 1940 καὶ
449 1876 524 1942 λαδς
538 1878 690 1955 ἐϋμμελίω
706 1877 867 1958 Πριάμοιο,
1066 1889 1111 1952 165

169 1981 243 2047 Ζεὺς
257 1979 292 2044 δέ
306 1989 366 2061 σφι
381 1981 528 2062 Κρονίδης
542 1981 699 2063 ὑψίζυγος,
714 1978 811 2062 αἰθέρι
826 1982 928 2053 ναίων,

168 2083 255 2150 αι’πδς
270 2085 467 2170 ἐπισσείῃσιν
482 2083 609 2165 ἐρεμνὴν
624 2084 726 2166 αἰγίδα
740 2087 818 2146 πᾶσι

168 2183 254 2265 τῆσδ’
268 2185 385 2265 ἀπάτης
400 2183 519 2250 κοτέων
542 2187 580 2248 τδ
594 2185 650 2265 μέν
664 2186 792 2249 ἔσσεται
806 2185 859 2248 οίικ
875 2184 1034 2249 ἀτέλεστα·

168 2289 249 2352 ἀλλά
262 2315 315 2370 μοι
329 2290 415 2354 αίνδν
429 2289 505 2372 άχος
520 2286 611 2352 σέθεν
625 2288 762 2360 ἔσσεται,
777 2285 802 2350 ὦ
818 2285 970 2360 Μενέλαε,

168 2393 202 2455 αἶ
213 2417 247 2456 κε
260 2391 354 2477 θάνῃς
370 2392 419 2455 καὶ
433 2394 550 2472 πότμον
564 2388 745 2476 ἀναπλήσῃς
755 2390 887 2469 βιότοιο.
1064 2419 1073 2452 ι
1081 2419 1111 2466 10

168 2495 218 2555 καί
231 2519 282 2558 κεν
297 2491 477 2576 ἐλέγχιστος
491 2495 677 2574 πολυδίψιον
689 2492 800 2576 Ἀργος
816 2494 944 2572 ἱκοίμην·

167 2595 271 2659 αὐτίκα
285 2596 343 2678 γὰρ
356 2596 525 2676 μνήσονται
539 2596 662 2679 Ἀχαιοὶ
676 2597 819 2678 πατρίδος
835 2599 912 2673 αίης·

167 2701 222 2762 κδδ
235 2697 269 2762 δέ
284 2725 337 2764 κεν
351 2700 491 2782 εὐχωλὴν
505 2699 632 2784 Πριάμῳ
649 2699 699 2762 καὶ
712 2699 817 2781 Τρωσὶ
833 2701 975 2779 λίποιμεν

164 2800 306 2882 Ἀργείην
320 2801 460 2881 Ἑλένην·
485 2800 541 2866 σέο
554 2800 582 2866 δ’
597 2799 693 2866 άοτέα
706 2802 797 2866 πτήσει
813 2802 925 2883 ἄρουρα

167 2903 304 2982 κειμένου
318 2906 352 2968 ἐν
364 2904 462 2991 Τροίῃ
477 2903 664 2990 ἀτελευτήτῳ
680 2907 732 2969 ἐπὶ
746 2906 835 2991 έργῳ.
1064 2928 1111 2982 17⁵

167 3010 218 3071 καί
231 3005 264 3071 κέ
279 3032 325 3074 τις
339 3005 391 3072 ὅδ’
407 3007 486 3090 ἐρέει
499 3009 612 3090 Τράων
625 3010 887 3091 ὑπερηνορεόντων

166 3112 270 3196 τύμβῳ
286 3109 483 3194 ἐπιθρῴσκων
498 3110 659 3175 Μενελάου
674 3105 859 3191 κυδαλίμοιο·

167 3211 246 3278 ἀἴθ’
261 3215 355 3279 οὕτως
374 3215 426 3278 ἐπὶ
440 3217 518 3277 πᾶσι
532 3216 630 3297 χόλον
644 3213 774 3279 τελέσει’
790 3212 996 3297 Ἀγαμέμνων,

167 3317 207 3382 ὥς
220 3317 271 3380 καὶ
286 3321 339 3381 νῦν
354 3316 444 3381 ἀλιον
459 3317 589 3398 στρατὸν
602 3317 717 3401 ἤγαγεν
735 3316 836 3382 ἐνθάδ’
849 3318 995 3403 Ἀχαιόν,

167 3420 217 3482 καὶ
231 3418 268 3497 δή
283 3418 342 3497 έβη
358 3418 477 3482 οἶκόνδε
491 3420 588 3500 φίλην
603 3421 635 3485 ἐς
650 3421 779 3501 πατρίδα
793 3425 884 3503 γαῖαν
1064 3435 1110 3484 ι8ο

167 3518 225 3583 σὺν
239 3521 374 3605 κεινῇσιν
388 3521 487 3598 νηυσί,
501 3522 602 3586 λιτὸν
616 3521 731 3603 ἀγαθὸν
746 3521 927 3588 Μενέλαον.’

167 3622 207 3686 ὦς
226 3620 300 3684 ποτέ
314 3647 360 3688 τις
373 3621 461 3705 ἐρέει·
484 3625 555 3688 τότε
568 3649 621 3702 μοι
634 3622 726 3706 χάνοι
740 3625 840 3706 εὐρεῖα
852 3622 966 3708 χθάν.”

208 3723 273 3788 Τὸν
286 3723 313 3787 δ’
328 3724 536 3805 ἐπιθαρσύνων
550 3725 691 3808 προσέφη
708 3725 817 3806 ξανθὸς
831 3727 1000 3793 Μενέλαος·
