2848 4296
590 472 639 539 23·
663 458 833 521 ικιαιιον
855 459 892 517 ν.

896 570 910 614 Ι

263 628 391 693 πλείονα
406 629 514 693 ἵσασιν
530 625 621 692 σέθεν
637 627 727 691 αὐτοῦ
741 627 939 708 μητίσασθαι.

262 731 332 794 ἀλλ’
350 729 405 813 άγε
421 730 458 810 δή
474 730 522 808 σύ,
538 730 640 810 φίλος,
655 733 745 808 μήτιν
762 728 920 809 ἐμβάλλεο
936 731 1017 814 θυμῷ

262 834 417 912 παντοίην,
434 835 485 897 ἵνα
498 830 539 912 μή
556 859 594 896 σε
610 831 901 918 παρεκπροφύγῃσιν
915 832 1021 895 άεθλα.

246 935 332 1016 ’μήτι
347 960 393 1001 τοι
409 936 553 1018 δρυτόμος
567 933 633 1018 μέγ’
651 935 782 1014 ἀμείνων
799 935 834 1014 ήέ
848 935 952 1016 βίηφι·

261 1039 331 1119 μήτι
346 1041 373 1103 δ’
391 1039 460 1104 αύτε
477 1035 660 1119 κυβερνήτης
676 1037 720 1103 ἐνὶ
736 1040 837 1102 οἵνοπι
853 1040 953 1123 πόντῳ

263 1147 320 1221 νήα
335 1142 409 1222 θοήν
425 1141 518 1207 ίθύνει
535 1140 736 1224 ἐρεχθομένην
751 1140 901 1222 ἀνέμοισι·

261 1244 333 1326 μήτι
348 1246 372 1310 δ’
388 1244 513 1328 ἡνίοχος
529 1244 735 1327 περιγίγνεται
749 1243 897 1326 ἡνιόχοιο.

263 1348 332 1411 ἁλλ’
349 1347 382 1415 δς
396 1347 452 1429 μέν
468 1346 497 1411 θ’
512 1351 636 1412 ἵπποισι
652 1346 701 1412 καὶ
717 1346 848 1430 άρμασιν
863 1350 927 1412 οῖσι
943 1348 1096 1414 πεποιθὼς

264 1452 421 1534 ἀφραδέως
437 1453 487 1517 ἐπὶ
503 1451 623 1517 παλλδν
639 1451 797 1515 ἑλίσσεται
813 1451 886 1515 ἔνθα
902 1451 951 1515 καὶ
967 1451 1048 1527 ἔνθα,

263 1558 351 1622 ἵπποι
366 1557 399 1620 δέ
415 1555 607 1620 πλανόωνται
623 1554 681 1618 άνδ
696 1556 818 1636 δρόμον,
834 1555 903 1618 σίνδέ
918 1555 1067 1636 κατίσχει·

264 1658 296 1724 δς
311 1656 344 1722 δέ
360 1685 393 1722 κε
409 1658 516 1740 κέρδεα
532 1659 594 1744 εἰδῇ
612 1657 747 1722 ἐλαύνων
764 1657 901 1736 ἥσσονας
916 1659 1036 1729 ἵππους,

264 1763 323 1826 αἵεὶ
339 1759 421 1842 τέρμ’
437 1763 533 1843 ὁρόων
548 1759 676 1842 στρέφει
690 1760 828 1843 ἐγγύθεν,
846 1759 914 1824 οὐδέ
924 1763 944 1847 Δἐ
959 1757 1048 1839 λήθει

265 1867 368 1931 ὅππως
381 1865 417 1928 τὸ
432 1870 551 1946 πρῶτον
566 1864 681 1950 τανύσῃ
695 1862 837 1943 βοέοισιν
854 1865 967 1944 ἱμᾶσιν,
1076 1921 1081 1931 .

264 1968 334 2032 ἀλλ’
351 1968 417 2050 ἔχει
432 1966 598 2050 ἀσφαλέως
613 1968 665 2031 καὶ
680 1966 733 2029 τὸν
748 1966 920 2049 προύχοντα
935 1967 1058 2031 δοκεύει.
1165 1993 1212 2043 ³²5

266 2076 348 2152 σῆμα
363 2071 396 2135 δέ
411 2094 459 2135 τοι
474 2070 548 2153 ἐρέω
565 2069 637 2150 μόλ’
654 2070 826 2152 ἀριφραδές,
843 2067 913 2134 ούδέ
927 2095 966 2134 σε
980 2069 1081 2148 λήσει.

266 2176 374 2254 ἕστηκε
389 2173 482 2254 ξύλον
497 2174 570 2238 αῖον
584 2175 662 2239 ὅσον
676 2171 702 2236 τ’
719 2172 811 2256 ὄργυι’
827 2174 902 2248 ὑπὲρ
915 2175 993 2252 αίης,

265 2276 284 2358 ή
299 2279 384 2362 δρυὸς
399 2276 418 2359 ἢ
436 2278 556 2358 πεύκης·
580 2283 615 2341 τδ
630 2279 686 2357 μὲν
701 2277 736 2340 σύ
751 2278 952 2342 καταπύθεται
968 2279 1082 2362 ὄμβρῳ,

264 2387 322 2448 λᾶε
336 2385 369 2447 δέ
384 2389 437 2446 τοῦ
453 2381 611 2464 ἑκάτερθεν
626 2380 802 2464 ἐρηρέδαται
817 2380 870 2444 δύο
885 2381 982 2446 λευκδ

266 2487 299 2549 ἐν
310 2483 477 2573 ξυνοχῇσιν
491 2488 573 2562 ὀδοῦ,
586 2490 671 2552 λεῖος
686 2482 712 2548 δ’
732 2484 918 2566 ἱππόδρομος
934 2485 1038 2564 ἀμφίς·
1060 2547 1062 2553 ,
1127 2547 1131 2554 ,

265 2587 285 2668 ἤ
299 2614 350 2654 τευ
365 2592 448 2668 σῆμα
462 2593 587 2670 βροτοῖο
604 2588 701 2653 πάλαι
717 2591 971 2666 κατατεθνηῶτος,

266 2688 285 2770 ἢ
300 2694 335 2756 τό
349 2718 385 2775 γε
400 2692 500 2758 νύσσα
514 2690 636 2756 τέτυκτο
653 2689 704 2757 ἐπὶ
719 2690 871 2774 προτέρων
887 2690 1060 2772 ἂνθρόπων,

267 2796 316 2860 καὶ
331 2801 384 2861 νῦν
398 2794 515 2878 τέρματ’
530 2796 619 2874 ἔθηκε
635 2793 787 2877 ποδάρκης
802 2799 865 2861 δῖος
880 2793 1055 2877 Ἀχιλλεύς.

266 2901 306 2983 τῷ
324 2898 362 2962 σδ
375 2899 446 2981 μάλ’
464 2900 637 2983 ἐγχρίμψας
652 2897 747 2967 ἐλάαν
763 2904 875 2982 σχεδὸν
890 2897 970 2980 άρμα
985 2898 1035 2961 καὶ
1050 2900 1169 2969 ἵππους,

267 3002 355 3069 αύτδς
372 3004 406 3067 δέ
420 3004 576 3080 κλινθῆναι
591 3002 744 3088 ἐϋπλέκτῳ
760 3000 804 3066 ἐνὶ
820 3002 918 3086 δίφρῳ
1166 3027 1212 3078 ³35

267 3103 314 3184 ἦκ’
329 3103 377 3171 ἐπ’
394 3107 537 3189 ἀριστερά
552 3111 638 3170 τοῖιν·
661 3105 736 3188 άτάρ
752 3111 805 3171 τὸν
821 3103 922 3183 δεξιὸν
937 3107 1033 3170 ἵππον

269 3207 372 3274 κένσαι
388 3207 572 3290 ὁμοκλήσας,
588 3206 668 3288 εἶξαί
681 3207 715 3273 τέ
730 3211 760 3272 οἵ
774 3207 845 3288 ἡνία
859 3208 975 3291 χερσίν.

268 3314 301 3377 ἐν
316 3313 413 3400 νύσσῃ
428 3312 462 3377 δέ
478 3339 524 3377 τοι
539 3315 632 3378 ἵππος
648 3311 805 3395 άριστερδς
820 3309 1045 3395 ἐγχριμφθήτω,

268 3416 307 3482 ὡς
322 3416 361 3481 άν
376 3442 423 3481 τοι
438 3414 559 3497 πλήμνη
575 3442 612 3498 γε
628 3415 793 3480 δοάσσεται
809 3415 900 3498 άκρον
916 3412 1032 3478 ἱκέσθαι

268 3519 378 3583 κύκλου
392 3525 540 3598 ποιητοῖο·
564 3521 653 3583 λίθου
669 3514 695 3582 δ’
711 3510 862 3583 θλέασθαι
877 3519 1026 3598 ἐπαυρεῖν,
1166 3545 1213 3592 340

266 3621 308 3702 μή
324 3649 387 3690 πως
404 3625 514 3690 ἵππους
529 3648 563 3687 τε
578 3622 696 3708 τρύσῃς
712 3620 787 3684 κατά
802 3620 828 3684 θ’
846 3619 963 3701 άρματα
977 3616 1059 3706 άξῃς·

266 3726 369 3809 χάρμα
384 3729 416 3791 δέ
431 3731 497 3793 τοῖς
512 3726 668 3800 άλλοισιν,
684 3723 826 3807 ἐλεγχείη
842 3725 874 3786 δέ
891 3722 942 3786 σοὶ
957 3723 1034 3807 αύτῷ

268 3830 402 3896 ἔσσεται·
427 3827 520 3906 ἀλλά,
536 3830 638 3910 φίλος,
655 3825 793 3910 φρονέων
808 3826 1041 3909 πεφυλαγμένος
1057 3826 1144 3890 εῖναι.
