2908 4232
581 353 632 413 24.
658 338 828 399 ικικΔοΣ
851 339 891 399 ο.
1146 355 1210 421 499

257 506 344 590 ὄλβῳ
360 530 392 570 τε
408 505 529 592 πλοότιρ
545 533 587 584 τε,
599 508 717 573 ἄνασσε
733 510 766 572 δὲ
781 506 1020 587 Μυρμιδόνεσσι,

257 609 308 673 καί
322 612 352 672 οί
367 611 465 696 θνητῷ
482 612 563 674 ἐόντι
579 611 653 676 θεὰν
667 611 799 690 ποίησαν
810 611 935 674 ἀκοιτιυ.

186 749 190 758 «
257 709 328 776 ἀλλ’
344 714 394 777 ἐπὶ
410 715 459 777 καὶ
475 715 515 798 τῷ
532 719 605 793 θήκε
620 715 689 780 θεὸς
708 715 807 789 κακόν,
824 715 890 776 όττι
904 715 934 776 οἱ
950 713 984 776 οὕ
999 739 1028 776 τι

257 817 371 882 παίδων
387 819 420 882 ἐν
435 816 597 900 μεγάροισι
611 819 686 900 γονὴ
701 817 808 900 γένετο
824 817 995 899 κρειόντων,

258 919 327 982 ἀλλ’
345 919 398 984 ἕνα
413 925 507 984 παῖδα
523 920 608 985 τέκεν
622 922 803 1002 παναώριον·
826 919 895 984 οάδέ
911 945 945 983 νν
963 920 1016 984 τόν
1033 946 1069 1002 γε
1160 947 1208 997 540

256 1021 448 1104 γηράσκοντα
465 1024 584 1102 κομίζω,
601 1022 668 1088 ἐπεὶ
682 1023 765 1103 μάλα
780 1025 888 1103 τηλόθι
903 1022 1017 1105 πάτρης

257 1126 330 1206 ήμαι
346 1128 390 1192 ἐνὶ
408 1128 512 1213 Τροίῃ,
530 1126 568 1191 σέ
583 1117 730 1206 τεκήδων
745 1127 798 1206 ήδὲ
813 1127 854 1190 σὰ
870 1125 968 1192 τέκνα.

258 1229 308 1292 καὶ
322 1228 367 1309 σε’,
384 1229 482 1313 γέρον,
499 1231 534 1295 τὸ
550 1231 619 1314 πρὶν
632 1234 690 1312 μὲν
705 1231 852 1309 ἀκούομεν
868 1232 978 1310 ὄλβιον
995 1230 1081 1295 εἶναι·

259 1332 356 1396 όσσον
370 1332 494 1414 Λέσβος
510 1334 580 1412 ἀνω,
597 1333 743 1414 Μάκαρος
758 1334 835 1410 έδος,
851 1335 935 1401 ἐντδς
950 1332 1047 1416 ἐέργει

259 1436 308 1499 καὶ
323 1437 437 1519 Φρυγίη
455 1437 621 1517 καθόπερθε
637 1438 686 1501 καὶ
699 1435 932 1515 Ἑλλήσποντος
947 1438 1089 1518 ἀπείρων,
1158 1463 1205 1514 545

259 1544 318 1602 τῶν
334 1565 378 1614 σε,
394 1537 491 1622 γέρον,
507 1541 628 1624 πλούτῳ
644 1565 677 1604 τε
693 1541 742 1604 καὶ
757 1538 842 1604 υἱάσι
857 1540 938 1619 φασὶ
954 1538 1109 1604 κεκάσθαι.

259 1641 350 1724 αὐτὰρ
365 1644 434 1707 ἐπεί
446 1669 493 1707 τοι
509 1647 593 1723 πῆμα
608 1642 669 1706 τόδ’
685 1642 801 1726 ἤγαγον
816 1643 1014 1724 Οὐρανίωνες,

259 1749 321 1812 αἰεί
332 1772 380 1810 τοι
396 1749 463 1830 περὶ
478 1748 555 1811 ἀστυ
569 1747 666 1830 μάχαι
682 1747 706 1810 τ’
724 1749 937 1829 ἀνδροκτασίαι
953 1773 996 1811 τε.

259 1850 384 1936 ἀνσχεο,
399 1850 466 1931 μηδ’
483 1851 632 1914 ἀλίαστον
648 1851 751 1931 ὀδύρεο
770 1850 827 1915 σδν
843 1853 918 1913 κατά
934 1852 1037 1929 θυμόν·

260 1953 295 2017 οὗ
309 1953 367 2036 γάρ
385 1979 415 2017 τι
429 1952 553 2036 πρήξεις
568 1952 757 2035 ἀκαχήμενος
772 1955 836 2019 νίας
852 1957 929 2032 έῆος,
1159 1981 1172 2030 5
1176 1981 1208 2031 5ο

260 2056 328 2122 οὐδέ
339 2083 391 2138 μιν
407 2055 578 2135 ἀνστήσεις,
594 2059 665 2139 πρὶν
682 2058 730 2120 καὶ
750 2056 841 2120 κακὸν
857 2056 937 2120 ἀλλο
952 2053 1123 2143 πάθησθα.”

301 2160 364 2223 Τδν
379 2158 403 2223 δ’
420 2159 555 2240 ἠμείβετ’
570 2160 676 2224 ἔπειτα
691 2157 788 2240 γέρων
803 2161 941 2240 Πρίαμος
956 2157 1099 2238 θεοειδής·

261 2262 328 2344 “μή
343 2263 434 2344 πόμ’
452 2265 482 2330 ἐς
498 2264 607 2345 θρόνον
622 2264 674 2340 ἵζε,
690 2261 858 2346 διοτρεφές,
875 2266 956 2345 ὄφρα
972 2289 1023 2327 κεν
1035 2261 1153 2344 Ἕκτωρ

261 2373 346 2447 κῆται
363 2368 407 2431 ἐνὶ
424 2369 582 2453 κλισίῃσιν
597 2365 716 2446 ἀκηδής,
733 2369 815 2430 ἀλλά
830 2366 962 2450 τάχιστα

260 2476 364 2546 λῦσον,
380 2469 418 2534 ἵν’
435 2471 644 2551 ὀφθαλμοῖσιν
658 2472 720 2534 ἴδω·
746 2471 785 2534 σὺ
800 2471 833 2534 δὲ
849 2468 933 2548 δέξαι
948 2470 1060 2536 άποινα
1158 2497 1205 2546 555

261 2572 371 2651 πολλά,
388 2572 425 2636 τά
440 2598 486 2637 τοι
502 2573 642 2655 φέρομεν·
667 2573 705 2638 σὺ
720 2576 754 2638 δὲ
770 2574 854 2638 τῶνδ’
872 2575 1009 2648 ἀπόναιο,
1027 2576 1077 2639 καὶ
1093 2575 1196 2641 ἔλθοις

261 2676 320 2756 σὴν
336 2680 367 2744 ἐς
381 2679 509 2756 πατρίδα
523 2681 622 2759 γαῖαν,
639 2678 708 2741 ἐπεί
720 2705 758 2756 με
774 2683 893 2757 πρῶτον
909 2676 1003 2744 ἐασας

262 2777 368 2867 [αὐτόν
383 2806 415 2844 τε
432 2780 517 2858 ζόειν
534 2781 583 2844 καὶ
599 2782 672 2862 ὁρᾶν
688 2781 767 2861 φάος
783 2777 948 2868 ἠελίοιο].”

302 2884 365 2948 Τδν
377 2882 403 2947 δ’
416 2881 463 2966 ἀρ’
475 2885 590 2964 ὑπόδρα
602 2885 673 2948 ἰδὼν
685 2885 826 2967 προσέφη
840 2887 935 2952 πόδας
946 2883 1021 2950 ὠκὺς
1031 2883 1206 2966 Ἀχιλλεύς·

262 2991 279 3020 “
288 2986 393 3066 μηκέτι
409 2993 462 3050 νῦν
475 2986 505 3066 μ’
523 2986 644 3069 ἐρέθιζε,
661 2987 760 3070 γέρον·
784 2989 859 3056 νοέω
874 2992 907 3054 δὲ
924 2990 972 3052 καὶ
988 2989 1077 3054 αὐτὸς
1158 3000 1208 3064 560

258 3085 388 3171 ΙἘκτορά
403 3116 449 3155 τοι
465 3095 566 3166 λῦσαι,
584 3092 697 3156 Διόθεν
712 3092 746 3156 δέ
760 3119 811 3173 μοι
830 3093 960 3176 ἄγγελος
976 3092 1052 3172 ἦλθε

260 3191 364 3275 μήτηρ,
379 3194 399 3273 ή
413 3192 444 3273 μ’
459 3194 569 3266 ἔτεκεν,
587 3193 717 3278 θυγάτηρ
734 3199 834 3261 ἁλίοιο
848 3195 999 3278 γέροντος.

262 3297 310 3360 καὶ
325 3296 359 3360 δέ
374 3323 411 3362 σε
425 3298 596 3378 γιγνώσκω,
616 3300 744 3379 Πρίαμε,
762 3305 881 3381 φρεσίν,
900 3297 969 3362 οθδέ
983 3324 1023 3379 με
1039 3295 1154 3377 λήθεις,

262 3402 326 3463 ὅττι
341 3405 419 3466 θεῶν
433 3403 479 3467 τίς
494 3399 524 3464 σ’
540 3399 594 3483 ἦγε
610 3405 683 3468 θοὰς
699 3405 750 3468 ἐπὶ
766 3407 839 3481 νῆας
853 3401 997 3484 Ἀχαιῶν.

262 3503 297 3567 οὗ
311 3503 369 3586 γάρ
384 3530 417 3568 κε
433 3508 520 3584 τλαίη
536 3506 647 3588 βροτὸς
663 3508 799 3587 ἐλθέμεν,
816 3503 883 3568 οὐδὲ
896 3503 968 3583 μάλ’
984 3503 1082 3585 ἡβῶν,
1158 3517 1207 3581 565

263 3611 293 3675 ἐς
308 3611 448 3692 στρατόν·
471 3611 539 3676 οὐδὲ
553 3614 611 3694 γδρ
627 3610 665 3676 δν
680 3608 834 3692 φυλάκους
849 3606 947 3686 λάθοι,
963 3608 1032 3674 οὗδέ
1047 3607 1072 3673 κ’
1089 3610 1170 3691 θχῆα

260 3717 328 3798 ῥεῖα
340 3715 559 3797 μετοχλίσσειε
573 3715 690 3797 θυράων
705 3710 886 3796 ἡμετεράων.
1080 3705 1085 3719 ’
