2758 4228
262 321 324 405 94⁶
659 327 805 388 υμνοι.

264 489 393 576 εὔχονθ’,
409 493 449 559 ὡς
467 493 597 572 ἐκέλευε,
614 496 831 579 παριστάμενοι
847 495 916 576 περὶ
931 494 1047 575 βωμόν.
1163 521 1215 570 5ιο

266 597 377 676 δόρπον
393 594 487 661 ἔπειθ’
503 600 622 663 εἵλοντο
642 602 697 684 θοῇ
711 597 791 681 παρὰ
808 599 856 676 νηί
869 599 1006 685 μελαίνῃ,

266 700 314 763 καὶ
331 707 463 765 σπεῖσαν
476 701 647 784 μακάρεσσι
663 708 751 780 θεοῖς,
767 703 796 766 ολ
808 700 968 783 Ὀλυμπον
984 703 1120 785 ἔχουσιν.

267 802 359 885 αὐτὰρ
374 803 440 868 ἐπεὶ
455 809 565 873 πόσιος
581 804 629 870 καί
646 807 766 885 ἐδητύος
783 805 818 886 ἐξ
830 807 900 888 ἐρον
915 807 993 881 έντο,
1138 813 1214 880 [555]

266 906 329 987 βάν
342 908 373 991 ῤ’
389 911 466 985 ἴμεν
488 910 562 994 ήρχε
576 910 604 974 δ’
619 911 676 991 ἀρα
691 918 769 991 σφιν
784 908 862 989 ἄναξ
874 910 950 977 ’Διὸς
964 913 1027 976 νὶδς
1038 910 1214 985 Ἀπόλλων,

268 1011 412 1095 φόρμιγγ’
429 1017 461 1077 ἐν
475 1015 633 1097 χείρεσσιν
648 1015 735 1096 έχων,
752 1013 858 1094 ἐρατδν
873 1016 1040 1095 κιθαρίζων,
1165 1039 1213 1088 515

269 1117 347 1178 καλὰ
363 1113 411 1179 καὶ
426 1119 483 1199 ύφι
498 1119 603 1198 βιβάς·
627 1119 656 1180 οί
673 1124 705 1183 δὲ
722 1116 892 1200 ῥήσσοντες
908 1117 1015 1182 έποντο

269 1221 384 1298 Κρῆτες
398 1227 472 1301 πρὸς
489 1222 580 1285 Πυθδ
596 1223 646 1285 καὶ
663 1220 812 1300 ἰηπαιήον’
827 1220 938 1297 άειδον,

268 1323 375 1386 οἷοίτε
391 1329 515 1405 Κρητῶν
530 1324 680 1405 παιήονες,
697 1326 763 1389 οίσί
776 1351 810 1389 τε
826 1329 939 1387 Μοῦσα
1137 1331 1216 1401 [54ο]

268 1426 301 1488 ἐν
317 1424 485 1504 στήθεσσιν
501 1428 588 1507 ἐθηκε
603 1432 658 1493 θεδ
673 1429 838 1510 μελίγηρυν
854 1427 966 1506 ἀοιδήν.

269 1527 394 1606 ἄκμητοι
411 1533 443 1592 δέ
458 1532 558 1611 λόφον
573 1532 731 1612 προσέβαν
746 1533 848 1608 ποσίν,
864 1532 944 1614 αἶψα
959 1531 984 1594 δ’
1000 1532 1098 1594 ἵκοντο
1165 1556 1216 1606 5²0

269 1637 432 1712 Παρνησὸν
448 1637 496 1697 καὶ
511 1641 610 1718 χῶρον
625 1634 783 1716 ἐπήρατον,
798 1634 859 1699 ἐνθ’
874 1633 921 1716 ἀρ’
936 1635 1066 1714 ἐμελλεν

269 1733 405 1814 οίκήσειν
420 1743 566 1802 πολλοῖσι
583 1738 732 1818 τετιμένος
747 1739 944 1819 ἀνθρώποισι·

268 1837 347 1918 δεῖξε
363 1841 388 1904 δ’
404 1840 486 1923 άγων
501 1842 610 1908 ἄδυτον
626 1843 732 1920 ζάθεον
747 1844 796 1906 καὶ
810 1839 903 1906 πίονα
917 1843 998 1920 νηόν.
1141 1849 1217 1916 [545]

270 1949 329 2007 τῶν
343 1943 368 2005 δ’
384 1944 506 2025 ὠρίνετο
523 1947 614 2025 θυμδς
632 1944 842 2025 ἐνὶνστήθεσσι
857 1947 989 2025 φίλοισι·

271 2047 321 2110 τὸν
337 2046 384 2112 καί
401 2050 592 2132 ἀνειρόμενος
607 2056 731 2131 Κρητῶν
747 2049 819 2133 ἀγὸς
835 2051 937 2114 ἀντίον
951 2048 1035 2127 ηὔδα·
1153 2057 1202 2115 ⁵2⁵

314 2149 337 2214 ὦ
356 2152 411 2229 ἀν’,
426 2151 493 2218 ἐπεὶ
508 2155 544 2232 δή
559 2157 633 2231 τῆλε
650 2155 751 2234 φίλων
766 2150 814 2217 καὶ
829 2154 971 2235 πατρίδος
986 2153 1052 2230 αίης

270 2253 391 2338 ήγαγες·
414 2259 491 2320 οὕτω
506 2283 565 2322 που
580 2260 620 2342 τῷ
638 2259 684 2342 σῷ
699 2258 793 2338 φίλον
809 2256 920 2320 ἔπλετο
936 2259 1027 2339 θυμῷ·

270 2367 334 2426 πῶς
350 2358 398 2423 καὶ
413 2367 465 2424 νῦν
479 2361 654 2439 βιόμεσθα5
678 2363 713 2425 τό
728 2387 765 2425 σε
780 2359 949 2442 φράζεσθαι
964 2360 1111 2441 ἄνωγμεν.
1141 2366 1219 2434 [350]

270 2467 338 2527 οὔτε
352 2466 541 2548 τρυγηφόρος
554 2465 608 2543 ἥδε
623 2464 651 2548 γ’
668 2463 815 2545 ἐπήρατος
831 2463 890 2526 οὔτ’
907 2462 1061 2542 εάλείμων,

270 2569 310 2634 ὥς
325 2566 350 2630 τ’
366 2569 427 2631 άπό
442 2567 467 2631 τ’
485 2568 516 2632 εδ
532 2569 616 2646 ζάειν
631 2565 679 2632 καὶ
695 2567 744 2646 ἅμ’
760 2567 964 2648 ἀνθρώποισιν
982 2568 1114 2644 ὀπηδεῖν.
1168 2592 1218 2642 530

313 2672 393 2738 Τοδς
407 2672 433 2735 δ’
450 2671 646 2752 ἐπιμειδήσας
662 2669 803 2753 προσέφη
821 2673 894 2737 Διὸς
910 2670 974 2736 υἱὸς
990 2669 1161 2734 Ἀπόλλων·

270 2773 370 2853 νήπιοι
388 2775 548 2856 ἀνθρωποι,
567 2774 780 2854 δυστλήμονες,
796 2773 824 2837 οδ
838 2778 1010 2852 μελεδῶνας

270 2876 418 2958 βούλεσθ’
433 2879 598 2960 ἀργαλέους
615 2904 647 2943 τε
662 2879 771 2944 πόνους
787 2874 835 2941 καὶ
851 2879 972 2941 στείνεα
987 2876 1076 2960 θυμῷ·
1141 2885 1219 2953 [555]
1242 2859 1248 2870 ’

267 2979 384 3064 ῥηίδιον
399 2981 472 3048 ἐπος
485 2981 555 3061 ὔμμ’
570 2980 642 3062 ἐρέω
660 2980 709 3045 καὶ
724 2982 773 3044 ἐπὶ
789 2981 880 3061 φρεσὶ
896 2979 991 3059 θήσω.

270 3085 403 3171 δεξιτερῇ
418 3083 490 3165 μάλ’
505 3085 632 3151 ἕκαστος
648 3086 728 3168 ἔχων
743 3086 775 3148 ἐν
789 3083 868 3166 χειρὶ
883 3082 1035 3164 μάχαιραν
1167 3109 1217 3158 555

270 3188 399 3268 σφάζειν
413 3190 472 3254 αίεὶ
487 3191 578 3269 μῆλα·
601 3189 639 3253 τά
653 3187 679 3253 δ’
694 3187 816 3268 ἄφθονα
830 3187 929 3251 πάντα
943 3186 1099 3264 παρέσται,

269 3293 352 3355 ὅσσα
367 3294 436 3370 ἐμοί
448 3292 474 3356 κ’
490 3293 627 3376 ἀγάγωσι
643 3290 806 3372 περικλυτὰ
824 3290 897 3371 φῦλ’
912 3290 1086 3370 ἀνθρώπων·

270 3401 342 3473 νηὸν
357 3397 390 3458 δέ
404 3396 613 3480 προφύλαχθε,
630 3395 755 3478 δέδεχθε
771 3398 803 3459 δὲ
818 3395 891 3476 φῦλ’
907 3394 1082 3475 άνθράπων,
1140 3402 1219 3468 [56ο]

302 3581 330 3631 5¹
336 3581 350 3630 5
373 3563 463 3630 δρατδν
484 3567 529 3623 Μς
552 3564 614 3615 ατδν
634 3574 691 3632 post
707 3566 754 3616 lac.
777 3581 810 3624 κς
843 3565 938 3628 χρντῆν
959 3579 993 3629 p3
1015 3562 1100 3627 χαρίεν
1127 3563 1218 3614 Athen.

271 3660 301 3695 ον
314 3646 345 3696 C.
406 3642 453 3708 516
471 3643 618 3706 φρίττοντες
628 3652 727 3710 praeter
735 3645 784 3693 ΜΡ
795 3644 869 3695 codd.
928 3657 976 3706 523
992 3640 1081 3693 άδοτον
1093 3639 1177 3704 ζάθεον
1187 3658 1219 3705 y;

267 3724 343 3773 αὐτοῦ
355 3721 457 3772 δάπεδον
469 3723 543 3788 Mxp.
