2848 4296
573 859 789 930 ΙΛΙΑΔΟΣ
819 861 861 934 Υ.

616 1099 821 1109 ———·-———-

626 1257 810 1352 Θεομαχία.

237 1433 300 1500 Ὣς
317 1435 417 1514 οἱμὲν
432 1436 514 1516 παρά
530 1435 618 1514 νηυσὶ
634 1436 776 1515 κορωνίσι
792 1431 988 1515 θωρήσσοντο

244 1540 321 1620 ἀμφὶ
342 1537 388 1616 σε’,
404 1537 527 1616 Πηλέος
543 1536 598 1615 υἱέ,
613 1536 713 1621 μάχης
730 1539 876 1618 ἀκόρητον
891 1537 1023 1620 Ἀχαιοί,

243 1646 344 1723 Τρῶες
359 1641 385 1705 δ’
401 1641 465 1705 αὖθ’
482 1641 628 1724 ἑτέρωθεν
643 1643 694 1706 έπὶ
710 1643 838 1725 θρωσμῷ
855 1642 981 1705 πεδίοιο·

244 1745 319 1810 Ζεὺς
336 1748 368 1809 δὲ
384 1744 524 1825 Θέμιστα
541 1744 667 1808 κέλευσε
683 1744 770 1811 θεοὺς
785 1743 930 1828 ἀγορήνδε
947 1743 1098 1807 καλέσσαι

245 1849 350 1930 κρατὸς
365 1847 415 1912 ἀπ’
432 1849 609 1928 Οὐλύμποιο
624 1848 828 1931 πολυπτύχου·
852 1847 871 1926 ἡ
888 1848 912 1911 δ’
929 1847 987 1929 ἀρα
1002 1846 1099 1934 πάντῃ
1178 1874 1191 1922 5

245 1950 423 2034 φοιτήσασα
439 1951 566 2016 κέλευσε
583 1957 657 2018 Διὸς
673 1953 746 2034 πρὸς
761 1958 845 2031 δῶμα
865 1952 997 2017 νέεσθαι.

245 2057 313 2120 αύτε
328 2082 373 2123 τις
393 2056 446 2122 οὖν
460 2061 602 2138 ποταμῶν
618 2055 723 2136 ἀπέην,
739 2055 830 2138 νόσφ’
851 2053 1020 2135 Ὠκεανοῖο,

245 2159 305 2221 οὔτ’
321 2159 379 2241 ἀρα
394 2159 549 2241 νυμφάων,
565 2161 599 2223 αί
613 2159 637 2221 τ’
654 2160 754 2224 ἄλσεα
771 2161 850 2222 καλά
865 2157 1005 2240 νέμονται

246 2264 295 2326 καὶ
310 2264 409 2346 πηγὰς
424 2269 567 2343 ποταμῶν
582 2264 631 2327 καὶ
648 2266 741 2328 πίσεα
757 2261 911 2340 ποιήεντα.

246 2367 386 2433 ἐλθόντες
402 2367 426 2431 δ’
443 2369 474 2433 ἐς
490 2372 574 2446 δῶμα
590 2373 665 2434 Διὸς
681 2365 923 2448 νεφεληγερέταο
1165 2391 1195 2426 ιο

247 2469 355 2556 ξεστῇς
370 2471 551 2556 αἰθούσῃσιν
566 2471 710 2549 ἐνίζανον,
726 2471 763 2535 δς
779 2468 831 2533 Διὶ
846 2471 935 2551 πατρὶ

242 2571 419 2654 Ἥφαιστος
433 2576 563 2653 ποίησεν
580 2576 692 2660 ἰδυίῃσι
709 2575 922 2654 πραπίδεσσιν.

282 2677 345 2744 Ὣς
361 2680 390 2740 οἱ
404 2679 460 2756 μέν
477 2677 551 2743 Διὸς
568 2678 654 2743 ἔνδον
670 2675 838 2759 ἀγηγέρατ’·
863 2673 925 2739 οὐδ’
941 2676 1110 2756 ἐνοσίχθων

246 2782 433 2862 νηκούστησε
449 2786 528 2858 θεᾶς,
543 2780 615 2844 ἀλλ’
632 2779 667 2859 ἐξ
680 2780 754 2845 ἁλὸς
769 2779 845 2859 ἦλθε
859 2776 923 2858 μετ’
940 2778 1055 2852 αὐτούς,

246 2887 290 2964 ἷζε
305 2885 330 2949 δ’
347 2884 393 2967 ἀρ’
409 2887 442 2948 ἐν
456 2885 610 2966 μέσσοισι,
629 2888 703 2949 Διὸς
718 2881 744 2946 δ’
760 2882 890 2964 ἐξείρετο
905 2881 1032 2962 βουλήν·
1165 2907 1194 2957 1⁵

247 3001 266 3026 “
276 2988 353 3054 τίπτ’
370 2988 441 3065 αὖτ’,
467 2989 668 3072 ἀργικέραυνε,
686 2985 772 3052 θεοὺς
787 2984 935 3068 ἀγορήνδε
950 2984 1126 3056 κάλεσσας,·

247 3094 266 3174 ή
280 3119 309 3157 τι
324 3094 392 3174 περὶ
407 3093 520 3174 Τρόων
535 3095 583 3156 καὶ
597 3091 734 3175 Ἀχαιῶν
747 3091 955 3171 μερμηρίζεις;

246 3200 379 3279 τῶνγὰρ
394 3202 446 3262 νῦν
462 3196 594 3280 ἄγχιστα
608 3194 691 3278 μάχη
707 3195 841 3274 πόλεμός
856 3219 889 3258 τε
905 3189 1023 3270 δέδηε.”

288 3301 352 3367 Τὸν
366 3297 392 3364 δ’
408 3300 651 3380 ἀπαμειβόμενος
666 3297 808 3380 προσέφη
825 3295 1050 3379 νεφεληγερέτα
1066 3296 1151 3362 Ζεύς·

248 3414 265 3441 “
276 3406 378 3488 ἔγνως,
394 3404 573 3485 ἐννοσίγαιε,
589 3401 664 3482 ἐμήν
680 3404 714 3465 ἐν
729 3401 857 3480 στήθεσι
873 3397 999 3480 βουλήν,
1165 3426 1197 3460 20

247 3515 289 3576 ῶν
304 3510 392 3573 ἕνεκα
407 3504 575 3588 ξυνάγειρα·
597 3504 731 3585 μέλουσί
742 3531 794 3585 μοι
810 3503 975 3583 ὀλλύμενοί
989 3529 1054 3585 περ.

248 3610 319 3678 ἀλλ’
335 3611 354 3691 ή
368 3637 414 3674 τοι
429 3612 485 3690 μὲν
501 3610 560 3692 ἐγὼ
574 3608 671 3689 μενέω
688 3609 779 3692 πτυχὶ
794 3607 972 3688 Οὐλύμποιο

248 3718 365 3796 ἥμενος,
382 3713 442 3780 ἔνθ’
459 3714 554 3794 ὁρόων
569 3712 666 3794 φρένα
685 3711 844 3794 τέρψομαι·
869 3712 898 3775 οί
914 3713 947 3776 δέ
963 3709 999 3790 δή
1016 3709 1108 3773 ἄλλοι
