2746 4228
510 379 542 426 α.
567 364 738 424 ΙΛΙΑΔΟΣ
760 365 798 425 Α.
1083 358 1121 423 Ῑ5

175 529 233 612 τὴν
245 534 301 612 μέν
315 531 407 598 ἔπειτ’
424 532 475 596 ἐπὶ
489 531 595 612 βωμδν
609 533 692 616 άγων
706 531 879 612 πολύμητις’
895 531 1053 597 Οδυσσεύς
1072 560 1120 602 ιιι)

177 637 267 726 πατρὶ
282 636 365 721 φίλῳ
381 635 414 700 ἐν
428 637 518 719 χερσὶ
532 637 619 709 τίθει,
635 636 686 700 καί
698 661 750 715 μιν
764 633 955 718 προσέειπεν·

178 737 233 802 “ἀ“ι
248 739 362 821 Χρύση,
379 739 438 819 πρό
450 738 480 818 μ’
497 739 634 821 ἔπεμψεν
649 737 727 817 άναξ
740 740 855 820 ἀνδρῶν
867 735 1064 819 Ἀγαμέμνων

177 840 270 904 παῖδά
283 866 317 906 τε
332 843 383 904 σοὶ
399 839 519 923 ἀγέμεν,
534 842 642 926 Φοίβῳ
657 840 684 904 θ’
701 839 785 921 ῖερῖην
798 839 971 918 ἑκατόμβην

174 940 259 1023 ῥέξαι
272 945 346 1025 ὐπέρ
362 949 498 1017 Δαναιῖν,
515 942 583 1025 ὄφρ’
600 943 791 1023 ἱλασόμεσθα
805 942 926 1014 ἄνακτα,

177 1044 210 1110 ὃς
225 1051 277 1110 νῖν
290 1045 457 1127 Ἀργείοισι
472 1046 646 1111 πολύστονα
661 1045 739 1124 κήδε’
759 1042 899 1126 ἐφῆκεν.”
1072 1073 1117 1120 445

213 1147 277 1213 *Ως
292 1147 384 1212 είπιδν
399 1149 432 1212 ἐν
445 1149 535 1231 χερσὶ
549 1148 636 1221 τίθει,
652 1150 669 1212 ό
683 1147 709 1212 δ’
726 1145 848 1226 ἐδέξατο
862 1146 977 1228 χαίρων

177 1254 269 1313 παῖδα
283 1249 389 1331 φίλην·
418 1251 464 1313 τοὶ
480 1249 505 1313 δ’
521 1247 583 1313 ἀικα
598 1252 656 1334 θεῷ
672 1251 794 1330 κλειτὴν
808 1249 980 1329 ἑκατόμβην

178 1351 275 1431 ἑξείης
289 1352 424 1430 ἔστησαν
439 1349 584 1431 ἐύδμητον
597 1353 665 1434 περὶ
680 1353 796 1432 βωμόν,

176 1455 361 1538 χερνίψαντο
376 1453 400 1518 δ’
417 1454 521 1519 ἔπειτα
536 1455 584 1518 καὶ
600 1455 765 1539 οὐλοχύτας
780 1454 934 1521 ἀνέλοντο.

177 1563 275 1623 τοῖσιν
289 1558 322 1621 δέ
336 1556 458 1638 Χρύσης
471 1556 578 1639 μεγάλ’
595 1558 700 1641 εύχετο
717 1563 821 1642 χεῖρας
836 1558 988 1640 ἀνασχών·
1069 1585 1117 1633 450

178 1671 197 1696 '⁴
209 1660 297 1723 κλῦθί
309 1684 374 1738 μευ,
391 1658 575 1741 ἀργυρότοξ’,
591 1658 624 1726 δς
638 1661 763 1742 Χρύσην
777 1659 994 1742 ἀμφιβέβηκας

179 1764 296 1827 Κίλλαν
310 1786 343 1826 τε
359 1759 466 1838 ζαθέην
479 1760 622 1826 Τενέδοιό
635 1787 669 1827 τε
682 1764 733 1845 ίφι
748 1762 902 1829 ἀνάσσεις·

176 1866 250 1943 ἠμὲν
265 1862 301 1944 δή
315 1862 381 1927 ποτ’
397 1865 468 1942 ἐμεῦ
482 1863 577 1945 πάρος
592 1866 696 1933 ἔκλυες
711 1865 894 1947 εὐξαμένοιο,

177 1969 305 2046 τίμησας
318 1968 374 2044 μὲν
389 1963 451 2044 ἐμέ,
465 1963 544 2047 μέγα
559 1965 583 2030 δ’
599 1970 677 2049 ίψαο
690 1970 768 2035 λαὸν
780 1969 924 2053 Ἀχαιῶν·

177 2068 221 2146 ἠδ’
237 2069 282 2132 ἔτι
297 2068 346 2131 καὶ
361 2071 414 2132 νῦν
426 2092 478 2146 μοι
492 2067 553 2131 τόδ’
570 2069 749 2153 ἐπικρήηνον
763 2071 885 2152 ἐέλδωρ·
1069 2097 1116 2146 455

177 2170 231 2250 ἤδη
247 2175 300 2236 νῦν
315 2173 484 2234 Δαναοῖσιν
498 2170 599 2235 ἀεικέα
612 2173 720 2255 λαιγδν
734 2172 873 2252 ἀμννον.”

213 2273 276 2339 Ὣς
291 2271 383 2353 ἔφατ’·
394 2271 563 2355 εὐχόμενος,
579 2281 632 2338 τοῦ
646 2276 671 2339 δ’
687 2277 776 2342 έκλνε
790 2280 907 2354 Φοῖβος
920 2274 1092 2338 Ἀπόλλων.

178 2375 268 2457 αὐτὰρ
283 2375 351 2438 ἐπεί
362 2373 393 2456 ῥ’
409 2372 532 2452 εὔξαντο
547 2379 596 2441 καὶ
612 2377 777 2462 οὐλοχύτας
791 2376 994 2461 προβάλοντο,

177 2477 325 2559 αὐέρυσαν
338 2479 394 2556 μὲν
407 2482 510 2557 πρῶτα
525 2480 574 2542 καὶ
589 2479 729 2561 ἔσφαξαν
743 2482 793 2548 καὶ
808 2481 933 2561 ἔδειραν,

176 2580 286 2661 μηρούς
300 2578 325 2641 τ’
342 2576 485 2658 ἐξέταμον
500 2579 575 2644 κατά
588 2607 622 2646 τε
637 2584 725 2668 κνίσῃ
741 2581 899 2664 ἐκάλυψαν
1069 2594 1130 2654 4⁶0.

178 2683 307 2765 δίπτυχα
321 2679 511 2762 ποιήσαντες,
527 2683 573 2748 ἐπ’
590 2685 687 2750 αὐτῶν
701 2686 726 2749 δ’
743 2684 947 2764 ὠμοθέτησαν·

178 2789 244 2850 καῖε
258 2785 283 2848 δ’
300 2785 350 2848 ἐπὶ
365 2785 471 2871 σχίζῃς
487 2787 503 2848 ὁ
517 2785 623 2868 γέρων,
640 2787 689 2851 ἐπὶ
704 2786 729 2851 δ’
746 2790 857 2852 αίθοπα
872 2786 954 2851 οῖνον

175 2893 276 2968 λεῖβε·
300 2886 361 2952 νέοι
377 2890 409 2951 δὲ
423 2887 491 2969 παρ’
507 2888 597 2954 αὐτὸν
612 2889 685 2972 ἔχον
698 2889 890 2969 πεμπώβολα
902 2887 1020 2971 χερσίν.

177 2991 269 3070 αὐτὰρ
285 2991 351 3054 ἐπεὶ
366 2991 441 3052 κατδ
453 2989 520 3071 μῆρ’
538 2988 608 3069 ἐκάη
625 2992 674 3054 καὶ
690 2990 842 3074 σπλάγχν’
859 2988 1020 3061 ἐπάσαντο,

175 3092 346 3172 μίστυλλόν
359 3091 385 3154 τ’
401 3091 458 3173 άρα
471 3093 572 3156 τᾶλλα
587 3093 636 3158 καὶ
651 3093 724 3175 ἀμφ’
741 3094 903 3173 ὀβελοῖσιν
917 3091 1047 3172 ἔπειραν,
1071 3103 1118 3166 4⁶5

177 3193 322 3273 ὤπτησάν
335 3219 369 3258 τε
383 3193 597 3276 περιφραδέως,
613 3194 759 3277 ἐρύσαντό
772 3219 806 3259 τε
820 3193 927 3260 πάντα.

177 3299 270 3378 αὐτὰρ
286 3298 352 3360 ἐπεὶ
365 3296 521 3362 παύσαντο
535 3297 628 3362 πόνου
643 3296 801 3363 τετύκοντό
815 3322 848 3360 τε
862 3301 959 3370 δαῖτα,

177 3399 315 3472 δαίνυντ’,
332 3397 400 3462 οὐδέ
414 3423 443 3464 τι
458 3397 549 3478 θυμὸς
565 3399 681 3464 ἐδεύετο
696 3398 796 3466 δαιτδς
811 3399 905 3477 ἐίσης.

177 3503 270 3582 αὐτὰρ
285 3502 351 3566 ἐπεὶ
365 3501 474 3566 πόσιος
489 3501 538 3564 καὶ
554 3499 673 3578 ἐδητύος
689 3499 725 3579 ἐξ
737 3501 806 3582 ἔρον
821 3501 898 3573 έντο,

177 3609 277 3686 κοῦροι
291 3606 347 3683 μέν
361 3606 507 3685 κρητῆρας
522 3601 732 3684 ἐπεστέψαντο
746 3609 860 3677 ποτοῖο,
1072 3624 1121 3678 470

177 3708 320 3784 νόμησαν
334 3705 359 3770 δ’
375 3705 433 3784 ἀρα
447 3708 542 3770 πάσιν
557 3703 755 3786 ἐπαρξάμενοι
771 3706 946 3772 δεπάεσσιν·
