2728 4230
249 317 309 396 148
568 316 597 382 8.
621 319 791 380 ΙΛΙΑΔΟΣ
814 321 854 381 Θ.

246 486 311 552 υἱὸν
325 486 492 568 ὑπερθύμου
508 485 650 566 Θηβαίου
663 486 828 566 Ἠνιοπῆα,
1143 509 1191 549 ιοο

246 593 346 653 ἵππων
361 588 420 668 ἡνί’
437 588 546 673 έχοντα
560 587 643 669 βάλε
659 593 769 669 στῆθος
785 588 865 670 παρὰ
880 589 984 669 μαζόν.

246 689 335 770 ἤριπε
349 689 377 754 δ’
392 690 429 769 ἐξ
441 687 549 776 όχέων,
564 691 745 773 ὑπερώησαν
760 690 793 754 δέ
809 693 838 754 οἱ
854 692 942 755 ἵπποι

247 793 404 860 ὠκύποδες·
427 794 521 860 τοῦδ’
542 794 611 858 αύθι
626 795 702 874 λύθη
718 791 804 878 φυχή
820 818 854 859 τε
868 793 958 873 μένος
974 818 1017 859 τε.

244 897 374 979 Ἕκτορα
390 896 416 960 δ’
433 897 517 962 αἰνὸν
532 897 608 982 ἄχος
622 898 739 962 πύκασε
754 895 867 978 φρένας
882 896 1030 980 ἡνιόχοιο·

246 999 299 1066 τὸν
313 1002 369 1081 μὲν
384 1000 475 1065 ἔπειτ’
492 1003 586 1077 είασε,
604 1002 654 1066 καὶ
669 1000 835 1084 ἀχνύμενός
856 1025 912 1080 περ
927 1003 1054 1081 ἑταίρου,
1143 1023 1190 1075 ¹²5

249 1107 374 1179 κεῖσθαι,
394 1105 411 1167 ό
425 1103 450 1168 δ’
466 1103 592 1187 ἡνίοχον
606 1102 720 1184 μέθεπε
736 1104 858 1185 θρασύν·
882 1101 944 1166 οὐδ’
960 1102 1006 1184 ἄρ’
1023 1102 1068 1166 ἔτι
1082 1102 1137 1182 δήν

247 1209 328 1269 ἵππω
345 1206 490 1286 δευέσθην
506 1205 702 1289 σημάντορος·
726 1207 805 1289 αἶψα
819 1209 877 1289 γὰρ
894 1207 979 1287 εύρεν

246 1309 395 1390 Ἰφιτίδην
408 1310 656 1393 Ἀρχεπτόλεμον
671 1310 794 1390 θρασύν,
811 1310 846 1374 όν
862 1309 901 1391 ῥα
916 1309 979 1373 τόθ’
996 1311 1097 1373 ἵππων

248 1411 409 1477 ὠκυπόδων
423 1412 569 1494 ἐπέβησε,
584 1414 667 1477 δίδον
682 1412 716 1477 δέ
733 1415 762 1477 οἱ
777 1412 847 1492 ἡνία
862 1413 982 1496 χερσίν.

287 1513 383 1579 Ἔνθα
398 1541 431 1580 κε
445 1515 550 1599 λοιγὸς
564 1515 618 1594 έην
637 1515 687 1579 καὶ
702 1514 844 1599 ἀμήχανα
858 1515 932 1598 έργα
946 1513 1081 1597 γένοντο,
1144 1537 1193 1588 130

248 1618 298 1679 καί
311 1616 348 1683 νύ
362 1643 395 1683 κε
410 1617 565 1697 σήκασθεν
581 1621 656 1682 κατδ
668 1617 766 1682 Ἴλιον
780 1615 851 1698 ήύτε
866 1616 964 1701 ἄρνες,

248 1722 274 1783 εί
289 1720 329 1800 μη
345 1721 390 1804 ἄρ’
407 1720 461 1800 ὀξὺ
477 1722 570 1802 νόησε
584 1721 683 1803 πατὴρ
699 1722 815 1802 ἀνδρῶν
830 1745 862 1784 τε
879 1724 957 1784 θεῶν
972 1737 1015 1783 τε·

247 1823 419 1904 βροντήσας
434 1822 462 1888 δ’
477 1825 534 1906 άρα
549 1825 648 1890 δεινὸν
667 1823 757 1905 ἀφῆκ’
775 1825 888 1906 άργήτα
903 1823 1056 1904 κεραυνόν,

248 1926 302 1990 κὰδ
316 1929 349 1990 δέ
364 1926 472 2008 πρόσθ’
488 1929 590 1992 ἵππων
606 1925 774 2007 Διομήδεος
789 1926 844 2006 ήκε
857 1926 985 2009 χαμᾶζε·

246 2029 328 2109 δεινή
345 2032 378 2093 δὲ
393 2027 478 2111 φλὸξ
490 2027 567 2112 ὦρτο
582 2031 680 2096 θεείου
697 2028 880 2110 καιομένοιο,
1146 2054 1192 2104 1³5

247 2134 286 2195 τὸ
302 2132 327 2196 δ’
343 2135 425 2197 ἵππω
440 2134 579 2199 δείσαντε
595 2131 786 2212 καταπτήτην
799 2131 848 2197 ὑπ’
866 2135 992 2216 ὄχεσφι·

247 2235 387 2318 Νέστορα
402 2236 427 2300 δ’
443 2238 476 2300 ἐκ
490 2242 603 2320 χειρῶν
617 2237 716 2318 φύγον
731 2234 802 2314 ήνία
817 2235 1013 2317 σιγαλόεντα,

247 2343 330 2403 δεῖσε
345 2339 369 2402 δ’
386 2337 445 2422 ὅγ’
463 2341 496 2404 ἐν
513 2341 603 2422 θυμῷ,
622 2336 776 2418 Διομήδεα
791 2339 823 2401 δέ
838 2336 1011 2419 προσέειπε·

248 2431 412 2519 ··Τυδείδη,
429 2441 484 2522 άγε
502 2441 538 2519 δὴ
554 2440 625 2504 αδτε
643 2440 772 2522 φόβονδ’
789 2440 844 2524 ἔχε
858 2441 1000 2525 μόννχας
1016 2447 1135 2508 ἵππους.

248 2545 266 2622 ή
281 2545 315 2608 ού
330 2545 508 2627 γιγνώσκεις
523 2544 542 2606 ό
556 2568 603 2607 τοι
619 2545 652 2607 ἐκ
668 2543 743 2609 Διὸς
759 2542 811 2606 ούκ
828 2543 908 2608 ἕπετ’
925 2544 1026 2623 dm,-
1148 2573 1194 2621 ¹4⁰

247 2653 300 2712 νῦν
313 2648 369 2726 μὲν
383 2650 440 2729 γὰρ
457 2646 549 2731 τούτῳ
567 2646 713 2727 Κρονίδης
729 2645 804 2712 Ζεὺς
820 2651 907 2713 κῦδος
922 2646 1027 2726 ὀπάζει

247 2750 388 2832 σήμερον·
410 2751 535 2830 ὕστερον
551 2749 621 2814 αὖτε
637 2750 687 2813 καὶ
702 2748 784 2827 ἡμῖν,
801 2751 835 2813 αἵ
848 2749 872 2813 κ’
890 2749 1027 2837 ἐθέλῃσι,

247 2856 348 2918 δύσει·
371 2852 446 2932 ἀνὴρ
461 2851 495 2916 δέ
509 2878 561 2917 κεν
576 2851 611 2916 ού
626 2877 654 2916 τι
671 2852 746 2918 Διὸς
762 2852 833 2916 νόον
850 2853 1024 2934 εἰρύσσαιτο

249 2959 315 3021 οὐδὲ
329 2955 400 3038 μάλ’
415 2959 550 3037 ἴφθιμος,
568 2958 633 3021 ἐπεὶ
650 2955 669 3036 ή
684 2955 764 3020 πολὺ
779 2955 926 3038 φέρτερός
940 2955 1035 3021 ἐστι.”

287 3060 350 3123 Τὸν
365 3059 390 3123 δ’
405 3056 540 3140 ἠμείβετ’
556 3060 661 3124 ἔπειτα
675 3059 756 3138 βοήν
771 3058 883 3141 ἀγαθὸς
900 3057 1063 3139 Διομήδης·
1148 3087 1193 3137 ¹⁴⁵

249 3172 266 3199 “
276 3163 324 3228 ναὶ
340 3163 375 3242 δὴ
392 3161 484 3225 ταῦτά
497 3188 534 3244 γε
548 3160 654 3238 πάντα,
671 3161 769 3244 γέρον,
788 3164 864 3225 κατδ
876 3166 984 3242 μοῖραν
1000 3162 1106 3229 ἔειπες·

248 3268 329 3332 άλλδ
343 3264 403 3330 τόδ’
420 3263 505 3328 αἰνὸν
520 3264 596 3347 άχος
612 3265 736 3346 κραδίην
751 3265 800 3328 καὶ
816 3263 910 3344 θυμὸν
925 3262 1031 3328 ἱκάνει·

242 3370 359 3448 Ἕκτωρ
373 3367 431 3449 γάρ
446 3392 520 3431 ποτε
536 3364 632 3447 φήσει
648 3366 693 3429 ἐνὶ
706 3365 844 3447 Τρόεσσ’
862 3366 1022 3448 ἀγορεύων·

248 3470 405 3550 ίΤυδείδης
418 3467 470 3533 ὑπ’
486 3471 567 3548 ἐμεῖο
586 3468 777 3550 φοβεύμενος
792 3472 873 3532 ἵκετο
889 3467 981 3548 νῆας.’

247 3579 286 3643 ὥς
301 3573 365 3638 ποτ’
382 3571 554 3651 ἀπειλήσει·
576 3574 646 3637 τότε
659 3597 712 3651 μοι
725 3570 816 3654 χάνοι
831 3572 931 3654 εύρεῖα
945 3571 1058 3658 χθύν.”
1148 3601 1196 3648 150

287 3679 350 3744 Τὸν
364 3678 389 3743 δ’
405 3675 540 3756 ἠμείβετ’
557 3675 662 3739 ἔπειτα
676 3672 817 3752 Γερήνιος
833 3675 947 3743 ἱππότα
961 3677 1099 3755 Νέστωρ·
