<?xml version="1.0" encoding="UTF-8"?>
<!DOCTYPE html PUBLIC "-//W3C//DTD XHTML 1.0 Transitional//EN"
    "http://www.w3.org/TR/xhtml1/DTD/xhtml1-transitional.dtd">
<html xmlns="http://www.w3.org/1999/xhtml" xml:lang="en" lang="en">
 <head>
  <title>
</title>
<meta http-equiv="Content-Type" content="text/html;charset=utf-8" />
  <meta name='ocr-system' content='tesseract 3.04.00' />
  <meta name='ocr-capabilities' content='ocr_page ocr_carea ocr_par ocr_line ocrx_word'/>
</head>
<body>
  <div class='ocr_page' id='page_1' title='image "./homerioperaetre00homegoog_0366.png"; bbox 0 0 2792 4232; ppageno 0'>
   <div class='ocr_carea' id='block_1_1' title="bbox 260 305 883 384">
    <p class='ocr_par' dir='ltr' id='par_1_1' title="bbox 260 305 883 384">
     <span class='ocr_line' id='line_1_1' title="bbox 260 305 883 384; baseline 0 -20"><span class='ocrx_word' id='word_1_1' title='bbox 260 316 324 382; x_wconf 83' lang='lat'>350</span> <span class='ocrx_word' id='word_1_2' title='bbox 583 317 633 384; x_wconf 89' lang='lat'>17.</span> <span class='ocrx_word' id='word_1_3' title='bbox 658 305 827 366; x_wconf 81' lang='grc' dir='ltr'>ΙΑΙΑΔΟΣ</span> <span class='ocrx_word' id='word_1_4' title='bbox 850 305 883 366; x_wconf 92' lang='grc' dir='ltr'>Ρ.</span> 
     </span>
    </p>
   </div>
   <div class='ocr_carea' id='block_1_2' title="bbox 214 470 1210 3766">
    <p class='ocr_par' dir='ltr' id='par_1_2' title="bbox 214 470 1210 3766">
     <span class='ocr_line' id='line_1_2' title="bbox 260 470 967 555; baseline 0.006 -19"><span class='ocrx_word' id='word_1_5' title='bbox 260 470 313 536; x_wconf 72' lang='lat'>“‹1›</span> <span class='ocrx_word' id='word_1_6' title='bbox 330 473 418 554; x_wconf 89' lang='grc' dir='ltr'>φίλοι</span> <span class='ocrx_word' id='word_1_7' title='bbox 433 471 580 555; x_wconf 77' lang='grc' dir='ltr'>Ἀργείων</span> <span class='ocrx_word' id='word_1_8' title='bbox 594 471 739 554; x_wconf 72' lang='grc' dir='ltr'>ἡγήτορες</span> <span class='ocrx_word' id='word_1_9' title='bbox 751 473 804 552; x_wconf 76' lang='grc' dir='ltr'>ἠδέ</span> <span class='ocrx_word' id='word_1_10' title='bbox 817 473 967 553; x_wconf 80' lang='grc' dir='ltr'>μέδοντες,</span> 
     </span>
     <span class='ocr_line' id='line_1_3' title="bbox 258 574 1058 663; baseline 0.001 -25"><span class='ocrx_word' id='word_1_11' title='bbox 258 578 289 640; x_wconf 82' lang='grc' dir='ltr'>οἵ</span> <span class='ocrx_word' id='word_1_12' title='bbox 303 601 336 640; x_wconf 92' lang='grc' dir='ltr'>τε</span> <span class='ocrx_word' id='word_1_13' title='bbox 352 574 420 658; x_wconf 89' lang='grc' dir='ltr'>παρ’</span> <span class='ocrx_word' id='word_1_14' title='bbox 436 574 599 662; x_wconf 74' lang='grc' dir='ltr'>Ἀτρεΐδῃς,</span> <span class='ocrx_word' id='word_1_15' title='bbox 614 575 816 659; x_wconf 89' lang='grc' dir='ltr'>Ἀγαμέμνονι</span> <span class='ocrx_word' id='word_1_16' title='bbox 833 578 882 641; x_wconf 87' lang='grc' dir='ltr'>καὶ</span> <span class='ocrx_word' id='word_1_17' title='bbox 898 576 1058 663; x_wconf 81' lang='grc' dir='ltr'>Μενελάῳ,</span> 
     </span>
     <span class='ocr_line' id='line_1_4' title="bbox 258 678 1207 760; baseline 0.006 -18"><span class='ocrx_word' id='word_1_18' title='bbox 258 678 348 759; x_wconf 82' lang='grc' dir='ltr'>δήμια</span> <span class='ocrx_word' id='word_1_19' title='bbox 363 680 503 744; x_wconf 79' lang='grc' dir='ltr'>πίνουσιν</span> <span class='ocrx_word' id='word_1_20' title='bbox 519 682 568 743; x_wconf 86' lang='grc' dir='ltr'>καὶ</span> <span class='ocrx_word' id='word_1_21' title='bbox 584 681 784 760; x_wconf 79' lang='grc' dir='ltr'>σημαίνουσιν</span> <span class='ocrx_word' id='word_1_22' title='bbox 799 680 926 748; x_wconf 74' lang='grc' dir='ltr'>ἕκαστος</span> <span class='ocrx_word' id='word_1_23' title='bbox 1160 705 1207 756; x_wconf 83' lang='lat'>250</span> 
     </span>
     <span class='ocr_line' id='line_1_5' title="bbox 257 783 941 864; baseline 0.004 -19"><span class='ocrx_word' id='word_1_24' title='bbox 257 787 354 848; x_wconf 84' lang='grc' dir='ltr'>λαοῖς·</span> <span class='ocrx_word' id='word_1_25' title='bbox 386 785 418 846; x_wconf 90' lang='grc' dir='ltr'>ἐκ</span> <span class='ocrx_word' id='word_1_26' title='bbox 434 785 467 846; x_wconf 78' lang='grc' dir='ltr'>δὲ</span> <span class='ocrx_word' id='word_1_27' title='bbox 483 783 557 850; x_wconf 85' lang='grc' dir='ltr'>Διὸς</span> <span class='ocrx_word' id='word_1_28' title='bbox 573 784 643 864; x_wconf 83' lang='grc' dir='ltr'>τιμή</span> <span class='ocrx_word' id='word_1_29' title='bbox 660 785 708 847; x_wconf 87' lang='grc' dir='ltr'>καὶ</span> <span class='ocrx_word' id='word_1_30' title='bbox 724 790 811 850; x_wconf 77' lang='grc' dir='ltr'>κῦδος</span> <span class='ocrx_word' id='word_1_31' title='bbox 826 785 941 862; x_wconf 82' lang='grc' dir='ltr'>ὀπηδεῖ.</span> 
     </span>
     <span class='ocr_line' id='line_1_6' title="bbox 258 886 1010 968; baseline 0.007 -19"><span class='ocrx_word' id='word_1_32' title='bbox 258 886 409 968; x_wconf 76' lang='grc' dir='ltr'>ἀργαλέον</span> <span class='ocrx_word' id='word_1_33' title='bbox 424 886 457 951; x_wconf 92' lang='grc' dir='ltr'>δέ</span> <span class='ocrx_word' id='word_1_34' title='bbox 471 891 526 967; x_wconf 87' lang='grc' dir='ltr'>μοί</span> <span class='ocrx_word' id='word_1_35' title='bbox 539 890 607 952; x_wconf 83' lang='grc' dir='ltr'>ἐστι</span> <span class='ocrx_word' id='word_1_36' title='bbox 622 893 859 954; x_wconf 78' lang='grc' dir='ltr'>διασκοπιᾶσθαι</span> <span class='ocrx_word' id='word_1_37' title='bbox 870 889 1010 954; x_wconf 84' lang='grc' dir='ltr'>ἐκαστον</span> 
     </span>
     <span class='ocr_line' id='line_1_7' title="bbox 257 987 991 1074; baseline 0.007 -21"><span class='ocrx_word' id='word_1_38' title='bbox 257 987 421 1072; x_wconf 87' lang='grc' dir='ltr'>ἡγεμόνων·</span> <span class='ocrx_word' id='word_1_39' title='bbox 451 991 549 1070; x_wconf 85' lang='grc' dir='ltr'>τόσση</span> <span class='ocrx_word' id='word_1_40' title='bbox 565 991 624 1074; x_wconf 79' lang='grc' dir='ltr'>γάρ</span> <span class='ocrx_word' id='word_1_41' title='bbox 639 993 700 1074; x_wconf 87' lang='grc' dir='ltr'>ἔρις</span> <span class='ocrx_word' id='word_1_42' title='bbox 715 991 861 1073; x_wconf 85' lang='grc' dir='ltr'>πολέμοιο</span> <span class='ocrx_word' id='word_1_43' title='bbox 877 991 991 1070; x_wconf 81' lang='grc' dir='ltr'>δέδηεν</span> 
     </span>
     <span class='ocr_line' id='line_1_8' title="bbox 259 1092 1001 1180; baseline 0.005 -26"><span class='ocrx_word' id='word_1_44' title='bbox 259 1092 342 1156; x_wconf 86' lang='grc' dir='ltr'>άλλά</span> <span class='ocrx_word' id='word_1_45' title='bbox 356 1118 400 1158; x_wconf 86' lang='grc' dir='ltr'>τις</span> <span class='ocrx_word' id='word_1_46' title='bbox 416 1093 504 1160; x_wconf 84' lang='grc' dir='ltr'>αὐτὸς</span> <span class='ocrx_word' id='word_1_47' title='bbox 519 1097 581 1170; x_wconf 86' lang='grc' dir='ltr'>ίτιυ,</span> <span class='ocrx_word' id='word_1_48' title='bbox 598 1096 800 1174; x_wconf 78' lang='grc' dir='ltr'>νεμεσιζέσθω</span> <span class='ocrx_word' id='word_1_49' title='bbox 816 1095 840 1158; x_wconf 88' lang='grc' dir='ltr'>δ’</span> <span class='ocrx_word' id='word_1_50' title='bbox 859 1093 904 1160; x_wconf 77' lang='grc' dir='ltr'>ἐνὶ</span> <span class='ocrx_word' id='word_1_51' title='bbox 920 1097 1001 1180; x_wconf 68' lang='grc' dir='ltr'>θυμῷ</span> 
     </span>
     <span class='ocr_line' id='line_1_9' title="bbox 259 1195 1207 1284; baseline 0 -26"><span class='ocrx_word' id='word_1_52' title='bbox 259 1195 439 1277; x_wconf 90' lang='grc' dir='ltr'>Πάτροκλον</span> <span class='ocrx_word' id='word_1_53' title='bbox 453 1200 577 1284; x_wconf 80' lang='grc' dir='ltr'>Τριρῇσι</span> <span class='ocrx_word' id='word_1_54' title='bbox 593 1197 680 1264; x_wconf 84' lang='grc' dir='ltr'>κυσὶν</span> <span class='ocrx_word' id='word_1_55' title='bbox 693 1199 853 1281; x_wconf 76' lang='grc' dir='ltr'>μέλπηθρα</span> <span class='ocrx_word' id='word_1_56' title='bbox 867 1197 1041 1281; x_wconf 84' lang='grc' dir='ltr'>γενέσθαι.”</span> <span class='ocrx_word' id='word_1_57' title='bbox 1160 1223 1207 1272; x_wconf 83' lang='lat'>²55</span> 
     </span>
     <span class='ocr_line' id='line_1_10' title="bbox 295 1297 1076 1386; baseline 0.01 -26"><span class='ocrx_word' id='word_1_58' title='bbox 295 1297 358 1365; x_wconf 82' lang='grc' dir='ltr'>Ὣς</span> <span class='ocrx_word' id='word_1_59' title='bbox 374 1300 472 1381; x_wconf 89' lang='grc' dir='ltr'>ἔφατ’,</span> <span class='ocrx_word' id='word_1_60' title='bbox 488 1299 541 1380; x_wconf 76' lang='grc' dir='ltr'>όξδ</span> <span class='ocrx_word' id='word_1_61' title='bbox 557 1299 583 1365; x_wconf 87' lang='grc' dir='ltr'>δ’</span> <span class='ocrx_word' id='word_1_62' title='bbox 600 1302 730 1369; x_wconf 82' lang='grc' dir='ltr'>ἄκουσεν</span> <span class='ocrx_word' id='word_1_63' title='bbox 745 1300 868 1379; x_wconf 79' lang='grc' dir='ltr'>Ὀϊλῆος</span> <span class='ocrx_word' id='word_1_64' title='bbox 883 1301 975 1386; x_wconf 81' lang='grc' dir='ltr'>ταχὺς</span> <span class='ocrx_word' id='word_1_65' title='bbox 991 1304 1076 1368; x_wconf 86' lang='grc' dir='ltr'>Αίας·</span> 
     </span>
     <span class='ocr_line' id='line_1_11' title="bbox 259 1403 953 1485; baseline 0.007 -20"><span class='ocrx_word' id='word_1_66' title='bbox 259 1408 374 1484; x_wconf 85' lang='grc' dir='ltr'>πρῶτος</span> <span class='ocrx_word' id='word_1_67' title='bbox 389 1403 415 1467; x_wconf 86' lang='grc' dir='ltr'>δ’</span> <span class='ocrx_word' id='word_1_68' title='bbox 432 1405 532 1471; x_wconf 84' lang='grc' dir='ltr'>ἀντίος</span> <span class='ocrx_word' id='word_1_69' title='bbox 548 1404 624 1484; x_wconf 87' lang='grc' dir='ltr'>ἦλθε</span> <span class='ocrx_word' id='word_1_70' title='bbox 640 1405 716 1470; x_wconf 91' lang='grc' dir='ltr'>θέων</span> <span class='ocrx_word' id='word_1_71' title='bbox 732 1405 789 1472; x_wconf 83' lang='grc' dir='ltr'>άνὰ</span> <span class='ocrx_word' id='word_1_72' title='bbox 804 1407 953 1485; x_wconf 71' lang='grc' dir='ltr'>δηϊοτῆτα,</span> 
     </span>
     <span class='ocr_line' id='line_1_12' title="bbox 259 1504 997 1589; baseline 0.008 -21"><span class='ocrx_word' id='word_1_73' title='bbox 259 1505 312 1568; x_wconf 88' lang='grc' dir='ltr'>τὸν</span> <span class='ocrx_word' id='word_1_74' title='bbox 327 1508 360 1569; x_wconf 75' lang='grc' dir='ltr'>δὲ</span> <span class='ocrx_word' id='word_1_75' title='bbox 374 1504 438 1586; x_wconf 86' lang='grc' dir='ltr'>μετ’</span> <span class='ocrx_word' id='word_1_76' title='bbox 452 1507 620 1588; x_wconf 78' lang='grc' dir='ltr'>Ἰδομενεὺς</span> <span class='ocrx_word' id='word_1_77' title='bbox 636 1511 685 1572; x_wconf 89' lang='grc' dir='ltr'>καὶ</span> <span class='ocrx_word' id='word_1_78' title='bbox 700 1507 803 1575; x_wconf 78' lang='grc' dir='ltr'>ὀπάων</span> <span class='ocrx_word' id='word_1_79' title='bbox 817 1509 997 1589; x_wconf 82' lang='grc' dir='ltr'>Ἰδομενῆος,</span> 
     </span>
     <span class='ocr_line' id='line_1_13' title="bbox 261 1609 997 1698; baseline 0.003 -27"><span class='ocrx_word' id='word_1_80' title='bbox 261 1611 424 1690; x_wconf 90' lang='grc' dir='ltr'>Μηριόνης,</span> <span class='ocrx_word' id='word_1_81' title='bbox 441 1609 609 1677; x_wconf 82' lang='grc' dir='ltr'>ἀτάλαντος</span> <span class='ocrx_word' id='word_1_82' title='bbox 623 1610 773 1697; x_wconf 75' lang='grc' dir='ltr'>Ἐνυαλίῳ</span> <span class='ocrx_word' id='word_1_83' title='bbox 790 1612 997 1698; x_wconf 71' lang='grc' dir='ltr'>ἀνδρειφόντῃ.</span> 
     </span>
     <span class='ocr_line' id='line_1_14' title="bbox 259 1713 1209 1799; baseline 0.002 -25"><span class='ocrx_word' id='word_1_84' title='bbox 259 1718 319 1777; x_wconf 81' lang='grc' dir='ltr'>τῶν</span> <span class='ocrx_word' id='word_1_85' title='bbox 334 1713 358 1776; x_wconf 89' lang='grc' dir='ltr'>δ’</span> <span class='ocrx_word' id='word_1_86' title='bbox 375 1713 480 1776; x_wconf 87' lang='grc' dir='ltr'>άλλωυ</span> <span class='ocrx_word' id='word_1_87' title='bbox 495 1715 540 1779; x_wconf 90' lang='grc' dir='ltr'>τίς</span> <span class='ocrx_word' id='word_1_88' title='bbox 555 1740 606 1778; x_wconf 92' lang='grc' dir='ltr'>κεν</span> <span class='ocrx_word' id='word_1_89' title='bbox 621 1713 675 1799; x_wconf 86' lang='grc' dir='ltr'>Ιήσι</span> <span class='ocrx_word' id='word_1_90' title='bbox 691 1713 801 1795; x_wconf 85' lang='grc' dir='ltr'>φρεσὶν</span> <span class='ocrx_word' id='word_1_91' title='bbox 816 1713 953 1793; x_wconf 79' lang='grc' dir='ltr'>οὐνόματ’</span> <span class='ocrx_word' id='word_1_92' title='bbox 971 1717 1060 1789; x_wconf 83' lang='grc' dir='ltr'>εἴποι,</span> <span class='ocrx_word' id='word_1_93' title='bbox 1160 1727 1209 1776; x_wconf 80' lang='lat'>260</span> 
     </span>
     <span class='ocr_line' id='line_1_15' title="bbox 260 1815 1012 1900; baseline 0.007 -23"><span class='ocrx_word' id='word_1_94' title='bbox 260 1817 351 1879; x_wconf 85' lang='grc' dir='ltr'>ὅσσοι</span> <span class='ocrx_word' id='word_1_95' title='bbox 367 1817 402 1896; x_wconf 76' lang='grc' dir='ltr'>δή</span> <span class='ocrx_word' id='word_1_96' title='bbox 418 1817 584 1895; x_wconf 88' lang='grc' dir='ltr'>μετόπισθε</span> <span class='ocrx_word' id='word_1_97' title='bbox 599 1816 701 1900; x_wconf 85' lang='grc' dir='ltr'>μάχην</span> <span class='ocrx_word' id='word_1_98' title='bbox 715 1816 838 1899; x_wconf 85' lang='grc' dir='ltr'>ἤγειραν</span> <span class='ocrx_word' id='word_1_99' title='bbox 853 1815 1012 1900; x_wconf 81' lang='grc' dir='ltr'>Ἀχαιῶν;</span> 
     </span>
     <span class='ocr_line' id='line_1_16' title="bbox 302 1918 1140 2003; baseline 0 -21"><span class='ocrx_word' id='word_1_100' title='bbox 302 1925 403 2001; x_wconf 82' lang='grc' dir='ltr'>Τρῶες</span> <span class='ocrx_word' id='word_1_101' title='bbox 419 1923 450 1983; x_wconf 81' lang='grc' dir='ltr'>δὲ</span> <span class='ocrx_word' id='word_1_102' title='bbox 468 1921 645 2002; x_wconf 75' lang='grc' dir='ltr'>προῦτυψαν</span> <span class='ocrx_word' id='word_1_103' title='bbox 661 1920 797 1988; x_wconf 84' lang='grc' dir='ltr'>ἀολλέες·</span> <span class='ocrx_word' id='word_1_104' title='bbox 822 1919 896 2003; x_wconf 88' lang='grc' dir='ltr'>ήρχε</span> <span class='ocrx_word' id='word_1_105' title='bbox 912 1920 936 1984; x_wconf 86' lang='grc' dir='ltr'>δ’</span> <span class='ocrx_word' id='word_1_106' title='bbox 955 1921 1000 2002; x_wconf 86' lang='grc' dir='ltr'>ἄρ’</span> <span class='ocrx_word' id='word_1_107' title='bbox 1013 1918 1140 2001; x_wconf 84' lang='grc' dir='ltr'>Ἕκτωρ.</span> 
     </span>
     <span class='ocr_line' id='line_1_17' title="bbox 214 2011 963 2108; baseline 0 -20"><span class='ocrx_word' id='word_1_108' title='bbox 214 2011 218 2018; x_wconf 48' lang='grc'><strong>’</strong></span> <span class='ocrx_word' id='word_1_109' title='bbox 261 2025 300 2090; x_wconf 80' lang='grc' dir='ltr'>ὡς</span> <span class='ocrx_word' id='word_1_110' title='bbox 316 2021 341 2088; x_wconf 90' lang='grc' dir='ltr'>δ’</span> <span class='ocrx_word' id='word_1_111' title='bbox 357 2022 401 2086; x_wconf 85' lang='grc' dir='ltr'>ὅτ’</span> <span class='ocrx_word' id='word_1_112' title='bbox 418 2026 468 2088; x_wconf 86' lang='grc' dir='ltr'>ἐπὶ</span> <span class='ocrx_word' id='word_1_113' title='bbox 484 2026 637 2108; x_wconf 75' lang='grc' dir='ltr'>προχοῇσι</span> <span class='ocrx_word' id='word_1_114' title='bbox 653 2023 801 2092; x_wconf 87' lang='grc' dir='ltr'>διιπετέος</span> <span class='ocrx_word' id='word_1_115' title='bbox 817 2029 963 2104; x_wconf 82' lang='grc' dir='ltr'>ποταμοῖο</span> 
     </span>
     <span class='ocr_line' id='line_1_18' title="bbox 260 2128 1070 2212; baseline -0.002 -20"><span class='ocrx_word' id='word_1_116' title='bbox 260 2128 417 2212; x_wconf 82' lang='grc' dir='ltr'>βέβρυχεν</span> <span class='ocrx_word' id='word_1_117' title='bbox 431 2128 510 2211; x_wconf 83' lang='grc' dir='ltr'>μέγα</span> <span class='ocrx_word' id='word_1_118' title='bbox 526 2135 603 2208; x_wconf 82' lang='grc' dir='ltr'>κῦμα</span> <span class='ocrx_word' id='word_1_119' title='bbox 618 2130 687 2193; x_wconf 83' lang='grc' dir='ltr'>ποτὶ</span> <span class='ocrx_word' id='word_1_120' title='bbox 700 2130 782 2212; x_wconf 80' lang='grc' dir='ltr'>ῥόον,</span> <span class='ocrx_word' id='word_1_121' title='bbox 799 2130 877 2211; x_wconf 76' lang='grc' dir='ltr'>ἀμφὶ</span> <span class='ocrx_word' id='word_1_122' title='bbox 891 2128 925 2194; x_wconf 90' lang='grc' dir='ltr'>δέ</span> <span class='ocrx_word' id='word_1_123' title='bbox 940 2128 964 2191; x_wconf 86' lang='grc' dir='ltr'>τ’</span> <span class='ocrx_word' id='word_1_124' title='bbox 982 2129 1070 2209; x_wconf 87' lang='grc' dir='ltr'>ἄκραι</span> 
     </span>
     <span class='ocr_line' id='line_1_19' title="bbox 261 2231 1208 2314; baseline -0.004 -18"><span class='ocrx_word' id='word_1_125' title='bbox 261 2233 359 2311; x_wconf 85' lang='grc' dir='ltr'>ἠϊόνες</span> <span class='ocrx_word' id='word_1_126' title='bbox 373 2234 512 2312; x_wconf 87' lang='grc' dir='ltr'>βοόωσιν</span> <span class='ocrx_word' id='word_1_127' title='bbox 527 2232 723 2314; x_wconf 76' lang='grc' dir='ltr'>ἐρευγομένης</span> <span class='ocrx_word' id='word_1_128' title='bbox 738 2231 812 2298; x_wconf 80' lang='grc' dir='ltr'>δλδς</span> <span class='ocrx_word' id='word_1_129' title='bbox 828 2231 895 2311; x_wconf 81' lang='grc' dir='ltr'>ἔξω,</span> <span class='ocrx_word' id='word_1_130' title='bbox 1162 2245 1208 2305; x_wconf 79' lang='lat'>²⁶⁵</span> 
     </span>
     <span class='ocr_line' id='line_1_20' title="bbox 261 2333 991 2423; baseline 0.001 -24"><span class='ocrx_word' id='word_1_131' title='bbox 261 2337 359 2423; x_wconf 82' lang='grc' dir='ltr'>τόσση</span> <span class='ocrx_word' id='word_1_132' title='bbox 375 2336 432 2417; x_wconf 89' lang='grc' dir='ltr'>άρα</span> <span class='ocrx_word' id='word_1_133' title='bbox 446 2341 547 2417; x_wconf 79' lang='grc' dir='ltr'>Τρῶες</span> <span class='ocrx_word' id='word_1_134' title='bbox 563 2337 633 2422; x_wconf 78' lang='grc' dir='ltr'>ἰαχῇ</span> <span class='ocrx_word' id='word_1_135' title='bbox 650 2338 731 2400; x_wconf 85' lang='grc' dir='ltr'>ίσαν.</span> <span class='ocrx_word' id='word_1_136' title='bbox 762 2336 854 2416; x_wconf 78' lang='grc' dir='ltr'>αὐτὰρ</span> <span class='ocrx_word' id='word_1_137' title='bbox 871 2333 991 2418; x_wconf 86' lang='grc' dir='ltr'>Ἀχαιοὶ</span> 
     </span>
     <span class='ocr_line' id='line_1_21' title="bbox 262 2437 1016 2525; baseline 0 -21"><span class='ocrx_word' id='word_1_138' title='bbox 262 2441 397 2504; x_wconf 85' lang='grc' dir='ltr'>ἔστασαν</span> <span class='ocrx_word' id='word_1_139' title='bbox 413 2441 490 2521; x_wconf 80' lang='grc' dir='ltr'>ἀμφὶ</span> <span class='ocrx_word' id='word_1_140' title='bbox 507 2438 692 2525; x_wconf 81' lang='grc' dir='ltr'>Μενοιτιάδη</span> <span class='ocrx_word' id='word_1_141' title='bbox 709 2439 762 2504; x_wconf 77' lang='grc' dir='ltr'>ἕνα</span> <span class='ocrx_word' id='word_1_142' title='bbox 777 2437 870 2518; x_wconf 90' lang='grc' dir='ltr'>θυμδν</span> <span class='ocrx_word' id='word_1_143' title='bbox 886 2439 1016 2520; x_wconf 85' lang='grc' dir='ltr'>ἔχοντες,</span> 
     </span>
     <span class='ocr_line' id='line_1_22' title="bbox 262 2539 1103 2626; baseline 0 -20"><span class='ocrx_word' id='word_1_144' title='bbox 262 2542 449 2626; x_wconf 86' lang='grc' dir='ltr'>φραχθέντες</span> <span class='ocrx_word' id='word_1_145' title='bbox 466 2543 593 2609; x_wconf 85' lang='grc' dir='ltr'>σάκεσιν</span> <span class='ocrx_word' id='word_1_146' title='bbox 608 2540 803 2625; x_wconf 83' lang='grc' dir='ltr'>χαλκήρεσιν·</span> <span class='ocrx_word' id='word_1_147' title='bbox 835 2543 913 2623; x_wconf 80' lang='grc' dir='ltr'>άμφὶ</span> <span class='ocrx_word' id='word_1_148' title='bbox 929 2539 954 2606; x_wconf 91' lang='grc' dir='ltr'>δ’</span> <span class='ocrx_word' id='word_1_149' title='bbox 972 2543 1030 2624; x_wconf 81' lang='grc' dir='ltr'>ἄρα</span> <span class='ocrx_word' id='word_1_150' title='bbox 1045 2549 1103 2623; x_wconf 93' lang='grc' dir='ltr'>σφι</span> 
     </span>
     <span class='ocr_line' id='line_1_23' title="bbox 261 2644 987 2734; baseline -0.004 -24"><span class='ocrx_word' id='word_1_151' title='bbox 261 2650 437 2734; x_wconf 80' lang='grc' dir='ltr'>λαμπρῇσιν</span> <span class='ocrx_word' id='word_1_152' title='bbox 452 2648 612 2729; x_wconf 81' lang='grc' dir='ltr'>κορύθεσσι</span> <span class='ocrx_word' id='word_1_153' title='bbox 629 2648 763 2727; x_wconf 86' lang='grc' dir='ltr'>Κρονίων</span> <span class='ocrx_word' id='word_1_154' title='bbox 778 2644 851 2726; x_wconf 83' lang='grc' dir='ltr'>ἠέρα</span> <span class='ocrx_word' id='word_1_155' title='bbox 866 2646 987 2725; x_wconf 77' lang='grc' dir='ltr'>πολλήν</span> 
     </span>
     <span class='ocr_line' id='line_1_24' title="bbox 262 2747 1210 2834; baseline -0.004 -19"><span class='ocrx_word' id='word_1_156' title='bbox 262 2751 336 2834; x_wconf 80' lang='grc' dir='ltr'>χεῦ’,</span> <span class='ocrx_word' id='word_1_157' title='bbox 352 2753 418 2815; x_wconf 88' lang='grc' dir='ltr'>ἐπεὶ</span> <span class='ocrx_word' id='word_1_158' title='bbox 433 2751 501 2815; x_wconf 76' lang='grc' dir='ltr'>οὐδὲ</span> <span class='ocrx_word' id='word_1_159' title='bbox 516 2751 720 2829; x_wconf 87' lang='grc' dir='ltr'>Μενοιτιάδην</span> <span class='ocrx_word' id='word_1_160' title='bbox 734 2747 860 2832; x_wconf 86' lang='grc' dir='ltr'>ἤχθαιρε</span> <span class='ocrx_word' id='word_1_161' title='bbox 876 2747 970 2831; x_wconf 88' lang='grc' dir='ltr'>πάρος</span> <span class='ocrx_word' id='word_1_162' title='bbox 984 2775 1029 2832; x_wconf 83' lang='grc' dir='ltr'>γε,</span> <span class='ocrx_word' id='word_1_163' title='bbox 1161 2774 1210 2825; x_wconf 83' lang='lat'>270</span> 
     </span>
     <span class='ocr_line' id='line_1_25' title="bbox 263 2853 882 2935; baseline 0.002 -20"><span class='ocrx_word' id='word_1_164' title='bbox 263 2857 345 2935; x_wconf 88' lang='grc' dir='ltr'>ὄφρα</span> <span class='ocrx_word' id='word_1_165' title='bbox 360 2855 433 2932; x_wconf 83' lang='grc' dir='ltr'>ζωὸς</span> <span class='ocrx_word' id='word_1_166' title='bbox 448 2855 505 2918; x_wconf 80' lang='grc' dir='ltr'>ἐὸν</span> <span class='ocrx_word' id='word_1_167' title='bbox 521 2853 658 2934; x_wconf 90' lang='grc' dir='ltr'>θεράπων</span> <span class='ocrx_word' id='word_1_168' title='bbox 674 2853 710 2932; x_wconf 78' lang='grc' dir='ltr'>ἦν</span> <span class='ocrx_word' id='word_1_169' title='bbox 729 2854 882 2918; x_wconf 82' lang='grc' dir='ltr'>Αἰακίδαο·</span> 
     </span>
     <span class='ocr_line' id='line_1_26' title="bbox 262 2955 1035 3039; baseline 0 -19"><span class='ocrx_word' id='word_1_170' title='bbox 262 2958 394 3036; x_wconf 86' lang='grc' dir='ltr'>μίσησεν</span> <span class='ocrx_word' id='word_1_171' title='bbox 410 2957 434 3021; x_wconf 92' lang='grc' dir='ltr'>δ’</span> <span class='ocrx_word' id='word_1_172' title='bbox 452 2958 509 3039; x_wconf 84' lang='grc' dir='ltr'>ἄρα</span> <span class='ocrx_word' id='word_1_173' title='bbox 523 2984 574 3038; x_wconf 92' lang='grc' dir='ltr'>μιν</span> <span class='ocrx_word' id='word_1_174' title='bbox 589 2957 681 3036; x_wconf 75' lang='grc' dir='ltr'>δηΐων</span> <span class='ocrx_word' id='word_1_175' title='bbox 697 2958 766 3021; x_wconf 87' lang='grc' dir='ltr'>κυσὶ</span> <span class='ocrx_word' id='word_1_176' title='bbox 783 2957 876 3038; x_wconf 83' lang='grc' dir='ltr'>κύρμα</span> <span class='ocrx_word' id='word_1_177' title='bbox 890 2955 1035 3039; x_wconf 92' lang='grc' dir='ltr'>γενέσθαι</span> 
     </span>
     <span class='ocr_line' id='line_1_27' title="bbox 262 3058 1026 3146; baseline 0.001 -23"><span class='ocrx_word' id='word_1_178' title='bbox 262 3063 413 3146; x_wconf 79' lang='grc' dir='ltr'>Τρῳῇσιν·</span> <span class='ocrx_word' id='word_1_179' title='bbox 443 3063 483 3146; x_wconf 74' lang='grc' dir='ltr'>τῷ</span> <span class='ocrx_word' id='word_1_180' title='bbox 501 3062 552 3124; x_wconf 89' lang='grc' dir='ltr'>καί</span> <span class='ocrx_word' id='word_1_181' title='bbox 565 3063 594 3124; x_wconf 78' lang='grc' dir='ltr'>οἱ</span> <span class='ocrx_word' id='word_1_182' title='bbox 609 3059 757 3142; x_wconf 80' lang='grc' dir='ltr'>ἀμυνέμεν</span> <span class='ocrx_word' id='word_1_183' title='bbox 771 3058 870 3143; x_wconf 74' lang='grc' dir='ltr'>ὦρσεν</span> <span class='ocrx_word' id='word_1_184' title='bbox 885 3061 1026 3140; x_wconf 81' lang='grc' dir='ltr'>ἑταίρους.</span> 
     </span>
     <span class='ocr_line' id='line_1_28' title="bbox 302 3161 1059 3246; baseline 0.005 -21"><span class='ocrx_word' id='word_1_185' title='bbox 302 3163 407 3244; x_wconf 59' lang='grc' dir='ltr'>ῘΩσαν</span> <span class='ocrx_word' id='word_1_186' title='bbox 422 3166 455 3228; x_wconf 76' lang='grc' dir='ltr'>δὲ</span> <span class='ocrx_word' id='word_1_187' title='bbox 471 3165 609 3246; x_wconf 86' lang='grc' dir='ltr'>πρότεροι</span> <span class='ocrx_word' id='word_1_188' title='bbox 623 3169 724 3246; x_wconf 80' lang='grc' dir='ltr'>Τρῶες</span> <span class='ocrx_word' id='word_1_189' title='bbox 742 3165 893 3232; x_wconf 81' lang='grc' dir='ltr'>ἑλίκωπας</span> <span class='ocrx_word' id='word_1_190' title='bbox 908 3161 1059 3245; x_wconf 83' lang='grc' dir='ltr'>Ἀχαιούς·</span> 
     </span>
     <span class='ocr_line' id='line_1_29' title="bbox 265 3265 1208 3350; baseline -0.006 -16"><span class='ocrx_word' id='word_1_191' title='bbox 265 3268 369 3350; x_wconf 85' lang='grc' dir='ltr'>νεκρὸν</span> <span class='ocrx_word' id='word_1_192' title='bbox 385 3269 417 3332; x_wconf 77' lang='grc' dir='ltr'>δὲ</span> <span class='ocrx_word' id='word_1_193' title='bbox 433 3269 633 3350; x_wconf 87' lang='grc' dir='ltr'>προλιπόντες</span> <span class='ocrx_word' id='word_1_194' title='bbox 648 3267 824 3349; x_wconf 86' lang='grc' dir='ltr'>ὑπέτρεσαν,</span> <span class='ocrx_word' id='word_1_195' title='bbox 841 3265 909 3332; x_wconf 78' lang='grc' dir='ltr'>οὐδέ</span> <span class='ocrx_word' id='word_1_196' title='bbox 924 3266 979 3332; x_wconf 92' lang='grc' dir='ltr'>τιν’</span> <span class='ocrx_word' id='word_1_197' title='bbox 996 3267 1093 3330; x_wconf 78' lang='grc' dir='ltr'>αὐτῶν</span> <span class='ocrx_word' id='word_1_198' title='bbox 1163 3294 1208 3344; x_wconf 81' lang='lat'>²75</span> 
     </span>
     <span class='ocr_line' id='line_1_30' title="bbox 263 3370 981 3455; baseline 0 -20"><span class='ocrx_word' id='word_1_199' title='bbox 263 3378 365 3452; x_wconf 87' lang='grc' dir='ltr'>Τρῶες</span> <span class='ocrx_word' id='word_1_200' title='bbox 379 3371 542 3454; x_wconf 84' lang='grc' dir='ltr'>ὑπέρθυμοι</span> <span class='ocrx_word' id='word_1_201' title='bbox 558 3373 630 3438; x_wconf 85' lang='grc' dir='ltr'>έλον</span> <span class='ocrx_word' id='word_1_202' title='bbox 646 3373 771 3455; x_wconf 80' lang='grc' dir='ltr'>ἔγχεσιν</span> <span class='ocrx_word' id='word_1_203' title='bbox 788 3370 901 3452; x_wconf 76' lang='grc' dir='ltr'>ἱέμενοί</span> <span class='ocrx_word' id='word_1_204' title='bbox 915 3397 981 3452; x_wconf 87' lang='grc' dir='ltr'>περ,</span> 
     </span>
     <span class='ocr_line' id='line_1_31' title="bbox 266 3474 1074 3558; baseline -0.006 -16"><span class='ocrx_word' id='word_1_205' title='bbox 266 3479 348 3542; x_wconf 78' lang='grc' dir='ltr'>ἀλλὰ</span> <span class='ocrx_word' id='word_1_206' title='bbox 364 3475 452 3543; x_wconf 90' lang='grc' dir='ltr'>νέκυν</span> <span class='ocrx_word' id='word_1_207' title='bbox 467 3477 597 3558; x_wconf 82' lang='grc' dir='ltr'>ἐρύοντο·</span> <span class='ocrx_word' id='word_1_208' title='bbox 628 3477 755 3556; x_wconf 89' lang='grc' dir='ltr'>μίνυνθα</span> <span class='ocrx_word' id='word_1_209' title='bbox 769 3477 802 3540; x_wconf 67' lang='grc' dir='ltr'>δὲ</span> <span class='ocrx_word' id='word_1_210' title='bbox 821 3476 869 3539; x_wconf 80' lang='grc' dir='ltr'>καὶ</span> <span class='ocrx_word' id='word_1_211' title='bbox 885 3479 937 3537; x_wconf 83' lang='grc' dir='ltr'>τοῦ</span> <span class='ocrx_word' id='word_1_212' title='bbox 951 3474 1074 3557; x_wconf 87' lang='grc' dir='ltr'>Ἀχαιοὶ</span> 
     </span>
     <span class='ocr_line' id='line_1_32' title="bbox 264 3576 1123 3663; baseline -0.003 -19"><span class='ocrx_word' id='word_1_213' title='bbox 264 3580 381 3662; x_wconf 90' lang='grc' dir='ltr'>μέλλον</span> <span class='ocrx_word' id='word_1_214' title='bbox 397 3579 598 3646; x_wconf 81' lang='grc' dir='ltr'>ἀπέσσεσθαι·</span> <span class='ocrx_word' id='word_1_215' title='bbox 628 3579 712 3661; x_wconf 83' lang='grc' dir='ltr'>μάλα</span> <span class='ocrx_word' id='word_1_216' title='bbox 726 3579 783 3663; x_wconf 86' lang='grc' dir='ltr'>γάρ</span> <span class='ocrx_word' id='word_1_217' title='bbox 799 3587 898 3660; x_wconf 92' lang='grc' dir='ltr'>σφεας</span> <span class='ocrx_word' id='word_1_218' title='bbox 913 3576 963 3642; x_wconf 74' lang='grc' dir='ltr'>ὦκ’</span> <span class='ocrx_word' id='word_1_219' title='bbox 980 3576 1123 3657; x_wconf 82' lang='grc' dir='ltr'>ἐλέλιξεν</span> 
     </span>
     <span class='ocr_line' id='line_1_33' title="bbox 267 3681 1008 3766; baseline -0.005 -17"><span class='ocrx_word' id='word_1_220' title='bbox 267 3687 352 3758; x_wconf 83' lang='grc' dir='ltr'>Αἴας,</span> <span class='ocrx_word' id='word_1_221' title='bbox 369 3683 401 3750; x_wconf 88' lang='grc' dir='ltr'>δς</span> <span class='ocrx_word' id='word_1_222' title='bbox 419 3685 486 3764; x_wconf 85' lang='grc' dir='ltr'>περὶ</span> <span class='ocrx_word' id='word_1_223' title='bbox 501 3687 557 3764; x_wconf 80' lang='grc' dir='ltr'>μὲν</span> <span class='ocrx_word' id='word_1_224' title='bbox 573 3684 659 3764; x_wconf 83' lang='grc' dir='ltr'>εἶδος,</span> <span class='ocrx_word' id='word_1_225' title='bbox 674 3685 741 3766; x_wconf 87' lang='grc' dir='ltr'>περὶ</span> <span class='ocrx_word' id='word_1_226' title='bbox 757 3681 783 3748; x_wconf 86' lang='grc' dir='ltr'>δ’</span> <span class='ocrx_word' id='word_1_227' title='bbox 800 3683 872 3766; x_wconf 83' lang='grc' dir='ltr'>ἔργα</span> <span class='ocrx_word' id='word_1_228' title='bbox 887 3681 1008 3748; x_wconf 89' lang='grc' dir='ltr'>τέτυκτο</span> 
     </span>
    </p>
   </div>
   <div class='ocr_carea' id='block_1_3' title="bbox 0 0 1407 4232">
    <p class='ocr_par' dir='ltr' id='par_1_3' title="bbox 0 0 1407 4232">
     <span class='ocr_line' id='line_1_34' title="bbox 0 0 1407 4232; baseline 0 0"><span class='ocrx_word' id='word_1_229' title='bbox 0 0 1407 4232; x_wconf 95' lang='lat' dir='ltr'> </span> 
     </span>
    </p>
   </div>
  </div>
 </body>
</html>
