2758 4228
250 350 312 416 912
649 331 798 394 ΎΜΝΟΙ.

248 503 358 582 ἤθελεν
373 502 440 566 οὕτε
457 493 534 566 θεῶν
550 500 616 564 οὔτε
632 506 747 580 θνητῶν
762 500 935 582 ἀνθρόπων,

249 605 311 669 οὔτ’
328 608 442 670 οἰωνῶν
457 631 502 672 τις
516 606 552 692 τῇ
568 605 710 684 ἐτήτυμος
725 605 858 684 ἀγγελος
873 604 974 682 ἦλθεν.

249 713 378 790 ἐννῆμαρ
393 711 448 786 μὲν
463 704 566 774 ἔπειτα
582 712 656 772 κατά
671 711 769 792 χθόνα
784 709 891 773 πότνια
908 709 979 786 Δηεδ

249 813 401 895 στρωφᾶτ’
416 813 576 893 αἰθομένας
592 811 695 878 δαίδας
711 815 787 890 μετά
801 810 908 896 χερσὶν
923 812 1049 894 ἔχουσα,

248 916 317 981 οὐδέ
332 914 398 980 ποτ’
414 917 583 998 ἀμβροσίης
600 915 649 978 καὶ
665 915 805 996 νέκταρος
819 914 991 993 ἡδυπότοιο,

248 1017 380 1084 πάσσατ’
395 1021 575 1102 ἀκηχεμένη,
591 1019 659 1083 οὐδὲ
673 1022 751 1102 χρόα
767 1019 905 1097 βάλλετο
919 1023 1068 1099 λουτροῖς.

249 1121 319 1187 ἀλλ’
335 1125 385 1187 ὅτε
401 1125 437 1203 δὴ
452 1123 560 1201 δεκάτη
577 1125 605 1186 οἰ
621 1121 754 1201 ἐπήλυθε
770 1123 913 1204 φαινολὶς
927 1121 1020 1200 Ἠός,

248 1226 354 1305 ἤντετό
369 1230 398 1290 οἱ
413 1226 534 1304 Ἑκάτη,
550 1226 645 1292 σέλας
661 1227 693 1289 ἓν
708 1227 866 1306 χείρεσσιν
881 1227 1008 1308 ἔχουσα,

249 1333 300 1394 καί
313 1329 351 1414 ῥά
367 1333 395 1394 οἰ
412 1329 600 1410 ἀγγελέουσα
614 1330 687 1396 έπος
703 1327 782 1410 φάτο
797 1328 938 1410 φόνησέν
952 1351 994 1394 τε·

291 1435 399 1498 πότνια
416 1432 569 1513 Δημήτηρ,
586 1433 733 1515 ὡρηφόρε,
749 1433 934 1514 ἀγλαόδωρε,

249 1539 294 1604 τίς
308 1541 384 1600 θεῶν
400 1537 544 1618 οὐρανίων
559 1536 593 1614 ἠὲ
609 1541 726 1615 θνητῶν
742 1535 907 1617 ἀνθρώπων
991 1529 993 1534 ’

248 1641 367 1722 ἥρπασε
385 1641 585 1721 Περσεφόνην
601 1640 650 1703 καὶ
667 1639 724 1702 σὸν
739 1641 832 1719 φίλον
846 1638 941 1724 ἤκαχε
956 1641 1068 1720 θυμόν,·

249 1747 353 1825 φωνῆς
368 1743 425 1824 γὰρ
440 1740 554 1822 ἤκουσ’,
569 1743 644 1824 ἀτὰρ
661 1743 712 1806 σιἰκ
727 1745 793 1806 ίδον
809 1743 1017 1823 ὀφθαλμοῖσιν

249 1849 282 1913 ὅς
298 1873 343 1913 τις
359 1848 419 1925 ἔην·
438 1852 488 1910 σοὶ
502 1847 526 1911 δ’
540 1844 602 1910 ῶκα
616 1845 698 1926 λέγω
714 1846 859 1928 νημερτέα
874 1848 981 1913 πάντα.

293 1952 332 2017 ῶς
347 1950 391 2031 ἄρ’
409 1952 468 2032 ἔφη
485 1949 608 2031 Ἑκάτη·
632 1947 728 2029 τὴνδ’
744 1952 794 2015 οὐκ
810 1951 954 2030 ἠμείβετο
968 1951 1051 2036 μόθιρ

247 2053 349 2132 Ῥείης
363 2054 493 2134 ἠΰκόμου
508 2054 650 2134 θυγάτηρ,
666 2051 737 2117 ἀλλ’
753 2051 815 2116 ῶκα
831 2054 887 2118 σὺν
902 2055 976 2140 αὐτῇ

248 2157 308 2237 ἥϊξ
324 2159 482 2238 αἰθομένας
497 2156 602 2224 δαίδας
616 2161 692 2236 μετὰ
706 2159 814 2240 χερσὶν
829 2158 952 2240 ἔχουσα.

248 2261 375 2326 Ἠέλιον
391 2259 416 2325 δ’
432 2263 542 2336 ίκοντο,
557 2265 636 2326 θεῶν
651 2266 767 2325 σκοπὸν
783 2260 836 2339 ἠδὲ
852 2261 901 2324 καί
915 2262 1041 2342 ἀνδρῶν,

251 2369 325 2429 στάν
341 2363 365 2428 δ’
383 2369 484 2428 ίππων
499 2361 683 2446 προπάροιθε
699 2365 747 2426 καὶ
763 2365 858 2445 είρετο
874 2367 924 2426 δῖα
939 2362 1045 2428 θεάων·

292 2465 401 2548 Ἠέλι’,
416 2468 560 2540 αἴδεσσαί
572 2493 610 2548 με
626 2470 698 2531 θεάν
714 2467 754 2531 σά
769 2493 834 2548 περ,
854 2467 883 2530 εί
896 2493 968 2532 ποτε
983 2467 1020 2549 δή
1036 2493 1091 2532 σευ

249 2569 267 2650 ἢ
285 2571 351 2636 έπει
366 2571 384 2650 ἢ
401 2573 478 2656 ἔργῳ
495 2572 617 2653 κραδίην
633 2568 682 2634 καί
696 2570 792 2651 θυμὸν
806 2571 884 2650 ίηνα·

250 2674 357 2756 κοόρην
371 2675 426 2754 τὴν
442 2675 554 2752 ἔτεκον,
570 2674 717 2757 γλυκερὸν
733 2675 840 2752 θάλος,
856 2675 930 2740 είδεϊ
945 2673 1063 2756 κυδρήν,

250 2783 302 2858 τῆς
318 2780 423 2859 ἀδινὴν
438 2778 487 2842 ὄπ’
503 2778 619 2841 ἀκουσα
634 2777 672 2842 δι’
687 2777 807 2859 αἰθέρος
823 2779 996 2861 ἀτρυγέτοιο

251 2885 290 2948 ὥς
305 2908 337 2947 τε
352 2881 542 2962 βιαζομένης,
559 2883 634 2962 ἀτὰρ
649 2882 700 2945 οὐκ
716 2883 781 2945 ίδον
796 2883 1013 2963 ὀφθαλμοῖσιν.

250 2984 333 3048 ἀλλά
348 2986 386 3048 σὺ
401 2985 458 3068 γὰρ
473 2983 509 3063 δὴ
526 2989 630 3049 πᾶσαν
645 2982 694 3048 ἐπὶ
708 2986 806 3068 χθόνα
822 2983 870 3050 καί
886 2991 961 3050 κατὰ
975 2987 1087 3051 πόντον

251 3088 368 3169 αἰθέρος
384 3091 416 3152 ἐκ
432 3090 498 3168 δίης
514 3087 704 3170 καταδέρκεαι
721 3089 887 3166 ἀκτίνεσσι,
1169 3113 1202 3164 70

251 3191 417 3272 νημερτέως
432 3218 484 3273 μοι
498 3192 606 3256 ένισπε
621 3192 714 3273 φίλου
729 3191 823 3267 τέκος,
839 3193 867 3257 εἰ
881 3217 938 3257 που
954 3195 1077 3260 ὄπωπας

252 3295 284 3360 ὅς
301 3319 347 3361 τις
364 3298 477 3377 νόσφιν
494 3298 578 3374 έμείο
593 3295 701 3375 λαβὼν
716 3295 865 3360 ἀέκουσαν
880 3296 995 3382 ἀνάγκῃ

252 3401 367 3481 οίχεται
383 3398 417 3476 ἠὲ
433 3403 511 3464 θεῶν
525 3396 544 3477 ἢ
561 3400 610 3462 καί
626 3403 741 3477 θνητῶν
757 3400 930 3482 ἀνθρώπων.

284 3578 316 3628 49
328 3561 344 3625 η
355 3561 465 3630 δεκάτοιο
477 3565 521 3623 Μ;
538 3566 643 3614 correxit
653 3566 785 3617 Ruhnken.
863 3581 891 3628 51
911 3565 1015 3630 φωνόλη
1027 3567 1073 3629 Μ’;
1091 3569 1203 3628 φαινολὶς

252 3642 383 3692 Ruhnken.
457 3640 491 3705 64
507 3641 561 3690 θέας
576 3641 634 3704 άπερ
648 3645 691 3705 Μ;
708 3642 764 3694 θεάν
777 3641 1003 3705 ov‘upLudnich.
1079 3657 1111 3710 γα
1126 3663 1201 3694 κατα·

252 3717 361 3780 δέρκεται
373 3719 417 3777 Μ;
434 3718 530 3768 emend.
542 3719 674 3771 Ruhnken.
742 3733 770 3785 71
785 3720 877 3769 ὄπωπεν
890 3722 934 3783 Μ;
950 3723 1046 3774 emend.
1060 3724 1191 3779 Ruhnken.
