2874 4234
538 371 566 440 5.
591 362 827 422 OAfflEIAz
859 364 893 424 Ε.
1124 361 1189 444 589

242 528 317 590 ἵστω
333 531 386 592 νῦν
400 531 469 593 τόδε
483 535 556 612 γαΐα
571 531 619 594 καὶ
635 530 758 612 οὐρανὸς
775 530 858 612 εὗρδς
873 533 984 612 ὕπερθε

243 627 290 694 καὶ
306 637 340 694 τὸ
360 635 575 712 κατειβόμενον
590 638 704 716 Στυγὸς
719 637 804 713 ὕδωρ,
821 637 855 700 ὅς
869 660 902 697 τε
916 636 1059 717 μέγιστος
1143 637 1188 712 ι’85

242 735 330 814 ὅρκος
344 737 515 802 δεινότατός
530 762 564 800 τε
579 738 667 802 πέλει
681 737 853 818 μακάρεσσι
870 742 978 816 θεοῖσι,

242 837 282 917 μή
297 839 328 900 τί
341 864 391 902 σοι
408 839 487 925 αὐτῷ
502 845 587 920 πῆμα
602 841 692 904 κακδν
707 841 916 922 βουλευσέμεν
930 841 1018 904 άλλο.

241 940 325 1003 ἀλλὰ
340 941 377 1004 τά
391 945 448 1022 μὲν
463 943 537 1006 νοέω
554 945 603 1007 καὶ
622 942 811 1024 φράσσομαι,
828 942 900 1006 ἅσσ’
917 942 954 1006 δν
970 943 1039 1022 ἐμοί
1053 967 1108 1024 περ

241 1042 316 1129 αὐτῇ
330 1046 486 1124 μηδοίμην,
502 1047 554 1108 ὅτε
568 1071 605 1126 με
620 1047 711 1130 χρειδ
728 1047 906 1111 τόσονίκοι·

242 1151 291 1212 καὶ
306 1152 364 1230 γὰρ
380 1151 446 1229 ἐμοὶ
461 1151 529 1215 νόος
544 1147 628 1214 ἐστίν
644 1151 807 1228 ἐναίσιμος,
823 1151 891 1214 οὐδέ
904 1176 955 1230 μοι
973 1150 1047 1238 αὐτῇ
1136 1177 1186 1230 ι9α

242 1257 332 1329 θυμὸς
349 1254 393 1318 ἐνὶ
409 1253 559 1331 στήθεσσι
573 1253 723 1335 σιδήρεος,
738 1255 807 1317 ἀλλ’
824 1252 989 1333 ἐλεήμων.”

277 1355 340 1423 *Ως
356 1357 413 1437 άρα
429 1357 590 1438 φωνήσασ’
606 1357 743 1441 ἡγήσατο
758 1363 807 1421 δῖα
822 1357 919 1422 θεάων

241 1463 445 1540 καρπαλίμως·
469 1464 485 1524 ό
500 1463 526 1526 δ’
542 1463 647 1526 ἔπειτα
661 1460 725 1541 μετ’
739 1465 823 1545 ἴχνια
838 1468 927 1542 βαῖνε
946 1465 1038 1526 θεοῖο.
1142 1465 1144 1472 ’

240 1562 306 1640 ἷξον
324 1567 358 1627 δέ
372 1571 479 1631 σπεῖος
495 1567 653 1648 γλαφυρὸν
670 1572 737 1632 θεὸς
752 1566 804 1645 ήδέ
821 1564 869 1628 καὶ
886 1563 969 1647 ἀνήρ,

240 1669 290 1730 καί
303 1668 334 1750 ῥ’
351 1670 439 1747 ὁμὲν
454 1670 526 1734 ένθα
541 1669 673 1747 καθέζετ’
689 1668 739 1734 ἐπὶ
756 1671 863 1750 θρόνου
878 1670 966 1735 ἐνθεν
980 1669 1091 1747 ιἰνέστη
1140 1695 1184 1746 ¹95

238 1769 388 1851 Ἑρμείας,
404 1774 505 1853 νύμφη
521 1771 549 1836 δ’
563 1775 656 1837 ἐτίθει
672 1771 751 1852 πάρα
768 1777 873 1837 πᾶσαν
888 1772 1010 1850 ἐδωδήν,

239 1875 342 1939 ἔσθειν
358 1877 406 1939 καὶ
422 1879 528 1949 πίνειν,
548 1877 597 1939 οἶα
611 1879 717 1956 βροτοὶ
732 1876 836 1956 ἄνδρες
851 1878 984 1940 ἔδουσιν·

237 1978 311 2056 αὐτῆ
327 1978 353 2041 δ’
370 1980 472 2042 ἀντίον
486 1980 549 2056 ἷζεν
563 1979 736 2056 Ὀδυσσῆος
751 1979 857 2056 θείοιο,

238 2084 273 2166 τῆ
289 2085 322 2145 δὲ
338 2082 406 2162 παρ’
423 2081 596 2162 άμβροσίην
611 2085 707 2167 δμῳαὶ
724 2083 773 2146 καὶ
789 2084 894 2160 νέκταρ
909 2083 1030 2160 ἔθηκαν.

238 2187 267 2246 οἱ
283 2184 308 2248 δ’
326 2185 372 2247 ἐπ’
387 2186 499 2249 ὀνείαθ’
514 2190 617 2266 ἑτοῖμα
634 2186 813 2265 προκείμενα
828 2191 932 2268 χεῖρας
946 2189 1067 2252 ἴαλλον.
1135 2215 1184 2250 ιοο

237 2288 329 2369 αὐτὰρ
344 2286 409 2352 ἐπεὶ
425 2288 583 2370 τάρπησαν
599 2291 720 2368 ἐδητύος
736 2289 789 2367 ῆδέ
805 2293 944 2368 ποτῆτος,

237 2398 300 2458 τοῖς
315 2391 372 2474 άρο
386 2394 488 2473 μόθων
502 2393 578 2476 ήρχε
594 2395 742 2475 Καλνψό,
759 2398 808 2458 δῖα
823 2393 930 2457 θεάων·

272 2501 302 2530 ’“
313 2501 456 2579 Διογενὲς
470 2497 647 2577 Λαερτιάδη,
664 2495 856 2580 πολυμήχαν’
870 2496 1031 2576 Ὀδυσσεῦ,

237 2600 313 2662 οὕτω
329 2600 365 2679 δή
381 2600 497 2664 οἶκόνδε
513 2602 610 2681 φίλην
628 2603 658 2667 ἐς
675 2601 801 2682 πατρίδα
815 2606 906 2683 γαῖαν

236 2703 341 2766 αὐτίκα
356 2709 409 2767 νῦν
425 2704 541 2772 ἐθέλεις
557 2704 657 2780 ίέναι,·
681 2707 720 2768 σὺ
735 2709 769 2768 δέ
784 2710 872 2788 χαῖρε
891 2706 939 2768 καὶ
955 2705 1061 2784 ἔμπης.
1136 2731 1182 2781 ²05

239 2809 317 2886 εἴγε
332 2809 387 2885 μέυ
402 2810 511 2885 εἰδείης
527 2810 603 2894 σῆσι
614 2807 726 2890 φρεσὶν
742 2809 824 2871 όσοο
842 2832 887 2871 τοι
904 2808 977 2872 αἶσα

237 2909 316 2987 κήδε’
332 2911 515 2990 ἀναπλῆσαι,
531 2909 600 2992 πρίν
616 2913 743 2994 πατρίδα
757 2918 847 2993 γαῖαν
868 2913 997 2989 ἱκέσθαι,

233 3013 341 3077 ἐνθάδε
358 3013 383 3076 κ’
397 3015 465 3078 αὖθι
479 3015 578 3095 μένων
593 3015 650 3079 σὺν
665 3017 730 3094 ἐμοὶ
745 3017 814 3080 τόδε
829 3021 913 3094 δῶμα
928 3014 1103 3094 φυλάσσοις

236 3116 384 3183 ἀθάνατός
399 3115 424 3179 τ’
440 3121 511 3197 εἴης,
532 3120 717 3200 ἱμειρόμενός
733 3144 789 3200 περ
806 3119 923 3182 ἰδέσθαι

236 3220 295 3298 σήν
310 3221 436 3304 άλοχου,
453 3225 505 3300 τῆς
520 3224 586 3286 αἰὲν
604 3224 722 3287 ἐέλδεαι
737 3221 835 3300 ἤματα
850 3221 959 3286 πάντα.
1135 3249 1183 3284 210

235 3319 269 3382 οὗ
284 3318 338 3400 μέν
354 3325 409 3399 θην
425 3322 523 3399 κείνης
538 3346 574 3400 γε
588 3322 715 3404 χερείων
731 3321 855 3405 εὔχομαι
872 3320 960 3398 εἶναι,

235 3423 268 3486 οὐ
284 3422 374 3500 δέμας
391 3425 457 3488 οὐδὲ
473 3424 562 3504 φυήν,
579 3414 644 3489 ἐπεὶ
660 3425 772 3491 οὔπως
788 3425 856 3487 οὐδὲ
873 3430 951 3488 ἔοικε

235 3525 344 3604 θνητὰς
360 3527 526 3614 ἀθανάτῃσι
542 3528 633 3608 δέμας
650 3525 696 3591 καί
714 3528 793 3594 εἶδος
809 3525 945 3608 ἐρίζειν.”

276 3629 341 3707 Τὴν
356 3629 380 3694 δ’
398 3632 642 3714 ἀπαμειβόμενος
658 3631 796 3713 προσέφη
812 3632 979 3713 πολύμητις
994 3631 1170 3698 Ὀδυσσεύς·

233 3739 253 3768 “
263 3737 359 3798 πότνα
375 3733 437 3812 θεά,
452 3735 493 3815 μή
508 3761 560 3814 μοι
576 3738 644 3801 τόδε
659 3737 749 3819 χόεο·
774 3736 841 3800 οἶδα
857 3735 906 3800 καὶ
922 3737 1009 3805 αὐτὸς
1135 3761 1181 3811 215
