2792 4232
277 375 339 441 300
590 362 637 430 15.
663 353 832 412 ΙΛΙΑΔΟΣ
856 352 894 410 Ο.

317 517 448 603 Ἀργεῖοι
464 519 489 584 δ’
503 517 664 598 ὑπέμειναν
679 517 814 591 ἀολλέες,
831 516 908 598 ῶρτο
923 517 950 580 δ’
968 516 1040 595 ἀῦτῆ

275 622 347 701 ὀξεῖ’
363 621 583 704 ἀμφοτέρωθεν,
601 623 660 686 ἀπδ
676 626 800 705 νευρῆφι
816 619 842 686 δ’
858 621 957 684 ὀϊστοὶ

276 729 419 803 θρῶσκον·
442 728 544 790 πολλὰ
560 727 593 789 δὲ
607 731 697 807 δοῦρα
713 723 882 807 θρασειάων
898 722 957 785 ἀπὸ
971 727 1082 804 χειρῶν

276 828 357 890 ἀλλα
370 831 426 908 μὲν
442 833 474 893 ἐν
488 829 559 912 χροῒ
573 827 695 910 πήγνυτ’
713 829 861 908 ἀρηϊθόων
876 826 996 904 αίζηῶν,
1167 850 1214 898 315

276 934 379 994 πολλὰ
394 934 426 994 δὲ
442 933 490 994 καὶ
504 931 653 1013 μεσσηγύ,
672 929 765 1012 πόρος
780 931 858 1012 χρόα
873 927 981 992 λενκδν
998 929 1146 1007 ἐπαυρεῖν,

213 1061 215 1065 s
276 1033 308 1093 ἓν
323 1032 394 1118 γαίῃ
409 1034 534 1096 ἵσταντο
547 1033 730 1114 λιλαιόμενα
743 1037 835 1114 χροὸς
850 1033 932 1096 ὅσοι.

276 1137 355 1216 όφρα
369 1137 425 1216 μὲν
440 1139 541 1219 αἰγίδα
557 1139 665 1220 χερσὶν
682 1137 726 1220 ἔχ’
744 1136 856 1217 ἀτρέμα
871 1140 988 1214 Φοῖβος
1003 1133 1175 1211 Ἀπόλλων,

220 1323 222 1330 y
276 1239 374 1319 τόφρα
388 1239 459 1318 μάλ’
477 1238 656 1321 ἀμφοτέρων
670 1237 758 1318 βέλε’
773 1239 895 1318 ῆπτετο,
911 1243 1002 1302 πῖπτε
1017 1241 1050 1301 δὲ
1065 1240 1148 1304 λαός.

277 1341 367 1422 αὐτὰρ
383 1343 449 1406 ἐπεὶ
465 1343 527 1406 κατ’
540 1345 643 1408 ε’νῶπα
658 1344 729 1407 ίδδν
746 1348 874 1406 Δαναῶν
890 1342 1078 1424 ταχυπώλων
1175 1365 1224 1412 320

277 1444 366 1520 σεῐσ’,
383 1446 433 1508 ἐπὶ
449 1445 473 1509 δ’
491 1446 578 1512 αύτδς
594 1446 670 1510 ἀύσε
684 1445 768 1526 μάλα
782 1445 869 1528 μέγα,
886 1451 967 1510 τοῖσι
982 1447 1015 1508 δὲ
1031 1444 1123 1523 θυμὸν

277 1549 310 1610 ἔν
326 1546 495 1626 στήθεσσιν
511 1547 625 1626 ἔθελξε,
642 1547 773 1612 λάθοντο
789 1553 822 1614 δὲ
838 1549 973 1629 θούριδος
989 1549 1092 1626 ἀλκῆς.

277 1653 305 1714 οἶ
322 1651 346 1714 δ’
363 1653 402 1718 ὥς
418 1653 442 1714 τ’
459 1653 493 1731 ήὲ
507 1655 594 1732 βοῶν
609 1652 723 1736 ἀγέλην
737 1651 756 1732 ῆ
775 1659 839 1716 πῶϋ
854 1652 919 1734 μέγ’
936 1654 1007 1715 οίῶν

277 1755 348 1831 θῆρε
364 1751 421 1814 δύω
441 1750 588 1814 κλονέωσι
602 1753 747 1831 μελαίνης
762 1751 865 1816 νυκτὸς
882 1752 1016 1835 ἀμολγῷ,

277 1850 394 1915 ἐλθόντ’
411 1851 553 1931 ἐξαπίνης
568 1852 756 1934 σημάντορος
771 1855 806 1916 οὔ
821 1854 994 1935 παρεόντος,
1170 1881 1218 1930 325

277 1956 316 2020 ῶς
332 1956 487 2036 ἐφόβηθεν
501 1957 622 2038 Ἀχαιοὶ
639 1956 805 2022 ἀνάλκιδες·
829 1959 862 2022 ἔν
876 1959 935 2039 γάρ
948 1957 1111 2020 Ἀπόλλων

276 2059 330 2138 ῆκε
345 2060 456 2139 φόβον,
472 2061 594 2141 Τρωσὶν
610 2062 642 2124 δὲ
658 2062 707 2126 καὶ
719 2059 843 2142 Ἕκτορι
860 2066 945 2125 κῦδος
961 2061 1080 2138 ὄπαζεν.

316 2161 413 2224 Ἔνθα
426 2163 453 2224 δ’
464 2163 543 2242 ,ἀνὴρ
560 2163 630 2228 ἕλεν
645 2163 738 2245 ἄνδρα
754 2162 953 2240 κεδασθείσης
967 2165 1102 2242 ὑσμίνης.

271 2264 389 2346 Ἕκτωρ
403 2267 459 2343 μὲν
472 2268 597 2349 ’Στιχίον
613 2293 645 2332 τε
661 2269 709 2330 καὶ
724 2267 927 2347 Ἀρκεσίλαον
943 2266 1065 2346 ἔπεφνε,

276 2369 329 2433 τὸν
343 2372 398 2449 μὲν
413 2375 552 2433 Βοιωτῶν
565 2369 699 2453 ἡγήτορα
712 2368 956 2451 χαλκοχιτώνων,
1171 2401 1220 2450 330

276 2473 328 2535 τδν
343 2475 375 2535 δὲ
392 2477 570 2551 Μενεσθῆος
584 2472 755 2554 μεγαθύμου
771 2470 880 2536 πιστδν
896 2475 1022 2553 ἑταῖρον·

277 2575 445 2641 Αίνείαςδέ
460 2574 601 2640 Μέδοντα
617 2575 666 2640 καὶ
678 2574 784 2639 Ἴασον
800 2572 980 2658 ἐξενάριξεν.

276 2678 295 2758 ῆ
312 2704 361 2742 τοι
380 2680 396 2743 ὁ
411 2681 467 2758 μὲν
482 2681 571 2746 νόθος
586 2679 649 2742 υἱὸς
662 2678 788 2755 Ὀϊλῆος
803 2679 896 2740 θείοιο

277 2781 349 2846 ,ἔσκε
370 2781 490 2857 Μέδων,
509 2785 638 2848 Αἴαντος
653 2781 811 2860 ἀδελφεάς·
833 2782 925 2863 αύτδρ
941 2782 1040 2846 ἔναιεν

276 2891 309 2950 ἔν
324 2885 449 2971 Φυλάκη
465 2887 553 2968 γαίης
568 2886 627 2948 άπο
646 2885 795 2965 πατρίδος,
812 2885 905 2965 ἀνδρα
922 2884 1078 2962 κατακτάς,
1167 2915 1218 2967 335

274 2988 390 3070 γνωτὸν
403 2993 545 3070 μητρυιῆς
558 2985 776 3067 Ἐριώπιδος,
759 3013 796 3066 ην
812 2987 856 3071 ἔχ’
872 2987 1004 3054 Ὀιλεύς·

273 3090 426 3156 Ἴασος
391 3089 452 3152 αυτ’
470 3092 562 3174 ἀρχὸς
576 3091 630 3169 μὲν
645 3087 845 3169 Ἀθηναίωνέ
847 3091 976 3167 τέτυκτο,

275 3195 338 3258 νιος
353 3195 385 3256 δ
401 3192 540 3275 Σφήλοιο
556 3191 630 3256 καλέ
631 3218 721 3256 σκετο
737 3197 930 3260 Βουκολίδαο.

276 3299 416 3375 Μηκιστῆ
432 3296 458 3361 δ’
474 3293 750 3375 ἔλεΠουλυδάμας,
769 3299 875 3381 Ἐχίον
890 3299 923 3362 δὲ
939 3298 1074 3377 Πολίτης

276 3400 375 3486 πρώτῃ
392 3402 425 3465 ἔν
439 3400 557 3484 ύσμίνη,
575 3399 705 3462 Κλονίον
720 3398 745 3464 δ’
763 3401 815 3464 ἕλε
831 3405 894 3466 δῖος
908 3398 1055 3481 Ἀγήνωρ.
1169 3431 1217 3481 340

277 3501 411 3585 Δηΐοχον
426 3506 458 3566 δὲ
474 3501 571 3584 Πάρις
585 3500 667 3581 βάλε
682 3503 801 3568 νείατον
816 3501 897 3577 ὦμον
913 3504 1021 3566 ὄπισθε

276 3604 415 3686 φεύγοντ’
431 3607 463 3668 ἔν
478 3603 673 3688 προμάχοισι,
689 3607 796 3688 διαπρδ
812 3609 844 3670 δὲ
859 3607 975 3689 χαλκὸν
991 3608 1135 3674 ἔλασσεν.

314 3705 407 3788 Ὄφρ’
422 3709 451 3769 οἱ
467 3706 534 3773 τοὺς
551 3708 685 3790 ἐνάριζον
701 3708 751 3773 ἀπ’
769 3709 863 3784 ἔντεα,
883 3710 982 3792 τόφρα
997 3712 1021 3774 δ’
1037 3711 1157 3792 Ἀχαιοὶ
