2788 4230
249 324 312 405 766
541 321 592 384 16.
614 321 847 384 οοτςςοικς
877 322 917 380 11.

248 494 284 573 δὴ
300 494 369 557 τότε
383 494 567 575 Τηλέμαχος
582 492 779 573 προσεφώνεε
798 495 863 556 δῖον
877 490 1027 571 ὑφορβόν·

247 602 264 629 “
275 597 361 675 ἄττα,
376 597 469 662 πόθεν
485 621 531 659 τοι
548 593 647 674 ξεῖνος
661 595 703 659 ὅδ’
719 597 823 669 ἴκετος
846 601 909 660 πῶς
924 593 958 658 δέ
973 597 987 658 ἑ
1002 597 1106 656 ναῦται

247 699 362 783 ἤγαγον
378 702 421 767 εἰς
436 697 555 776 Ἰθάκην
568 724 579 772 ;
603 701 682 764 τίνες
699 699 823 778 ἔμμεναι
838 697 1043 781 εὐχετόωνται

248 805 282 867 οὔ
297 807 353 885 μέν
369 803 470 886 γάρτί
485 806 500 866 ἔ
515 803 607 880 πεζὸν
621 800 722 881 ὀίομαι
739 798 837 866 ἐνθάδ’
853 799 998 864 ingeram?

290 907 353 972 Τὸν
368 908 392 971 δ’
409 906 654 987 ἀπαμειβόμενος
668 903 838 985 προσέφης,
855 904 968 982 Εὔμαιε
985 907 1117 982 συβῶτα·
1163 913 1198 963 60

248 1016 269 1046 “
279 1010 382 1093 τοιγὰρ
399 1011 458 1092 ἐγώ
475 1034 530 1085 τοι,
549 1008 661 1084 τέκνον,
678 1006 792 1086 ἀληθέα
808 1005 896 1072 πάντ’
913 1006 1076 1088 ἀγορεύσω.

248 1117 280 1178 ἐκ
295 1116 351 1194 μὲν
367 1113 510 1194 Κρητάων
527 1112 613 1195 γένος
629 1111 749 1194 εὔχεται
765 1109 915 1190 εὐρειάων,

247 1221 325 1298 φησὶ
341 1220 373 1281 δέ
389 1215 491 1280 πολλὰ
505 1222 624 1298 βροτῶν
640 1211 689 1278 ἐπὶ
704 1215 798 1279 ἄστεα
813 1216 966 1293 δινηθῆναι

247 1321 441 1400 πλαζόμενος·
466 1322 505 1386 ὣς
516 1319 574 1401 γάρ
590 1322 619 1382 οἱ
636 1318 811 1384 ἐπέκλωσεν
826 1316 864 1381 τά
877 1343 913 1399 γε
928 1318 1050 1396 δαίμων.

248 1429 301 1487 νῶν
315 1423 351 1485 οὔ
367 1427 563 1503 Θεσπρωτῶν
579 1423 694 1501 ἀνδρῶν
708 1420 789 1502 παρὰ
807 1427 878 1499 νηδς
894 1421 1025 1500 ἀποδρὰς

247 1525 333 1603 ἤλυθ’
349 1525 421 1604 ἐμὸν
437 1531 510 1607 πρὸς
525 1527 669 1602 σταθμόν,
685 1524 743 1604 ἐγὼ
760 1524 793 1588 δέ
809 1550 854 1588 τοι
874 1520 1051 1606 ἐγγυαλίξω·
1071 1577 1073 1582 .

248 1628 335 1710 ἔρξον
351 1631 432 1694 ὅπως
449 1630 574 1694 ἐθέλεις·
601 1628 699 1704 ἱκέτης
715 1627 748 1692 δέ
764 1653 811 1691 τοι
827 1626 946 1708 εὔχεται
958 1623 1064 1691 εἴναι.”

290 1732 353 1796 Τὸν
369 1732 394 1795 δ’
411 1732 447 1795 αὔ
461 1731 642 1814 Τηλέμαχος
658 1729 843 1811 πεπνυμένος
859 1731 960 1792 ἀντίον
974 1729 1058 1807 ηὔδα·

248 1841 269 1870 “
280 1835 394 1916 Εὔμαι’,
411 1835 430 1914 ἥ
444 1834 528 1914 μάλα
543 1839 630 1898 τοῦτο
646 1835 718 1900 ἔπος
735 1834 886 1914 θυμαλγὲς
902 1833 1009 1898 ἔειπες·

247 1945 309 2004 πῶς
325 1942 382 2022 γὰρ
399 1940 435 2018 δὴ
451 1939 504 2002 τὸν
520 1937 620 2017 ξεῖνον
635 1939 713 2020 ἐγὼν
727 1935 911 2019 ὑποδέξομαι
927 1937 998 2021 οἴκῳ
1011 1961 1022 2010 ;

248 2043 334 2109 αὐτὸς
349 2045 405 2123 μὲν
421 2041 488 2108 νέος
504 2041 563 2121 εἰμὶ
581 2039 629 2105 καὶ
645 2041 679 2104 οὔ
695 2067 740 2105 πω
756 2037 845 2125 χερσὶ
861 2041 992 2106 πέποιθα
1024 2101 1026 2105 .

247 2147 328 2229 ἄνδρ’
345 2147 566 2227 ἀπαμύνασθαι,
583 2146 634 2209 ὅτε
650 2171 695 2212 τις
710 2146 854 2227 πρότερος
868 2142 1037 2230 χαλεπήνῃ·

247 2249 335 2332 μητρὶ
351 2252 374 2316 δ’
393 2252 447 2335 ἐμῇ
463 2251 534 2332 δίχα
550 2254 641 2331 θνμδς
657 2246 699 2315 {vt
716 2246 808 2330 φρεσὶ
824 2248 1003 2329 μερμηρίζει,

247 2353 266 2434 ἢ
282 2357 371 2419 αὐτοῦ
387 2352 537 2434 παρ’·ἐμοί
550 2379 582 2417 τε
597 2355 670 2440 μένῃ
688 2351 736 2417 καὶ
751 2358 834 2432 δῶμα
850 2352 965 2437 κομίζῃ,

248 2457 336 2536 εὐνήν
351 2457 375 2519 τ’
393 2456 532 2536 αἰδομένη
549 2458 657 2522 πόσιος
671 2455 778 2535 δήμοιό
795 2483 827 2520 τε
841 2459 946 2538 φῆμιν,

247 2561 267 2640 ἦ
281 2559 337 2638 ἤδη
353 2560 402 2641 ἅμ’
419 2560 526 2638 έπηται
537 2559 671 2642 Ἀχαιῶν
686 2561 720 2626 ὅς
734 2586 779 2626 τις
794 2560 918 2642 ἄριστος

247 2668 355 2741 μνᾶται
372 2665 416 2728 ἐνὶ
432 2662 609 2746 μεγάροισιν
623 2663 697 2745 ἀνὴρ
714 2665 762 2727 καὶ
777 2669 910 2728 πλεῖστα
925 2665 1065 2752 πόρῃσιν.

248 2768 319 2832 ἀλλ’
334 2767 353 2848 ἦ
368 2794 415 2832 τοι
431 2773 484 2831 τδν
500 2766 607 2846 ξεῖνον,
624 2765 690 2832 ἐπεὶ
706 2768 774 2831 τεὸν
790 2769 980 2847 ίκετοδῶμα,

248 2873 332 2935 ἕσσω
347 2899 399 2952 μιν
413 2873 545 2954 χλαῖνάν
560 2897 592 2936 τε
608 2870 723 2954 χιτῶνά
737 2896 779 2946 τε,
795 2874 902 2953 εἵματα
917 2873 1005 2949 καλά,

248 2978 337 3040 δώσω
353 2979 385 3039 δέ
401 2975 489 3056 ξίφος
505 2975 641 3056 ἄμφηκες
657 2973 704 3037 καὶ
720 2978 816 3038 ποσσὶ
832 2976 952 3054 πέδιλα,

248 3079 360 3160 πέμψω
378 3077 403 3142 δ’
418 3081 501 3164 ὅππῃ
516 3104 568 3157 μιν
584 3080 687 3159 κραδίη
704 3080 796 3158 θυμός
811 3105 844 3145 τε
859 3081 984 3145 κελεύει.

248 3185 274 3247 εἰ
291 3180 315 3245 δ’
332 3184 458 3260 ἐθέλεις,
473 3183 511 3245 σὺ
527 3183 675 3261 κόμισσον
690 3180 734 3248 ἐνὶ
750 3189 932 3259 σταθμοῖσιν
943 3181 1058 3264 ἐρύξας·

249 3287 356 3364 εἵματα
371 3283 396 3348 δ’
412 3285 510 3350 ἐνθάδ’
527 3287 585 3369 ἐγὼ
602 3283 711 3366 πέμψω
727 3284 776 3350 καὶ
792 3292 879 3351 σῖτον
894 3286 1012 3350 ἅπαντα

250 3390 377 3468 ἔδμεναι,
396 3388 435 3454 ῶς
451 3389 488 3452 ἀν
503 3387 544 3469 μή
559 3415 596 3452 σε
615 3389 782 3476 κατατρύχῃ
795 3391 847 3455 καὶ
864 3392 1006 3471 ἑταίρους.

250 3499 332 3556 κεῖσε
348 3489 374 3555 δ’
388 3490 425 3555 ἀν
444 3492 478 3553 οὔ
490 3519 541 3571 μιν
559 3493 618 3575 ἐγό
634 3517 670 3575 γε
684 3493 760 3574 μετὰ
775 3497 947 3576 μνηστῆρας
964 3495 1036 3580 ἐῷμι

250 3597 404 3680 ἔρχεσθαι·
428 3595 500 3673 λίην
514 3599 571 3678 γάρ
590 3595 764 3662 ἀτάσθαλον
778 3600 868 3679 ὔβριν
884 3599 999 3682 ἔχουσι·

250 3698 291 3780 μή
305 3725 358 3779 μιν
372 3697 582 3782 κερτομέωσιν,
599 3702 665 3782 ἐμοὶ
681 3700 705 3766 δ’
722 3702 797 3785 ἄχος
813 3702 938 3768 ἔσσεται
953 3705 1046 3770 αἰνόν.
