2788 4230
469 340 517 406 16.
541 345 778 407 ΟΔΎΣΣΕΙΑΣ
801 346 843 404 Π.
1069 358 1132 426 771

183 518 290 578 κλαῖον
305 517 338 578 δὲ
355 513 475 593 λιγέως,
491 516 670 595 ἀδινώτερον
685 512 704 594 ἤ
720 513 744 575 τ’
759 514 870 588 οἰωνοί,

184 617 278 695 φῆνοι
292 612 311 694 ἢ
327 612 461 696 αἰγυπιοὶ
476 616 689 698 γαμψώνυχες,
706 616 771 678 οίσί
785 641 817 680 τε
833 616 922 680 τέκνα

176 719 307 800 ἀγρόται
323 717 477 798 ἐξείλοντο
493 719 588 801 πάρος
602 719 731 798 πετεηνὰ
748 718 902 798 γενέσθαι·

183 824 222 888 ὣς
238 823 295 904 ἄρα
310 825 359 886 τοί
373 821 399 902 γ’
415 825 548 888 ἐλεεινὸν
562 823 611 887 ὑπ’
622 823 735 905 ἀφρόσι
751 823 875 903 δάκρυον
891 823 987 904 εἶβον.

184 928 236 989 καί
250 927 285 991 νό
300 924 325 990 κ’
340 925 566 1006 ὀδυρομένοισιν
582 928 632 991 ἔδυ
648 927 725 1008 φάος
740 926 868 1006 ἠελίοιο,

184 1031 210 1093 εἰ
224 1029 265 1110 μή
279 1029 460 1113 Τηλέμαχος
478 1032 692 1112 προσεφώνεεν
709 1030 743 1094 δν
759 1032 860 1112 πατέρ’
876 1032 965 1113 αἶψα·

183 1235 298 1320 ἤγαγον
314 1240 356 1304 εἰς
371 1236 493 1317 Ἰθάκην
506 1263 517 1312 ,·
541 1240 620 1305 τίνες
638 1238 762 1319 ἔμμεναι
778 1239 962 1320 εὐχετόωντο
976 1264 986 1312 3

185 1339 219 1403 οὗ
233 1341 289 1420 μὲν
304 1340 361 1423 γάρ
377 1343 407 1403 τί
422 1368 459 1406 σε
474 1342 565 1418 πεζὸν
578 1340 681 1420 ὀίομαι
698 1340 798 1406 ἐνθάδ’
816 1339 962 1407 ἱκέσθαι.”

227 1443 290 1509 Τδν
306 1444 330 1508 δ’
345 1444 415 1508 αὖτε
429 1443 591 1526 προσέειπε
607 1444 761 1512 πολύτλας
777 1452 840 1511 δῖος
856 1444 1031 1512 Ὀδυσσεύς·
1123 1469 1132 1482 ·

185 1551 203 1582 “
214 1547 319 1628 τοιγὰρ
335 1548 394 1630 ε’γώ
410 1573 466 1622 τοι,
483 1545 595 1624 τέκνον,
612 1549 757 1628 ἀληθείην
773 1547 904 1627 καταλέξ
930 1596 937 1611 .

185 1651 316 1729 Φαίηκές
329 1650 361 1730 μ’
376 1651 491 1732 ἄγαγον
507 1652 709 1730 ναυσίκλυτοι,
726 1655 758 1717 οἵ
770 1678 803 1717 τε
815 1654 867 1716 καὶ
884 1653 998 1719 ἄλλους

185 1754 357 1836 ἀνθρώπους
375 1753 556 1834 πέμπουσιν,
572 1757 635 1822 ὅτις
650 1749 749 1837 σφέας
765 1757 969 1837 εἰσαφίκηται·

186 1859 238 1921 καί
249 1857 280 1936 μ’
296 1858 407 1922 εὕδοντ’
422 1860 455 1922 ε’ν
470 1857 520 1938 νηί
538 1860 594 1946 θοῇ
608 1860 659 1922 ἐπὶ
675 1859 786 1925 πόντον
801 1859 925 1936 ἄγοντες

187 1961 337 2026 κάτθεσαν
353 1964 396 2028 εἰς
412 1959 541 2039 Ἰθάκην,
558 1963 668 2044 ἔπορον
683 1963 717 2028 δέ
731 1989 781 2042 μοι
797 1963 899 2040 ἀγλαὰ
914 1968 1002 2044 δῶρα,
1079 1989 1080 1999 ’

184 2065 304 2147 χαλκόν
319 2089 351 2128 τε
366 2065 481 2148 χρυσόν
496 2091 528 2129 τε
544 2065 613 2132 δλις
629 2065 743 2144 ἔσθῆτά
758 2067 785 2128 θ’
800 2065 946 2146 ὑφαντήν.

187 2165 235 2232 καί
250 2171 288 2231 τὰ
303 2170 357 2246 μὲν
374 2170 407 2231 ἓν
422 2167 558 2247 σπήεσσι
575 2173 651 2233 θεῶν
668 2171 765 2248 ἰότητι
782 2170 908 2236 κέονται·

186 2276 239 2338 υῦν
255 2272 291 2335 αὖ
309 2269 387 2352 δεῦρ’
403 2271 507 2350 ἱκόμην
521 2273 787 2359 ὑποθημοσύνῃσιν
804 2272 940 2352 Ἀθήνης,

187 2378 269 2457 ὄφρα
283 2403 316 2440 κε
332 2374 533 2456 δυσμενέεσσι
548 2377 644 2458 φόνου
660 2376 728 2458 πέρι
743 2378 968 2458 βουλεύσωμεν.

187 2480 257 2543 ἀλλ’
273 2479 329 2562 ἄγε
342 2505 395 2559 μοι
409 2482 583 2561 μνηστῆρας
597 2479 764 2561 ἀριθμήσας
783 2480 959 2560 κατάλεξον,
973 2547 975 2554 ,

188 2584 257 2665 ὄφρ’
273 2584 357 2649 εἰδέω
373 2584 463 2648 ὅσσοι
478 2609 511 2650 τε
529 2585 579 2648 καὶ
595 2586 717 2652 οἵτινες
735 2585 837 2666 ἀνέρες
853 2587 927 2649 εἰσί·

188 2690 238 2751 καί
254 2713 306 2751 κεν
322 2687 485 2765 έμδνκατδ
501 2692 592 2768 θυμὸν
608 2687 742 2768 ἀμύμονα
756 2687 937 2769 μερμηρίξας

188 2789 373 2872 φράσσομαι,
389 2789 408 2869 ή
424 2816 475 2854 κεν
491 2797 545 2854 νῶϊ
560 2791 738 2871 δυνησόμεθ’
753 2791 969 2872 ἀντιφέρεσθαι

186 2888 284 2974 μούνω
299 2893 398 2958 ἄνευθ’
413 2893 526 2972 ἄλλων,
542 2893 560 2972 ή
573 2891 621 2958 καί
637 2895 806 2974 διζησόμεθ’
821 2893 964 2962 ἄλλους’

231 3001 293 3062 Τὸν
309 2999 333 3062 δ’
346 2998 382 3062 αὖ
396 2997 577 3080 Τηλέμαχος
592 2997 779 3078 πεπνυμένος
795 2999 897 3063 ἀντίον
912 2999 996 3076 ηὔδα·

189 3098 242 3164 “0⁹5
257 3100 360 3184 πάτερ,
378 3101 396 3181 ἦ
411 3127 457 3165 τοι
475 3106 541 3164 σείο
555 3100 633 3183 μέγα
649 3102 737 3169 κλέος
753 3102 818 3166 αἰὲν
834 3101 953 3180 ἄκουον,

187 3205 291 3289 χεῖράς
306 3206 331 3270 τ’
346 3206 496 3290 αἰχμητήν
512 3205 613 3287 ἔμεναι
630 3203 678 3270 καί
694 3207 843 3288 ἐπίφρονα
857 3205 985 3285 βουλήν·

189 3311 271 3373 ἀλλὰ
286 3311 357 3389 λίην
370 3309 449 3392 μέγα
464 3310 556 3376 εἶπες·
580 3309 638 3392 ἄγη
656 3309 686 3388 μ’
701 3311 775 3394 ἔχει·
792 3310 861 3376 οὐδέ
876 3337 927 3375 κεν
942 3315 987 3388 εἰη

189 3411 277 3495 ἄνδρε
292 3413 350 3476 δόω
366 3418 513 3477 πολλοῖσι
530 3409 578 3476 καὶ
594 3413 746 3495 ἰφθίμοισι
762 3415 924 3496 μάχεσθαι.

188 3513 367 3598 μνηστήρων
382 3517 407 3581 δ’
422 3517 483 3580 οὔτ’
497 3515 535 3599 ἄρ
553 3519 640 3582 δεκάς
656 3518 775 3596 ἀτρεκὲς
792 3518 859 3582 οὕτε
875 3518 922 3582 δύ’
939 3518 1009 3597 οἶαι,
1088 3543 1138 3598 σ45

189 3622 271 3684 ἀλλὰ
287 3619 365 3683 πολὺ
380 3619 515 3688 πλέονες·
539 3619 616 3704 τάχα
635 3620 660 3684 δ’
677 3624 774 3684 εἰσεαι
788 3621 888 3687 ἐνθάδ’
907 3624 1041 3705 ἀριθμόν.
1104 3689 1106 3694 ,

189 3725 222 3788 έκ
235 3725 292 3805 μὲν
309 3725 488 3808 Δουλιχίοιο
503 3725 561 3788 δύο
579 3721 627 3790 καί
643 3722 828 3804 πεντήκοντα
943 3749 944 3752 ’

632 3845 722 3896 CC2
