2834 4234
267 362 329 430 730
550 365 598 423 14.
621 350 856 410 οιςνςυικπ
888 349 924 409 Ξ.

266 517 384 596 τάμνων
400 518 493 598 δέρμα
508 518 614 595 βόειον
630 516 761 599 ἐϋχροές·
785 519 814 580 οἱ
830 520 862 580 δέ
877 517 913 595 δῆ
929 516 1021 579 ἀλλοι

266 620 372 707 ᾤχοντ’
388 622 514 687 ἄλλυδις
529 620 626 686 ἀλλος
642 620 691 700 ἀμ’
707 622 899 702 ἀγρομένοισι
916 621 1054 697 σύεσσιν,

266 729 295 789 οἱ
310 731 398 805 τρεῖς·
422 732 474 789 τὸν
489 728 520 788 δέ
536 726 678 805 τέταρτον
694 725 880 806 ἀποπροέηκε
895 725 1022 788 πόλινδε

268 834 324 893 σῦν
339 828 451 911 ἀγέμεν
466 832 654 909 μνηστῆρσιν
670 827 906 909 ὑπερφιάλοισιν
921 826 1047 912 ἀνάγκῃ,

267 930 336 1012 ὄφρ’
353 932 540 1012 ἱερεύσαντες
557 935 663 1012 κρειῶν
681 933 858 1012 κορεσαίατο
875 931 977 1011 θυμόν.

308 1034 471 1114 Ἐξαπίνης
487 1031 512 1099 δ’
527 1033 662 1113 Ὀδυσῆα
677 1036 741 1099 ίδον
756 1036 841 1100 κύνες
856 1036 1057 1115 ὑλακόμωροι.

268 1142 296 1202 οἱ
312 1142 367 1218 μὲν
383 1138 579 1221 κεκλήγοντες
595 1139 770 1219 ἐπέδραμον·
794 1137 886 1219 αὑτὰρ
900 1136 1069 1202 Ὀδυσσεὺς
1186 1161 1218 1208 30

268 1245 350 1320 ἕζετο
366 1244 538 1328 κερδοσύνῃ,
555 1245 707 1322 σκῆπτρον
722 1242 754 1305 δέ
771 1244 800 1305 οἱ
816 1243 928 1306 έκπεσε
944 1241 1056 1324 χειρός.

268 1348 340 1412 ἔνθα
355 1371 406 1409 κεν
422 1343 516 1432 ᾧπὸρ
532 1348 655 1428 σταθμῷ
671 1345 823 1410 ἀεικέλιον
839 1345 935 1410 πάθεν
951 1345 1054 1425 ἀλγος·

268 1453 350 1512 ἀλλὰ
366 1451 507 1530 συβώτης
525 1447 588 1514 ὦκα
605 1448 679 1513 ποσὶ
696 1455 868 1530 κραιπνοῖσι
887 1449 1051 1530 μετασπὼν

269 1554 371 1618 ἔσσυτ’
388 1551 444 1618 ἀνὸι
460 1553 616 1634 πρόθυρον,
632 1559 739 1618 σκὺτος
755 1552 788 1616 δέ
804 1556 833 1617 οἱ
848 1553 960 1617 ἔκπεσε
975 1553 1087 1635 χειρός.

269 1659 337 1722 τοὺς
348 1661 403 1737 μὲν
419 1656 593 1736 ὁμοκλήσας
610 1663 698 1721 σεῦεν
716 1658 804 1723 κύνας
816 1657 941 1722 ἄλλυδις
957 1656 1055 1719 ἀλλον
1187 1681 1218 1728 35

269 1763 416 1848 πυκνῇσιν
432 1766 619 1824 λιθάδεσσιν·
644 1763 660 1824 ὁ
676 1763 708 1824 δὲ
725 1759 906 1841 προσέειπεν
920 1759 1044 1826 ἀνακτα·

268 1863 320 1928 “ὁι
336 1866 435 1946 γέρον,
454 1865 472 1943 ἦ
488 1866 593 1948 ὀλίγου
609 1891 646 1928 σε
662 1865 746 1930 κύνες
761 1863 980 1944 διεδηλήσαντο

269 1967 421 2047 ἐξαπίνης,
438 1971 488 2032 καί
504 1969 554 2033 κέν
568 1995 620 2049 μοι
635 1969 793 2050 ἐλεγχείην
809 1966 982 2050 κατέχευας.

270 2074 319 2137 καὶ
335 2072 368 2136 δέ
382 2099 433 2151 μοι
449 2075 531 2136 ἀλλα
547 2071 608 2136 θεοὶ
624 2074 720 2137 δόσαν
735 2070 832 2154 ἀλγεά
847 2096 879 2136 τε
896 2068 1048 2155 στοναχάς
1064 2089 1105 2133 τε·

271 2177 406 2240 ἀντιθέου
421 2180 478 2258 γὰρ
494 2178 621 2242 ἄνακτος
636 2177 814 2257 ὀδυρόμενος
830 2171 877 2238 καὶ
894 2176 1011 2258 ἀχεύων
1187 2200 1220 2248 40

271 2281 352 2360 ῆμαι,
369 2282 511 2344 ἀλλοισιυ
526 2285 558 2343 δὲ
574 2282 650 2346 σύας
667 2279 790 2346 σιάλους
807 2276 960 2342 ἀτιτάλλω

272 2386 401 2464 έὸμενοι·
426 2385 516 2464 αὑτὸιρ
533 2389 628 2449 κεῖνος
645 2383 822 2461 ἐελδόμενός
838 2406 895 2446 που
910 2383 1022 2460 ἐδωδῆς

271 2486 393 2566 πλάζετ’
409 2485 455 2549 ἐπ’
472 2489 649 2568 ἀλλοθρόων
666 2489 781 2568 ἀνδρῶν
797 2486 891 2566 δῆμόν
906 2510 939 2550 τε
955 2486 1046 2548 πόλιν
1060 2511 1102 2560 τε,

273 2593 299 2654 εἴ
313 2617 371 2654 που
387 2592 431 2654 ἔτι
448 2591 515 2667 ζόει
531 2589 580 2654 καὶ
596 2592 651 2674 ὁρᾷ
667 2588 746 2671 φάος
761 2590 886 2670 ἠελίοιο.

273 2695 341 2757 ἀλλ’
358 2694 438 2770 ἕπεο,
455 2691 604 2773 κλισίηνδ’
619 2697 711 2772 ἴομεν,
727 2693 825 2775 γέρον,
842 2694 923 2774 ὄφρα
939 2695 988 2757 καὶ
1002 2693 1091 2759 αὑτὸς
1188 2719 1220 2768 45

274 2800 359 2861 σίτου
375 2795 423 2861 καὶ
439 2798 532 2862 οἴνοιο
549 2799 770 2878 κορεσσάμενος
788 2801 862 2860 κατὰ
878 2801 971 2876 θυμὸν

274 2902 358 2987 εἴπῃς
374 2904 508 2966 ὁππόθεν
523 2903 593 2965 ἐσσὶ
609 2902 658 2965 καὶ
674 2902 799 2965 ὁππόσα
814 2899 892 2979 κήδε’
908 2896 1060 2978 ἀνέτλης.”

310 3004 373 3071 Ὣς
388 3007 481 3070 είπὸιν
496 3004 643 3083 κλισίηνδ’
658 3004 795 3085 ἡγήσατο
811 3009 873 3070 δῖος
890 3005 1036 3085 ὑφορβός,

274 3111 357 3173 εἷσεν
373 3106 398 3173 δ’
414 3110 597 3191 εἰσαγαγών,
612 3111 713 3189 ῥῶπας
729 3106 754 3172 δ’
769 3108 896 3192 ὑπέχευε
912 3108 1044 3184 δασείας,

274 3213 434 3289 ἐστόρεσεν
450 3211 475 3277 δ’
491 3211 540 3277 ἐπὶ
555 3213 648 3293 δέρμα
663 3211 801 3279 ίονθάδος
816 3214 920 3294 ἀγρίου
936 3214 1031 3292 αίγός,
1190 3239 1222 3286 ικο

274 3317 363 3379 αὑτοῦ
378 3318 539 3393 ἐνεύναιον,
554 3316 631 3399 μέγα
648 3315 695 3381 καὶ
711 3317 795 3380 δασύ.
841 3322 928 3400 χαῖρε
944 3314 969 3380 δ’
983 3314 1150 3382 Ὀδυσσεὺς

275 3422 337 3484 ὅττι
352 3446 404 3498 μιν
419 3424 459 3488 ὁς
475 3421 628 3499 ὑπέδεκτο,
645 3421 716 3487 ἔπος
731 3419 757 3484 τ’
773 3421 859 3502 ἔφατ’
877 3422 910 3486 έκ
926 3419 950 3483 τ’
965 3422 1103 3500 ὀνόμαζε·

275 3531 294 3560 “
308 3526 381 3592 Ζεύς
397 3552 443 3589 τοι
458 3529 535 3604 δοίη,
552 3524 639 3604 ξεῖνε,
656 3528 704 3589 καὶ
720 3526 864 3589 ἀθάνατοι
880 3526 942 3588 θεοὶ
957 3524 1050 3588 ἄλλοι

276 3632 339 3694 ὁττι
352 3626 475 3709 μάλιστ’
495 3628 620 3706 ἐθέλεις,
636 3630 682 3693 ὁτι
698 3655 735 3709 με
751 3630 895 3709 πρόφρων
910 3625 1068 3708 ὑπέδεξο.”

317 3739 379 3799 Τδυ
393 3730 418 3796 δ’
433 3733 677 3812 ἀπαμειβόμενος
691 3733 857 3813 προσέφης,
874 3733 988 3813 Εύμοιε
1004 3738 1136 3809 συβῶτα·
1192 3759 1223 3806 55
