2760 4232
266 377 350 434 1004
578 360 894 422 ΕΠΙΓΡΑΜΜΑΤΑ.

264 526 353 606 ἄγρια
368 526 509 606 φάρμακα
524 525 635 606 βάλλε,
656 525 746 590 κάκου
761 524 788 590 δ’
803 526 908 593 αύτούς
923 553 955 591 τε
972 527 1020 590 καὶ
1035 526 1118 608 ἔργα.

263 633 349 709 δεῦρο
366 632 397 693 δὲ
415 627 463 692 καὶ
477 630 597 709 Χείρων
612 630 710 711 ἀγέτω
726 630 840 696 πολέας
857 630 1041 710 κενταύρους,

263 735 294 795 οἵ
308 729 335 795 θ’
349 731 521 813 Ἡρακλῆος
536 739 639 816 χεῖρας
656 735 763 816 φύγον,
779 735 809 797 οἵ
823 731 848 796 τ’
864 735 1024 798 ἀπόλοντο·

262 837 401 902 τύπτοιεν
416 837 485 901 τάδε
502 837 574 919 ἔργα
591 844 696 915 κακῶς,
710 839 816 901 πίπτοι
832 840 863 902 δὲ
880 836 1013 917 κύμινος,

262 940 344 1004 αὐτοὶ
360 939 385 1003 δ’
401 943 578 1020 οἰμώζοντες
593 940 708 1027 ὁρῷατο
723 943 797 1024 έργα
812 940 937 1022 πονηρά·

260 1043 385 1124 γηθήσω
401 1042 426 1108 δ’
442 1046 537 1125 ὁρόων
552 1047 649 1111 αὐτῶν
665 1045 862 1125 κακοδαίμονα
878 1044 998 1128 τέχνην.

261 1145 294 1212 δς
313 1148 346 1210 δέ
361 1146 391 1230 χ’
408 1149 577 1235 ὑπερκύψῃ,
594 1148 664 1230 πυρὶ
679 1150 783 1214 τούτου
799 1153 860 1214 πᾶν
876 1149 911 1212 τὸ
925 1149 1089 1230 πρόσωπον

261 1254 422 1333 φλεχθείη,
439 1253 478 1317 ὡς
493 1252 605 1318 πάντες
621 1250 788 1322 ἓπίσταιντ’
804 1255 911 1332 αἴσιμα
925 1252 1031 1334 ῥέζειν.

689 1611 777 1683 XV.

622 1815 835 1913 Εἶρεσιώνη.

304 1997 399 2070 Δῶμα
414 1989 694 2071 προσετραπόμεσθ’
712 1991 818 2074 ἀνδρὸς
833 1991 911 2073 μέγα
926 1990 1110 2069 δυναμένοιο,

258 2093 290 2160 δς
305 2095 383 2176 μέγα
398 2098 453 2175 μὲν
468 2097 603 2174 δύναται,
620 2095 698 2176 μέγα
713 2091 746 2160 δέ
761 2095 869 2176 πρέπει
885 2097 993 2176 ὄλβιος
1008 2097 1075 2158 αἰεί.

258 2197 341 2261 αύταὶ
358 2200 559 2263 ἆνακλίνεσθε
576 2200 671 2279 θύραι·
694 2204 823 2266 πλοῦτος
840 2203 898 2282 γὰρ
915 2198 1014 2262 έσεισι

258 2303 384 2379 πολλός,
401 2303 457 2366 σὺν
473 2303 594 2387 πλούτῳ
611 2305 644 2366 δὲ
659 2305 707 2366 καὶ
725 2304 895 2385 εὐφροσύνη
911 2305 1062 2377 τεθαλυῖα,

258 2405 357 2486 εἰρήνη
374 2404 398 2469 τ’
414 2405 520 2488 ἀγαθή·
545 2409 605 2470 ὅσα
621 2405 646 2471 δ’
662 2406 768 2490 ἄγγεα,
784 2407 881 2485 μεστὰ
896 2409 950 2485 μὲν
968 2409 1024 2484 εἴη,
1191 2436 1205 2482 5

258 2513 385 2590 καρβαίη
402 2509 427 2573 δ’
443 2509 501 2575 αἰεὶ
517 2515 591 2575 κατδι
607 2513 757 2593 καρδόπου
775 2513 859 2593 έρποι
873 2510 961 2591 μάζα,

257 2619 309 2678 νῦν
324 2618 379 2693 μὲν
396 2615 531 2696 κριθαίήν
548 2613 677 2679 εύιύπιδα
693 2616 924 2700 σησαμόεσσαν,

386 2743 407 2782 λ-
581 2743 601 2786 *
776 2741 796 2786 *
971 2741 991 2784 *

256 2827 277 2872 *
295 2837 347 2893 τοῦ
365 2831 472 2896 παιδὸς
487 2834 519 2896 δέ
534 2831 609 2912 γυνή
625 2834 700 2894 κατὰ
715 2830 844 2911 διφρύδα
862 2829 992 2912 βήσεται
1008 2829 1106 2909 ύμμιν.

255 2935 372 3012 ἡμίονοι
389 2933 414 2998 δ’
428 2936 534 3014 ἄξουσι
552 2938 746 3018 κραταίποδες
762 2937 792 3002 ές
807 2938 877 2999 τόδε
894 2941 985 3013 δῶμα·

255 3037 277 3075 44
293 3039 365 3118 αύτή
381 3037 406 3101 δ’
423 3041 509 3102 ἱστδν
523 3041 646 3120 ὑφαίνοι
667 3036 713 3103 ἔπ’
728 3038 861 3125 ἠλέκτρῳ
876 3045 1018 3121 βεβαυῖα.
1172 3068 1204 3103 ιο

255 3141 363 3219 νεῦμαύ
376 3167 431 3219 τοι,
447 3147 551 3222 νεῦμαι
568 3143 724 3218 ένιαύσιος,
742 3145 781 3210 ὥς
797 3171 830 3208 τε
844 3145 976 3228 χελιδὼν

255 3242 354 3321 ἕστηκ’
370 3246 402 3306 ἓν
418 3247 574 3326 προθύροις
590 3245 670 3329 ψιλὴ
689 3249 793 3314 πόδας·
817 3249 899 3310 ἀλλὰ
914 3245 983 3327 φέρ’
998 3249 1077 3330 αἶψα

255 3347 400 3427 *πέρσαι
416 3351 457 3434 τῷ
472 3347 649 3414 Ἀπόλλωνι
665 3349 823 3432 γυιύτιδος.

255 3493 312 3569 καί,

255 3641 281 3702 εἰ
296 3641 350 3719 μέν
365 3667 392 3704 τι
409 3642 527 3706 δύσεις·
551 3645 578 3707 εἰ
593 3645 625 3706 δὲ
639 3641 691 3722 μή,
708 3641 763 3727 ούχ
779 3642 952 3723 έοτήξομεν·

254 3744 359 3825 οὐγὰρ
375 3743 605 3820 συνοικήσοντες
621 3745 722 3812 ἐνθάδ’
734 3747 877 3826 ἤλθομεν.
