2848 4296
505 326 555 420 αι.
579 329 750 390 mmm
773 329 806 391 ν.
1061 336 1124 408 377.

186 497 255 578 ἀμφὶ
271 497 341 577 πυρὶ
357 499 469 575 στήσαι
485 499 612 577 τρίποδα
625 493 732 579 μέγαν,
749 497 829 577 ὄφρα
844 492 974 578 τάχίστα
997 501 1003 510 “
1022 537 1023 542 1
1086 503 1089 511 ”

186 598 358 681 Πάτροκλον
372 600 518 665 λούσειαν
533 600 594 664 ἀπο
608 599 722 682 βρότον
737 601 926 680 αἱματόεντα.
1077 620 1125 672 ³45

185 704 210 765 οἱ
225 704 256 765 δέ
270 703 455 785 λοετροχόον
470 702 584 784 τρίποδ’
601 705 733 768 ἵστασαν
749 705 782 766 ἐν
797 704 866 783 πυρὶ
887 699 995 786 κηλέῳ,

187 809 215 869 ἐν
229 803 258 884 δ’,
270 806 315 888 ἀρ’
331 807 409 888 ὕδωρ
425 806 524 890 ἔχεαν,
540 807 598 871 ὑπὸ
614 809 646 871 δέ
662 805 739 885 ξύλα
754 811 839 871 δαῖον
855 806 984 870 ἑλόντες.

185 907 313 991 γάστρην
326 911 383 989 μὲν
399 912 538 990 τρίποδος
552 915 610 992 πῦρ
626 910 757 991 ἀμφεπε,
773 908 898 990 θέρμετο
911 906 936 971 δ’
951 908 1039 987 ὕδωρ·

186 1013 271 1094 αὐτὰρ
287 1014 353 1077 ἐπεὶ
369 1013 406 1093 δὴ
423 1014 533 1090 ζέσσεν
548 1015 625 1095 ὕδωρ
641 1015 686 1078 ἐνὶ
701 1012 791 1092 ήνοπι
805 1013 920 1096 χαλκῷ,
940 1085 944 1094 1

186 1117 230 1180 καὶ
244 1119 313 1182 τότε
328 1118 364 1197 δή
382 1116 499 1182 λοῦσάν
514 1142 547 1181 τε
563 1119 613 1182 καὶ
628 1116 762 1199 ἤλειψαν
776 1117 840 1181 λίπ’
857 1115 961 1200 ἐλαίῳ,
1079 1138 1129 1186 350

186 1222 216 1285 ἐν
230 1219 253 1283 δ’
272 1221 398 1287 ἀτειλάς
413 1224 538 1300 πλῆσαν
554 1223 720 1302 ἀλείφατος
736 1221 900 1300 ἐννεώροιο·

185 1325 216 1388 ἐν
229 1323 376 1406 λεχέεσσι
392 1324 425 1388 δὲ
441 1323 544 1390 θέντες
559 1326 637 1410 ἑανῷ
652 1325 715 1387 λιτὶ
730 1323 872 1405 κάλυψαν
907 1401 910 1408 Ι

186 1429 214 1492 ἐς
229 1428 323 1493 πόδας
340 1429 372 1490 ἐκ
389 1430 533 1509 κεφαλῆς,
552 1427 718 1508 καθύπερθε
732 1429 765 1490 δέ
781 1426 872 1507 φάρεϊ
887 1427 993 1508 λευκῷ.

186 1532 342 1613 παννύχιοι
355 1532 412 1611 μὲν
428 1531 533 1595 ἔπειτα
547 1533 641 1597 πόδας
656 1529 750 1613 ταχὺν
766 1529 839 1610 ἀμφ’
856 1529 989 1612 Ἀχιλῆα

186 1635 372 1714 Μυρμιδόνες
388 1633 568 1715 Πάτροκλον
583 1632 823 1716 ἀνεστενάχοντο
840 1638 979 1715 γοῶντες·
1081 1655 1128 1704 355

187 1737 259 1803 Ζεὺς
274 1735 300 1801 δ’
311 1736 413 1818 Ἥρην
428 1736 593 1819 προσέειπε
609 1735 794 1820 κασιγνήτην
809 1737 927 1819 ἀλοχόν
942 1756 984 1800 τε·

186 1847 202 1875 “
213 1839 343 1922 ἔπρηξας
359 1841 409 1906 καὶ
425 1841 540 1917 ἔπειτα,
556 1847 674 1921 βοῶπις
691 1841 801 1906 πότνια
812 1838 904 1921 Ἥρη,

186 1942 353 2023 ἀνσπήσασ’
368 1944 501 2027 Ἀχιλῆα
516 1946 611 2012 πόδας
625 1943 728 2028 ταχύν·
752 1942 771 2023 ή
784 1942 823 2026 ῥά
838 1969 872 2008 νυ
891 1947 958 2006 σεῖο

142 2075 144 2082 s
186 2045 220 2126 ἐξ
233 2047 323 2127 αύτής
339 2047 479 2130 ἐγένοντο
495 2048 568 2129 κάρη
585 2049 751 2128 κομόωντες
767 2043 913 2129 Ἀχαιοί.”

226 2153 290 2216 Τὸν
304 2152 330 2216 δ’
345 2151 479 2233 ἠμείβετ’
497 2153 601 2217 ἔπειτα
615 2157 734 2232 βοῶπις
749 2151 857 2216 πότνια
869 2148 961 2230 Ἥρη·
1084 2160 1133 2219 360

186 2262 205 2292 “
215 2257 353 2320 αίνόπατε
370 2256 509 2338 Κρονίδη,
526 2261 615 2322 ποῖον
629 2255 682 2319 τάν
696 2259 791 2336 μῦθον
807 2255 916 2320 ἔειπες.

186 2362 234 2423 καὶ
248 2361 305 2439 μὲν
320 2359 355 2438 δή
371 2359 430 2424 πού
444 2385 490 2426 τις
505 2358 614 2440 μέλλει
629 2359 740 2441 βροτός
755 2359 839 2439 ἀνδρὶ
855 2344 1012 2430 τελέσσαι,

186 2465 290 2553 όςπερ
306 2465 414 2542 θνητός
430 2461 455 2526 τ’
472 2465 538 2528 ἐστὶ
555 2465 604 2528 καὶ
620 2464 654 2527 ού
670 2465 747 2527 τόσα
761 2460 857 2542 μήδεα
874 2461 946 2526 οἶδε·

188 2574 249 2635 πῶς
263 2568 300 2648 δή
316 2566 374 2650 ἐγῶ
390 2565 428 2650 γ’,
442 2565 462 2648 ἥ
476 2572 556 2648 φημι
572 2562 669 2635 θεάων
682 2564 775 2646 ἔμμεν
790 2565 907 2646 ἀρίστη,

187 2666 370 2748 ἀμφότερον,
386 2668 475 2754 γενεῇ
492 2691 524 2730 τε
540 2668 590 2730 καὶ
606 2670 712 2731 οὕνεκα
728 2668 768 2747 σὴ
785 2667 960 2749 παράκοιτις
1087 2679 1135 2741 365

186 2768 342 2850 κέκλημαι,
359 2771 397 2833 σὺ
413 2771 445 2834 δὲ
460 2773 537 2834 πᾶσι
551 2771 615 2850 μετ’
632 2771 829 2836 ἀθανάτοισιν
849 2770 1005 2847 ἀνάσσεις,

185 2873 238 2937 ούκ
256 2876 373 2955 ὄφελον
386 2875 529 2956 Τρώεσσι
546 2873 754 2955 κοτεσσαμένη
772 2875 847 2938 κακά
863 2873 980 2957 ῥάψαι;
993 2871 1011 2898 ”

223 2975 287 3044 Ὠς
303 2980 332 3041 οἱ
345 2979 401 3057 μέν
417 2983 539 3043 τοιαῦτα
554 2978 628 3058 πρὸς
644 2978 798 3056 ἀλλήλους
814 2978 968 3060 ἀγόρευον·

184 3079 362 3163 Ἡφαίστου
377 3079 403 3144 δ’
419 3079 504 3150 ἵκανε
520 3082 613 3162 δόμον
628 3081 718 3156 Θέτις
734 3081 920 3164 ἀργυρόπεζα

185 3185 317 3265 ἄφθιτον
333 3185 525 3266 ἀστερόεντα,
541 3184 727 3266 μεταπρεπέ’
744 3182 932 3258 ἀθανάτοισι,
1090 3206 1138 3258 ³70

183 3280 329 3370 χάλκεον,
347 3287 389 3351 ἀν’
406 3286 432 3371 ῤ’
450 3288 538 3353 αὐτὸς
553 3288 703 3366 ποιήσατο
719 3286 937 3351 κυλλοποδίων.

184 3396 239 3455 τὸν
254 3389 280 3455 δ’
298 3389 357 3472 εὗρ’
374 3391 519 3472 ἱδρύοντο
534 3391 738 3470 ἑλισσόμενον
752 3389 819 3472 περὶ
835 3389 936 3470 φύσας

186 3494 368 3559 σπεύδοντα·
393 3494 535 3576 τρίποδας
549 3496 607 3575 γάρ
623 3494 737 3556 ἐείκοσι
753 3491 867 3557 πάντας
887 3491 1009 3574 ἔτευχεν

185 3597 352 3677 ἑστάμεναι
367 3595 436 3679 περὶ
451 3602 556 3680 τοῖχον
572 3594 735 3661 ἐϋσταθέος
748 3594 901 3677 μεγάροιο,

183 3703 304 3783 χρύσεα
320 3699 353 3764 δέ
369 3699 424 3781 σφ’
440 3700 498 3765 ὑπὸ
515 3699 610 3762 κύκλα
627 3696 743 3784 ἑκάστῳ
759 3696 886 3779 πυθμένι
901 3702 1001 3776 θῆκεν,
1092 3720 1138 3772 375
