2834 4234
264 371 325 437 732
546 374 595 433 14.
618 360 853 419 ΟΔΎΣΣΕΙΑΣ
883 358 921 421 Ξ.

263 527 311 589 καὶ
326 529 382 606 μὲν
396 530 459 592 ταῖς
475 529 578 593 όπιδος
594 534 733 609 κρατερὸν
748 529 814 595 δέος
830 531 863 592 ἐν
879 530 972 610 φρεσὶ
988 531 1100 594 πίπτει.

262 631 326 692 αίδε
341 628 375 693 δέ
390 655 436 692 τοι
451 630 549 708 ἴσασι,
564 634 633 695 θεοῦ
649 633 683 697 δέ
697 629 752 696 τιν’
768 632 875 696 έκλυον
892 631 992 710 αὐδήν,

262 733 362 796 κείνου
376 739 489 815 λυγρὸν
504 735 640 815 ὄλεθρον,
656 736 673 796 ό
687 733 714 796 τ’
728 735 781 799 οὐκ
797 735 938 800 ἐθέλουσι
954 737 1076 803 δικαίως
1173 765 1208 817 90

260 840 393 914 μνᾶσθαι
409 838 475 900 οὐδὲ
491 836 613 901 νέεσθαι
629 839 679 901 ἐπὶ
695 836 828 919 σφέτερ’,
845 841 927 902 άλλδ
943 839 1048 917 έκηλοι
1147 863 1151 871 ’

262 938 394 1018 κτήματα
410 940 630 1023 δαρδάπτουσιν
643 943 802 1022 ὑπέρβιον,
816 941 876 1006 οὐδ’
890 943 941 1006 έπι
956 943 1061 1022 φειδό.

261 1046 354 1108 ὅσσαι
369 1043 425 1126 γάρ
443 1046 545 1110 νύκτες
560 1070 592 1110 τε
608 1047 657 1109 καὶ
672 1045 778 1128 ἡμέραι
797 1047 829 1109 ἐκ
849 1047 924 1112 Διός
939 1049 1028 1123 εἰσιν,

261 1149 295 1208 ού
310 1145 378 1211 ποθ’
393 1149 426 1212 ἐν
443 1146 570 1229 ίρεύουσ’
586 1147 705 1230 ἱερήϊον,
725 1150 792 1214 οὐδὲ
808 1147 851 1213 δύ’
866 1150 897 1212 οί
921 1167 927 1182 ·

260 1253 342 1316 οἶνον
357 1255 389 1317 δέ
403 1253 600 1334 φθινύθουσιν
614 1253 761 1334 ὑπέρβιον
776 1252 968 1334 ἐξαφύοντες.
1173 1283 1207 1334 95

260 1356 279 1435 ἦ
294 1356 351 1437 γάρ
367 1358 396 1419 οί
413 1354 470 1434 ζωή
485 1355 514 1437 γ’
529 1356 566 1436 ἦν
580 1357 720 1423 ἄσπετος·
744 1357 778 1420 ού
792 1383 852 1422 τινι
867 1360 965 1436 τόσση

260 1463 375 1540 ἀνδρῶν
389 1460 502 1541 ἡρώων,
517 1459 576 1524 οὔτ’
591 1460 725 1543 ἠπείροιο
740 1463 885 1541 μελαίνης

260 1561 319 1626 οὔτ’
331 1565 420 1641 αὐτῆς
434 1561 561 1643 Ἰθάκης·
584 1565 652 1628 οὐδὲ
667 1563 835 1644 ξυνεείκοσι
850 1572 960 1646 φωτῶν

260 1665 323 1730 ἔστ’
339 1667 451 1748 ἄφενος
467 1673 643 1732 τοσσοῦτον·
666 1671 726 1752 ἐγὼ
742 1668 775 1732 δέ
791 1668 825 1732 κέ
839 1694 885 1732 τοι
902 1669 1033 1748 καταλέξ
1057 1719 1063 1732 .

260 1770 362 1834 δώδεκ’
377 1773 410 1835 ἐν
425 1772 535 1856 ἠπείρῳ
552 1773 671 1853 ἀγέλαι·
694 1773 772 1837 τόσα
788 1772 872 1836 πόεα
887 1774 967 1848 οίῶν,
1158 1799 1207 1836 100

260 1877 359 1938 τόσσα
375 1881 458 1940 αυῶν
473 1876 618 1955 συβόσια,
634 1874 699 1938 τόσ’
714 1876 841 1939 αἰπόλια
855 1876 964 1943 πλατέ’
978 1879 1073 1960 αἰγῶν

260 1981 412 2056 βόσκουσι
428 1978 523 2057 ξεῖνοί
534 2005 567 2044 τε
584 1981 632 2044 καὶ
648 1980 737 2043 αὐτοῦ
753 1981 886 2062 βώτορες
902 1982 1015 2064 ἄνδρες.

261 2083 367 2148 ἐνθάδε
381 2083 407 2147 δ’
423 2085 549 2148 αἰπόλια
564 2082 674 2148 πλατέ’
689 2087 784 2167 αἰγῶν
800 2087 906 2149 ἕνδεκα
921 2085 1019 2149 πάντα

261 2187 388 2274 ἐσχατιῇ
403 2186 557 2268 βόσκοντ’,
573 2185 622 2251 ἐπὶ
639 2186 664 2250 δ’
680 2187 784 2267 ἀνέρες
799 2190 908 2253 ἐσθλοὶ
923 2191 1053 2270 ὄρονται,

260 2297 319 2353 τῶν
335 2293 395 2354 αίεί
409 2298 487 2372 σφιν
501 2291 627 2357 ἕκαστος
643 2289 688 2354 ἐπ’
704 2290 793 2370 ἤματι
808 2295 907 2371 μῆλον
923 2295 1031 2374 ἀγινεῖ,
1160 2321 1206 2368 ¹05

261 2394 431 2474 ζατρεφέων
446 2395 540 2475 αἰγῶν
556 2395 587 2459 ός
602 2418 648 2459 τις
664 2396 808 2474 φαίνηται
822 2395 955 2476 άριστος.

259 2496 352 2578 αὐτὰρ
368 2498 427 2578 ἐγὼ
447 2501 501 2562 σῢς
516 2496 609 2560 τάσδε
624 2497 776 2577 φυλάσσω
792 2524 824 2561 τε
839 2498 949 2580 ῥύομαί
965 2523 1008 2575 τε,

261 2603 311 2664 καί
325 2609 384 2683 σφι
400 2606 481 2665 σνῶν
496 2606 548 2663 τὸν
564 2600 688 2682 άριστον
703 2599 736 2664 ἐύ
752 2603 852 2681 κρίνας
867 2599 1062 2678 άποπέμπω.”

297 2705 360 2771 Ὣς
376 2704 459 2786 φάθ’,
476 2706 492 2767 ὁ
507 2703 532 2768 δ’
548 2705 689 2771 ἐνδυκέως
709 2705 779 2787 κρέα
795 2704 819 2768 τ’
836 2704 925 2783 ἤσθιε
941 2705 1010 2769 πῖνέ
1024 2730 1058 2769 τε
1072 2706 1153 2768 οἶνον

260 2809 418 2889 ἁρπαλέως
435 2807 540 2887 ἀκέων,
556 2809 631 2872 κακὰ
647 2812 680 2873 δέ
695 2809 864 2889 μνηστῆρσι
880 2807 1017 2889 φύτευεν.
1160 2835 1207 2872 110

259 2912 350 2994 αὐτὰρ
366 2909 431 2975 ἐπεὶ
446 2914 589 2992 δείπνησε
605 2914 654 2976 καὶ
668 2912 759 2994 ἤραρε
774 2918 866 2992 θυμὸν
882 2913 984 2996 ἐδωδῇ,

261 3020 311 3080 καί
324 3018 353 3079 οἱ
369 3016 563 3096 πλησάμενος
579 3023 656 3081 δῶκε
671 3018 798 3097 σκύφον,
815 3014 838 3101 φ
855 3042 910 3097 περ
928 3015 1041 3093 ἔπινεν,

260 3121 341 3183 οἴνου
356 3119 516 3184 ἐνίπλειον·
540 3122 556 3183 ὁ
572 3118 597 3183 δ’
614 3119 747 3198 ἐδέξατο,
761 3126 847 3204 χαῖρε
863 3121 896 3183 δέ
911 3121 1002 3204 θυμῷ,

260 3226 309 3285 καί
323 3248 375 3300 μιν
391 3223 536 3304 φωνήσας
551 3226 625 3289 έπεα
641 3226 803 3306 πτερόεντα
818 3225 982 3305 προσηύδα·

261 3325 313 3391 “‹7›
330 3329 413 3408 φίλε,
429 3331 474 3394 τίς
489 3328 547 3410 γάρ
563 3355 599 3392 σε
615 3329 722 3409 πρίατο
740 3327 917 3393 κτεάτεσσιν
933 3331 1038 3405 ἑοῖσιν,
1160 3356 1207 3405 ¹15

260 3435 317 3495 ὧδε
330 3429 401 3510 μάλ’
417 3434 542 3512 δφνειὸς
558 3434 607 3496 καὶ
623 3438 760 3512 καρτερὸς
776 3432 816 3498 ὡς
832 3432 984 3511 ἀγορεύεις
998 3457 1009 3505 ,·

260 3539 320 3617 φῆς
335 3533 360 3599 δ’
375 3535 463 3600 αὐτόν
478 3536 608 3616 φθίσθαι
623 3532 844 3617 Ἀγαμέμνονος
860 3537 958 3599 εἵνεκα
972 3540 1067 3617 τιμῆς.

260 3640 327 3704 εἰπέ
340 3666 402 3718 μοι,
417 3641 450 3703 αί
464 3639 498 3702 κέ
513 3643 583 3702 ποθι
598 3640 684 3721 γνόω
700 3643 835 3703 τοιοῦτον
850 3640 947 3704 ἐόντα.

261 3744 335 3810 Ζεὺς
349 3743 407 3827 γάρ
422 3767 479 3806 που
494 3743 530 3804 τό
543 3769 579 3825 γε
594 3743 657 3808 οἶδε
673 3742 722 3807 καὶ
736 3743 878 3808 ἀθάνατοι
894 3746 958 3809 θεοὶ
973 3746 1074 3822 άλλοι,
