2848 4296
246 352 309 432 408
491 361 495 371 ’
568 367 618 414 20.
635 354 807 413 ΙΛΙΑΔΟΣ
828 354 864 413 Ὺ.

244 522 375 601 στρεπτη
392 523 424 585 δὲ
439 522 558 603 γλῶσσ’
575 524 643 587 ἔστὶ
657 529 786 604 βροτῶν,
804 521 913 589 πολέες
928 521 955 587 δ’
970 523 1015 587 ἔνι
1029 525 1119 601 μῦθοι

243 629 391 700 παντοῖοι,
409 624 507 690 ἔπέων
522 627 555 689 δὲ
572 626 667 692 πολὺς
683 632 774 707 νομδς
789 628 862 690 ἔνθα
878 628 926 690 καί
944 626 1025 689 ἔνθα.

244 728 373 790 ὁπποῖόν
388 725 416 791 κ’
433 731 565 815 εἴπῃσθα
580 731 660 805 ἔπος,
676 731 761 795 τοῖόυ
777 727 803 792 κ’
820 729 1010 794 ἐπακούσαις.
1143 753 1192 800 ²50

244 831 326 893 ἀλλά
341 831 389 909 τίη
406 832 506 913 ἔριδας
522 831 571 896 καί
587 835 686 898 νείκεα
702 839 774 899 νῶϊυ
788 831 902 915 ἀνάγκη

244 939 354 998 νεικεῖν
370 933 558 1014 ἀλλήλοισιν
574 937 720 1010 ἐναντίον,
736 938 776 1002 ὥς
790 961 824 999 τε
838 940 988 1018 γυναῖκας,

244 1039 325 1101 αἵτε
339 1038 557 1121 χολωσάμεναι
574 1041 670 1122 ἔριδος
685 1040 754 1122 πέρι
770 1041 954 1121 θυμοβόροιο

244 1141 373 1206 νεικεΰσ’
391 1145 548 1230 ἀλλήλῃσι
562 1144 661 1224 μέσην
677 1147 708 1210 ἔς
723 1144 831 1226 ἀγνιον
843 1146 952 1215 ἰοῦσαι,

245 1243 337 1307 πόλλ’
350 1245 419 1310 ἔτεά
433 1273 467 1310 τε
483 1246 531 1311 καὶ
547 1248 620 1311 αιἰκί·
644 1249 740 1331 χόλος
755 1247 788 1311 δέ
805 1273 838 1311 τε
854 1247 903 1311 καὶ
918 1249 955 1309 τδ
971 1245 1095 1309 κελεύει.
1144 1271 1189 1320 ²55

245 1450 315 1532 πρὶν
330 1457 436 1538 χαλκῷ
451 1453 648 1536 μαχέσασθαι
664 1456 810 1519 έναντίον·
834 1452 904 1517 ἀλλ’
921 1453 977 1535 άγε
992 1456 1110 1515 θᾶσσον

245 1555 404 1637 γευσόμεθ
422 1555 568 1635 ἀλλήλων
582 1555 771 1640 χαλκήρεσιν
790 1553 974 1640 ἔγχείῃσιν.”

284 1656 329 1720 Ἦ
344 1661 391 1740 ῥα,
408 1661 457 1724 καὶ
473 1662 506 1723 ἔν
521 1663 608 1745 δεινῷ
625 1659 713 1724 σάκει
728 1659 845 1738 ἤλασεν
860 1663 988 1741 ὄβριμον
1003 1659 1102 1741 ἔγχος,

248 1761 432 1847 σμερδαλέῳ·
455 1762 534 1846 μέγα
549 1764 574 1826 δ’
591 1765 669 1845 ἀμφὶ
686 1762 779 1830 σάκος
794 1764 867 1840 μύκε
883 1762 987 1844 δουρὸς
1003 1761 1111 1846 ἀκωκῇ.
1144 1776 1191 1822 τοο

247 1864 400 1943 Πηλείδης
415 1865 447 1928 δὲ
463 1864 556 1932 σάκος
571 1868 626 1947 μὲν
642 1868 701 1930 ἀπὸ
718 1867 750 1930 έο
765 1867 844 1949 χειρὶ
863 1867 975 1951 παχείῃ

247 1969 357 2050 ἔσχετο
372 1967 538 2049 ταρβήσας·
563 1967 644 2050 φάτο
658 1972 716 2051 γὰρ
732 1970 929 2052 δολιχόσκιον
945 1969 1035 2051 ἔγχος
1119 1999 1122 2006 ’

246 2071 300 2154 ῥέα
315 2073 527 2136 διελεύσεσθαι
541 2070 748 2155 μεγαλήτορος
764 2075 895 2146 Αἰνείαο,

247 2175 361 2254 νήπιος,
377 2177 437 2240 οὐδ’
454 2178 565 2255 ἐνόησε
581 2180 655 2240 κατὰ
671 2176 768 2259 φρένα
784 2178 833 2242 καί
849 2180 923 2241 κατὰ
939 2175 1032 2254 θυμὸν

247 2281 286 2347 ὡς
302 2281 336 2344 οὗ
350 2279 439 2364 ῥηΐδι’
455 2283 522 2344 ἐστὶ
539 2286 615 2345 θεῶν
631 2281 766 2363 ἐρικυδέα
781 2288 861 2363 δῶρα
1144 2289 1190 2352 265

248 2381 374 2465 ἀνδράσι
388 2411 425 2467 γε
441 2388 579 2462 θνητοῖσι
594 2383 761 2465 δαμήμεναι
777 2386 837 2449 οὐδ’
853 2385 1013 2449 ὑποείκειν.

247 2489 315 2552 οὐδὲ
330 2485 393 2551 τότ’
408 2489 532 2552 Αἰνείαο
548 2487 711 2572 δαΐφρονος
727 2492 855 2570 ὄβριμον
870 2491 962 2572 ἔγχος

246 2591 319 2675 ῥῆξε
339 2590 441 2658 σάκος·
465 2599 579 2674 χρυσδς
594 2597 653 2675 γάρ
669 2593 802 2674 ἐρύκακε,
818 2598 898 2675 δῶρα
913 2596 1003 2657 θεοῖο·

248 2698 329 2759 ἀλλὰ
345 2696 403 2760 δύω
418 2696 474 2775 μὲν
490 2696 609 2759 ἔλασσε
624 2699 674 2759 διὰ
689 2697 815 2779 πτύχας,
831 2699 861 2759 αἱ
878 2694 904 2760 δ’
919 2695 963 2777 ἀρ’
980 2695 1025 2759 ἔτι
1040 2696 1119 2775 τρείς

248 2800 335 2880 ήσαν,
353 2799 418 2864 ἔπεί
434 2799 524 2865 πέντε
541 2801 656 2883 πτύχας
670 2798 769 2878 ήλασε
791 2802 1009 2876 κυλλοποδίων,

248 2904 301 2970 τὰς
316 2905 368 2968 δύο
383 2907 539 2989 χαλκείας,
557 2904 608 2967 δύο
625 2903 650 2967 δ’
668 2903 767 2967 ἔνδοθι
787 2904 989 2986 κασσιτέροιο,

248 3008 303 3086 τὴν
317 3009 349 3071 δὲ
364 3010 437 3086 μίαν
451 3007 594 3091 χρυσέην,
610 3010 646 3094 τῇ
662 3007 687 3088 ῥ’
705 3008 815 3090 ἔσχετο
831 3009 968 3088 μείλινον
984 3009 1083 3091 ἔγχος.

292 3112 439 3192 Δεύτερος
455 3111 517 3175 αὖτ’
532 3111 675 3193 Ἀχιλεὺς
691 3111 789 3192 προίει
805 3113 1001 3195 δολιχόσκιον
1016 3111 1115 3192 ἔγχος,

249 3216 298 3278 καί
313 3213 413 3295 βάλεν
429 3217 552 3279 Αἰνείαο
569 3215 631 3278 κατ’
649 3217 764 3280 ἀσπίδα
780 3215 905 3281 πάντοσ’
922 3213 1017 3293 έίσην,

249 3319 351 3400 ἄντυγ’
367 3320 426 3383 ύπο
442 3322 570 3402 πρώτην,
587 3317 606 3397 ᾗ
622 3322 802 3386 λεπτότατος
818 3320 869 3384 θέε
887 3318 1011 3402 χαλκός,
1145 3341 1191 3393 ιη5

249 3422 417 3501 λεπτοτάτη
434 3423 459 3486 δ’
477 3423 569 3503 ἔπέηυ
583 3423 665 3505 ῥινὸς
680 3425 766 3504 βοός·
787 3423 805 3502 ἡ
822 3426 855 3487 δὲ
870 3421 979 3504 διαπρὸ

250 3530 369 3607 Πηλιὰς
384 3524 468 3605 ἤϊξεν
482 3527 583 3606 μελίη,
600 3526 676 3592 λάκε
692 3525 718 3591 δ’
736 3528 828 3594 ἀσπὶς
843 3525 890 3590 ὑπ’
908 3525 1008 3601 αὐτῆς.

250 3633 370 3698 Αἰνείας
386 3628 412 3695 δ’
429 3629 503 3709 ἔάλη
520 3629 569 3694 καί
585 3631 644 3694 ἀπὸ
660 3632 729 3696 ἔθευ
744 3630 846 3695 ἀσπίδ’
863 3629 976 3712 ἀνέσχε

250 3736 363 3803 δείσας·
387 3737 490 3818 ἐγχείη
507 3734 532 3798 δ’
550 3733 594 3816 ἀρ’
611 3737 685 3816 ὑπὲρ
702 3736 795 3802 νότου
811 3731 855 3799 ἔνί
869 3733 940 3818 γαίῃ
