2746 4228
392 377 396 384 .
506 354 535 420 3·
560 340 730 400 1A1AA02
753 341 786 400 r.
1074 351 1117 420 55

173 507 229 586 ἤδη
248 509 297 572 καὶ
311 510 446 592 Φρυγίην
461 508 624 589 εἰσήλυθον
639 508 865 589 ἀμπελόεσσαν,

173 612 248 675 ἔνθα
264 615 330 677 ίδον
345 614 507 679 πλείστους
523 613 646 696 Φρύγας
661 613 768 693 ἀνέρος
783 613 1001 686 αἰολοπώλους,
1070 627 1114 689 185

171 713 267 782 λαοὺς
280 714 408 795 Ὀτρῆος
424 716 473 779 καί
488 718 651 798 Μυγδόνος
667 715 826 792 ἀντιθέοιο,

173 819 206 880 οἵ
217 819 256 899 ῥα
270 818 331 881 τότ’
348 821 554 900 ἐστρατόωντο
570 820 638 901 παρ’
656 821 750 903 ὄχθας
765 821 957 903 Σαγγαρίοιο·

173 919 224 982 καί
238 923 296 1001 γὰρ
311 922 390 1002 έγιλν
405 923 562 1003 ἐπίκουρος
577 922 636 986 ἐδν
649 925 726 999 μετὰ
741 926 840 986 τοῖσιυ
855 922 987 1005 ἐλέχθην
1053 1005 1056 1014 Ι
1108 917 1110 926 ’

171 1020 264 1100 ἤματι
278 1025 319 1108 τῷ
336 1024 388 1088 ὅτε
401 1024 427 1088 τ’
443 1023 538 1105 ῆλθον
555 1024 721 1103 Ἀμαζόνες
736 1023 928 1106 ἀντιάνειραι·

173 1123 245 1188 ἀλλ’
260 1127 321 1190 οὐδ’
339 1127 367 1190 οἰ
382 1128 469 1192 τόσοι
483 1127 562 1206 ἦσαν
577 1129 647 1192 ὅσοι
665 1128 811 1195 ἑλίκωπες
825 1128 973 1212 Ἀχοιοί,”
1069 1156 1114 1202 ιηο

217 1230 367 1311 Δεύτερον
382 1230 443 1294 αὖτ’
459 1231 596 1310 Ὀδυσῆα
615 1232 685 1294 ἰδὼν
700 1231 804 1314 ἐρέειν’
821 1233 837 1295 ό
851 1233 980 1314 γεραιός·

173 1336 193 1365 “
203 1331 261 1396 εἴπ’
278 1333 334 1414 ἄγε
348 1359 400 1414 μοι
415 1335 463 1399 καὶ
481 1335 576 1407 τόνδε,
593 1335 687 1416 φίλον
702 1334 795 1408 τέκος,
813 1335 845 1401 ός
859 1360 904 1402 τις
920 1336 962 1424 ὅδ’
978 1337 1053 1400 ἐστί·

170 1435 264 1514 μείων
277 1437 334 1514 μὲν
352 1439 470 1523 κεφαλῇ
485 1436 710 1519 Ἀγαμέμνονος
724 1436 890 1519 Ἀτρείδαο,
946 1433 947 1438 ¹

172 1536 326 1619 εὐρύτερος
341 1539 365 1602 δ’
382 1539 509 1619 ὤμοισιν
526 1541 570 1604 ἰδὲ
586 1537 758 1622 στέρνοισιν
774 1538 902 1605 ἰδέσθαι.

171 1640 281 1722 τεύχεα
294 1640 352 1719 μέν
370 1643 399 1706 οἱ
415 1647 508 1706 κεῖται
524 1644 574 1707 ἐπὶ
589 1642 677 1725 χθονὶ
691 1643 924 1729 πουλυβοτείρῃ,
1067 1669 1113 1722 ¹95
1159 1681 1169 1694 ι

170 1742 260 1808 αύτδς
275 1746 308 1808 δὲ
323 1746 425 1812 κτίλος
444 1745 483 1812 δς
498 1747 696 1810 ἐπιπωλεῖται
712 1746 821 1828 στίχας
836 1747 959 1827 ἀνδρῶν·

174 1847 280 1931 ἀρνειῷ
294 1873 347 1928 μιν
361 1848 457 1930 ἔγωγε
474 1847 566 1912 ἐίσκω
581 1847 812 1933 πηγεσιμάλλῳ,

170 1950 204 2014 ὅς
218 1949 243 2010 τ’
260 1949 332 2014 ἀίων
345 1949 425 2032 μέγα
440 1957 504 2016 πῶϋ
520 1939 671 2035 διέρχεται
691 1950 889 2034 ἀργεννάων.”

212 2051 276 2116 Τδν
291 2052 316 2116 δ’
333 2053 468 2133 ἠμείβετ’
485 2053 578 2120 ἔπειθ’
594 2053 705 2131 Ἑλένη
723 2053 797 2121 Διδς
815 2056 984 2137 ἐκγεγαυῖα·

171 2164 191 2189 “
200 2155 287 2222 οὗτος
301 2155 327 2219 δ’
345 2155 382 2219 αὖ
396 2156 580 2238 Λαερτιάδης
595 2156 761 2235 πολύμητις
773 2156 952 2233 Ὀδυσσεύς,
1064 2187 1112 2222 200

170 2258 202 2324 δς
216 2257 315 2341 τράφη
333 2261 366 2323 ἐν
380 2257 461 2344 δήμῳ
476 2259 596 2338 Ἰθάκης
611 2263 740 2341 κραναῆς
755 2284 811 2340 περ
827 2259 936 2338 ἐούσης

170 2362 254 2428 εἰδὼς
269 2364 429 2430 παντοίους
447 2389 481 2428 τε
495 2364 603 2429 δόλους
619 2364 668 2427 καὶ
682 2361 778 2442 μήδεα
793 2361 918 2428 πνκνά.”

208 2466 273 2545 Τῆν
291 2465 316 2530 δ’
336 2465 398 2529 αὖτ’
413 2465 565 2547 Ἀντήνωρ
581 2465 767 2545 πεπνυμένος
783 2467 885 2530 ἀντίον
899 2468 984 2545 ηύδα·

167 2565 216 2631 “‹T›
232 2568 330 2652 γύναι,
346 2569 365 2648 ἦ
379 2569 463 2649 μάλα
478 2576 566 2634 τοῦτο
582 2570 653 2636 έπος
669 2571 810 2651 νημερτὲς
832 2571 938 2638 ἔειπες·

166 2670 222 2750 ἤδη
239 2674 297 2754 γάρ
314 2674 363 2736 καὶ
379 2675 465 2755 δεῦρό
484 2672 550 2736 ποτ’
566 2671 659 2752 ἤλυθε
675 2678 738 2739 δῖος
752 2672 920 2740 Ὀδυσσεὺς
1061 2702 1109 2751 ²05

169 2779 223 2838 σεῦ
240 2774 315 2839 ἕνεκ’
333 2776 478 2857 ἀγγελίης
494 2775 549 2840 σὺν
565 2777 716 2861 ἀρηϊφίλῳ
732 2776 891 2861 Μενελόιρ·

165 2878 236 2944 τοὺς
250 2877 275 2941 δ’
293 2879 352 2959 ἐγὼ
368 2877 524 2957 ἐξείνισσα
539 2880 588 2942 καί
605 2880 637 2942 ἐν
653 2878 814 2962 μεγάροισι
828 2880 958 2959 φίλησα,

166 2980 346 3062 ἀμφοτέρων
360 2983 393 3046 δὲ
408 2981 489 3063 φυῆν
505 2980 595 3060 ἐδάην
611 2981 659 3045 καὶ
673 2980 769 3061 μήδεα
784 2981 889 3045 πυκνά.

166 3083 236 3147 ἀλλ’
252 3085 304 3149 ότε
322 3085 357 3165 δῆ
373 3085 533 3167 Τρύεσσιυ
548 3087 581 3151 ἐν
597 3084 810 3167 ἀγρομένοισιν
824 3085 956 3168 ἔμιχθεν,

166 3187 304 3251 στάντων
317 3189 373 3267 μὲν
388 3187 547 3254 Μενέλαος
561 3189 721 3270 ὑπείρεχεν
736 3186 837 3267 εὐρέας
853 3188 957 3266 ὤμους,
1060 3214 1108 3250 210

165 3290 257 3370 ἀμφω
273 3290 297 3353 δ’
315 3289 442 3370 ἑζομένω
458 3290 660 3373 γεραρώτερος
675 3287 728 3368 ἦεν
742 3288 918 3355 Ὀδυσσεύς·

166 3392 236 3455 ἀλλ’
253 3394 304 3458 ὅτε
320 3393 355 3472 δῆ
371 3393 481 3472 μύθους
497 3393 546 3457 καὶ
560 3391 655 3471 μήδεα
670 3396 766 3456 πᾶσιν
780 3394 916 3473 ὕφαινον,

165 3495 184 3576 ῆ
199 3521 247 3560 τοι
261 3493 318 3574 μὲν
332 3495 492 3562 Μενέλαος
509 3495 710 3579 ἐπιτροχάδην
726 3496 859 3577 ἀγόρευε,

165 3603 264 3680 παῦρα
278 3597 442 3677 μέν,’ἆλλά
456 3598 539 3678 μάλα
553 3598 671 3680 λιγέως,
689 3599 756 3661 ἐπεὶ
771 3599 806 3661 ού
821 3600 992 3680 πολύμυθος

164 3699 226 3766 οὐδ’
243 3699 486 3782 ἀφαμαρτοεπής·
509 3699 528 3780 ῆ
545 3700 593 3764 καί
607 3699 689 3782 γένει
704 3701 829 3784 ὕστερος
844 3701 907 3782 ῆεν.
1058 3725 1104 3778 215
