2746 4228
278 339 317 397 16
615 355 643 400 1.
667 339 838 401 ΙΛΙΑΔΟΣ
860 348 898 402 Α.

277 505 305 566 οί
320 505 353 568 δδ
368 502 544 587 πανημέριοι
557 507 660 589 μολπῇ
677 506 747 570 θεὸν
763 505 926 572 ἱλάσκοντο

276 605 370 671 καλὸν
384 607 534 674 ἀείδοντες
548 608 679 688 παιήονα
694 615 793 691 κοῦροι
806 608 950 692 Ἀχαιῶν,

273 708 441 785 μέλποντες
456 709 608 793 ἑκάεργον·
632 714 650 776 δ
665 715 698 777 δὲ
713 711 809 794 φρένα
823 711 939 793 τέρπετ’
956 711 1080 782 ἀκούων.

313 810 414 892 Ἦμος
428 813 453 878 δ’
469 813 572 894 ήέλιος
587 814 693 880 κατέδυ
708 817 757 879 καὶ
773 815 823 880 ἐπὶ
839 814 952 896 κνέφας
966 813 1051 894 ήλθε,
1171 838 1220 892 475

273 915 309 994 δή
325 917 395 981 τότε
409 916 593 998 κοιμήσαντο
607 922 689 1002 παρὰ
703 916 874 1000 πρυμνήσια
889 919 969 996 νηός·

273 1018 347 1098 ἦμος
363 1018 387 1084 δ’
403 1019 555 1103 ἠριγένεια
569 1020 650 1103 φάνη
665 1020 883 1104 ῥοδοδάκτυλος
896 1020 989 1094 Ἠώς,

274 1123 322 1186 καὶ
337 1122 397 1186 τότ’
414 1123 505 1188 ἔπειτ’
523 1123 670 1206 άνάγοντο
683 1126 760 1204 μετὰ
769 1122 905 1205 στρατὸν
919 1123 1006 1205 εὐρὺν
1018 1122 1162 1207 Ἀχαιῶν·

271 1230 371 1291 τοῖσιν
386 1224 411 1290 δ’
425 1213 548 1305 ἴκμενον
561 1227 650 1309 οὖρον
663 1230 704 1291 ίει
719 1225 860 1309 ἑκάεργος
873 1224 1048 1291 Ἀπόλλων·

272 1330 301 1391 οί
316 1326 341 1392 δ’
359 1327 446 1394 ίστδν
460 1326 603 1408 στήσαντ’
620 1327 678 1394 άνά
692 1329 718 1392 θ
736 1329 822 1393 ίστία
833 1331 927 1393 λευκδ
941 1327 1111 1402 πέτασσαν,
1169 1343 1219 1402 480

273 1432 306 1495 ἐν
320 1429 345 1495 δ’
362 1431 471 1512 άνεμος
484 1435 601 1515 πρήσεν
614 1431 711 1511 μέσον
727 1432 834 1504 ίστίον,
851 1432 929 1512 ἀμφὶ
944 1432 977 1494 δὲ
993 1436 1070 1508 κῦμα

273 1534 376 1620 στείρῃ
392 1534 563 1618 πορφύρεον
576 1533 683 1617 μεγάλ’
699 1537 770 1618 ἴαχε
785 1533 855 1613 νηδς
871 1533 984 1612 ἰούσης·

270 1635 289 1712 ἡ
305 1635 330 1700 δ’
348 1637 434 1703 ἔθεεν
448 1641 523 1702 κατδ
538 1643 615 1717 κῶμα
630 1635 862 1720 διαπρήσσουσα
877 1635 1029 1703 κέλευθον.

266 1737 362 1822 αὐτὰρ
377 1740 446 1804 ἐπεί
457 1739 488 1824 ῤ’
499 1742 605 1806 ίκοντο
621 1742 696 1804 κατὰ
711 1739 841 1823 στρατὸν
856 1738 942 1822 εὐρὺν
953 1739 1097 1822 Ἀχαιῶν,

264 1846 326 1921 ,νήα
339 1845 395 1922 μὲν
411 1845 442 1907 οί
453 1869 491 1927 γε
503 1843 651 1924 μέλαιναν
665 1843 711 1907 ἐπ’
726 1843 862 1924 ἠπείροιο
877 1843 1010 1924 έρυσσαν
1166 1857 1215 1920 485

269 1947 350 2026 ὑψοῦ
365 1946 416 2010 ἐπὶ
430 1945 594 2027 ψαμάθοις,
609 1945 667 2010 ύπδ
682 1945 707 2010 δ’
724 1946 836 2026 έρματο
849 1947 953 2027 μακρὰ,
961 1943 1125 2010 τάνυσσαν·

270 2047 354 2113 αὐτοὶ
369 2048 394 2113 δ’
411 2049 588 2116 ἐσκίδναντο
603 2051 679 2114 κατδ
694 2048 815 2114 κλισίας
829 2073 863 2113 τε
877 2047 947 2114 νέας
961 2071 1004 2112 τε.

295 2151 412 2235 ,Αὐτὰρ
427 2154 445 2215 δ
457 2151 546 2231 μήνιε
560 2153 649 2232 νηυσὶ
663 2150 832 2235 παρήμενος
847 2151 1030 2232 ὠκυπόροισι

257 2254 405 2337 Ι’διογενής
421 2255 544 2333 Πηλέος
556 2256 631 2329 υίύς,
647 2257 742 2320 πόδας
757 2253 832 2319 ῶκὺς
846 2253 1020 2335 Ἀχιλλεύς·

269 2358 336 2422 οὔτε
351 2358 416 2422 ποτ’
434 2360 477 2424 είς
492 2357 605 2441 ἀγορὴν
619 2356 796 2422 πωλέσκετο
811 2354 998 2438 κυδιάνειραν
1164 2382 1213 2434 49ο

268 2461 336 2525 οὔτε
351 2459 416 2525 ποτ’
432 2462 464 2528 ές
478 2461 623 2540 πόλεμον,
640 2462 722 2525 δλλδ
737 2460 920 2542 φθινύθεσκε
935 2462 1030 2541 φίλον
1044 2464 1098 2540 κῆρ

267 2563 335 2628 αῶθι
348 2563 457 2644 μένων,
472 2563 621 2630 ποθέεσκε
635 2563 660 2628 δ’
677 2561 770 2642 ἀϋτήν
783 2587 817 2628 τε
831 2562 984 2642 πτόλεμόν
997 2587 1040 2627 τε.

310 2665 398 2729 Ἀλλ’
414 2667 466 2731 ὅτε
480 2664 517 2745 δή
530 2665 561 2749 ῥ’
578 2667 611 2730 ἐκ
625 2671 691 2730 ταῖο
706 2664 873 2744 δυωδεκάτη
887 2664 982 2748 γένετ’
998 2665 1068 2744 ήύς,

269 2771 317 2834 καὶ
332 2769 401 2833 τότε
416 2768 452 2850 δή
467 2769 542 2850 πρὸς
553 2767 714 2849 Ὄλυμπον
727 2771 801 2836 ίσαν
815 2769 879 2834 θεοὶ
894 2771 959 2834 αἰὲν
973 2769 1074 2835 έύντες

268 2870 378 2938 πάντες
400 2871 470 2951 ἅμα,
498 2870 573 2938 Ζεὺς
598 2870 623 2935 δ’
647 2871 733 2955 ἦρχε·
767 2871 859 2937 Θέτις
882 2870 907 2934 δ’
935 2871 970 2934 οὐ
994 2871 1095 2949 λήθετ’
1123 2875 1211 2952 ἑφετ.

353 2973 434 3054 μέων
1163 3003 1211 3052 4⁹5

268 3077 373 3144 παιδδς
388 3081 448 3149 ἑοῶ,
465 3073 534 3140 δλλ’
549 3076 612 3160 ἥγ’
629 3077 790 3144 ἀνεδύσετο
806 3081 882 3157 κῶμα
897 3075 1065 3155 θαλάσσης,

267 3180 350 3262 ήερίη
367 3178 392 3244 δ’
409 3177 505 3260 ἀνέβη
520 3178 617 3262 μέγαν
632 3180 757 3262 οὐρανὸν
770 3180 937 3258 Οὔλυμπόν
951 3205 993 3244 τε.

268 3283 353 3363 εὗρεν
367 3281 392 3345 δ’
409 3281 538 3364 εύρύοπα
554 3285 702 3364 Κρονίδην
716 3284 787 3363 άπερ
801 3279 912 3362 ήμενον
926 3282 1031 3348 ἄλλων

269 3383 416 3472 ἀκροτάτη
432 3385 546 3472 κορυφῇ
562 3384 776 3469 πολυδειράδος
791 3385 977 3463 Οὐλύμποιο·

268 3489 318 3552 καί
330 3490 369 3571 ῥα
384 3486 501 3570 πάροιθ’
517 3487 619 3551 αύτοῖο
634 3487 783 3566 καθέζετο,
800 3489 848 3552 καὶ
862 3486 945 3568 λάβε
958 3489 1073 3569 γούνων
1163 3513 1214 3564 500

269 3593 369 3680 σκαιῇ,
385 3589 518 3678 δεξιτερῇ
534 3589 558 3654 δ’
575 3588 620 3673 ἄρ’
635 3590 684 3654 ὑπ’
701 3592 882 3672 ἀνθερεῶνος
896 3595 1011 3656 ἑλοῦσα

269 3693 438 3774 λισσομένη
453 3693 618 3772 προσέειπε
630 3693 691 3757 Δία
706 3695 862 3760 Κοονίωνα
876 3694 999 3760 άνακτα·
1015 3775 1018 3784 t
