2758 4228
485 321 552 380 μιν
576 321 816 382 ΑποκΛαΝΑ.
1058 330 1122 398 945

175 485 268 564 ὑμέας
283 487 309 552 δ’
324 486 441 572 ἤγαγον
456 489 555 554 ἐνθάδ’
570 492 644 573 ὑπὲρ
658 492 737 573 μέγα
751 495 865 572 λαῖτμα
881 489 1049 569 θαλάσσης,

177 591 211 653 οὔ
228 616 256 655 τι
272 595 348 655 κακὰ
363 594 511 674 φρονέων,
527 593 598 657 ἀλλ’
614 593 721 660 ἐνθάδε
736 597 827 658 πίονα
842 594 913 672 νηὸν

176 693 252 774 ἕξετ’
269 696 342 776 ἐμὸν
356 700 450 762 πᾶσιν
464 697 548 777 μάλα
562 699 660 778 τίμιον
675 699 870 778 ἀνθρώποισι,
1044 707 1122 776 [305]

176 797 293 873 βουλάς
308 799 333 860 τ’
350 799 507 864 ἀθανάτων
524 799 670 879 εἰδήσετε,
685 807 744 864 τῶν
760 801 855 880 ἰότητι

177 900 237 963 αἰεὶ
253 901 420 980 τιμήσεσθε
436 907 596 986 διαμπερὲς
609 904 710 984 ἤματα
725 903 834 970 πάντα.
1072 920 1122 981 485

178 1003 247 1066 ἀλλ’
263 1003 357 1088 ἄγεθ’,
374 1007 414 1074 ὣς-
427 1007 467 1072 δν
481 1010 540 1091 ἐγὼ
557 1012 641 1085 εἰσιν,
658 1011 804 1073 πείθεσθε
818 1008 960 1092 τάχιστα·

178 1109 262 1171 ἰστία
275 1112 330 1188 μέν
348 1118 468 1192 πρῶτον
484 1114 609 1177 κάθετον
624 1113 756 1177 λύσαντε
771 1098 885 1194 Ιβοείας,

177 1213 233 1287 νῆα
248 1210 274 1275 δ’
289 1213 393 1278 ἔπειτα
408 1217 484 1295 θοήν
497 1213 548 1280 έπί
562 1215 688 1298 ἠπείρου
702 1217 864 1296 ἐρύσασθε,
1048 1223 1124 1289 [3¹0]

177 1316 258 1379 ἐκδὲ
274 1316 398 1398 κτήμαθ’
414 1319 525 1384 ἕλεσθε
540 1322 589 1384 καὶ
605 1321 692 1384 ἔντεα
707 1320 778 1399 νηὸς
794 1318 891 1397 ἐίσης,

178 1419 226 1481 καὶ
241 1420 348 1500 βωμὸν
361 1420 501 1499 ποιήσατ’
517 1425 568 1487 ἰπὶ
580 1425 704 1506 ῥηγμῖνι
719 1425 887 1504 θαλάσσης,
1070 1448 1123 1502 490

177 1526 236 1602 πῦρ
251 1524 449 1600 ἐπικαίοντες,
466 1527 518 1591 ἐπί
533 1525 558 1588 τ’
572 1527 689 1608 ἄλφιτα
703 1531 798 1593 λευκὰ
814 1528 944 1593 θόοντες·

178 1624 321 1708 εὔχεσθαι
336 1628 373 1708 δή
389 1629 493 1695 ἔπειτα
510 1633 729 1712 παριστάμεναι
744 1629 813 1713 περὶ
826 1632 942 1712 βωμόν.

178 1728 217 1794 ὧς
231 1733 287 1809 μὲν
303 1732 361 1814 έγὼ
377 1738 411 1795 τδ
427 1742 546 1815 πρῶτον
562 1738 595 1800 ἓν
609 1735 755 1818 ἠεροειδέϊ
769 1737 868 1821 πόντῳ
1051 1741 1125 1808 [3¹5]

178 1834 330 1912 εἰδόμενος
345 1840 469 1916 δελφῖνι
484 1835 557 1915 θοῆς
572 1838 622 1903 ἐπί
637 1845 706 1918 νηὸς
721 1841 844 1920 όραασα,

178 1937 218 2002 ὣς
233 1938 299 2016 ἐμοὶ
316 1938 459 2020 εὔχεσθαι
475 1942 631 2026 δελφινίῳ·
654 1942 746 2024 αὐτὰρ
762 1944 779 2006 ὁ
793 1948 898 2022 βωμὸς
1054 1966 1122 2018 ·495

178 2039 264 2104 αὐτὸς
280 2041 422 2121 δέλφειος
438 2044 487 2106 καὶ
501 2045 632 2127 ἐπόψιος
646 2045 774 2110 έσσεται
790 2047 859 2110 αἰεί.

178 2145 341 2219 δειπνῆσαί
357 2142 381 2207 τ’
398 2146 445 2227 ἄρ’
461 2147 565 2212 ἔπειτα
579 2149 635 2234 θοῇ
654 2149 735 2230 παρὰ
750 2149 800 2228 νηί
816 2151 955 2235 μελαίνῃ,

179 2243 226 2309 καί
243 2252 369 2310 σπεῖσαι
384 2250 556 2332 μακάρεσσι
571 2257 662 2330 θεοῖς,
678 2253 706 2316 οῖ
719 2251 879 2334 Ὄλυμπον
894 2254 1028 2334 ἔχουσιν.
1048 2258 1124 2326 [320]

178 2350 270 2431 αὐτάρ
286 2352 362 2431 ἐπὴν
376 2354 476 2418 σίτοιο
490 2357 673 2439 μελίφρονος
687 2355 725 2436 ἐξ
738 2358 807 2435 έρον
821 2357 907 2436 ἦσθε,

179 2454 326 2536 ἔρχεσθαί
340 2457 368 2519 θ’
384 2456 434 2537 ἅμ’
448 2459 515 2539 έμοὶ
531 2461 581 2523 καὶ
596 2460 747 2540 ἰηπαιήον’
763 2463 885 2538 ἀείδειν,
1074 2485 1125 2534 500

180 2560 223 2625 εἰς
239 2560 257 2621 ό
272 2586 305 2624 κε
320 2566 420 2642 χῶρον
435 2564 562 2640 ίκησθον
577 2563 613 2626 ἵν’
628 2563 711 2642 έξετε
727 2565 816 2628 πίονα
832 2564 914 2642 νηόν.

215 2660 279 2730 Ὣς
295 2664 400 2744 ἔφαθ’·
421 2667 449 2728 οἱ
465 2663 491 2729 δ’
504 2669 562 2748 ἄρα
577 2673 629 2731 τοῦ
640 2667 724 2748 μάλα
738 2671 794 2746 μὲν
810 2668 901 2732 πλόον
915 2667 960 2746 ἠδ’
974 2668 1125 2732 ἐπίθοντο.

181 2767 263 2830 ίστία
277 2771 332 2847 μὲν
348 2773 467 2851 πρῶτον
482 2769 625 2849 κάθεσαν,
641 2777 740 2836 λῦσαν
756 2775 788 2836 δὲ
804 2773 919 2851 βοείας,
1049 2780 1125 2848 [3²5]

180 2871 266 2936 ἱστὸν
281 2869 307 2934 δ’
323 2873 463 2959 ἱστοδόκῃ
479 2872 620 2938 πέλασαν
635 2878 830 2957 προτόνοισιν
844 2875 980 2958 ὑφέντες,

180 2973 212 3037 έκ
228 2978 260 3039 δὲ
277 2976 326 3039 καὶ
342 2977 425 3041 αὐτοὶ
440 2983 549 3056 βαῖνον
564 2979 613 3043 ἐπὶ
627 2981 749 3062 ῥηγμῖνι
765 2977 933 3058 θαλάσσης,
1075 3007 1123 3056 505

180 3077 212 3138 ἐκ
228 3077 253 3140 δ’
270 3081 344 3147 ἁλὸς
359 3080 517 3162 ἤπειρόνδε
532 3082 606 3161 θοήν
618 3084 679 3148 άνᾶ
694 3083 742 3161 νῆ’
765 3084 910 3163 έρόσαντο

180 3180 260 3260 ὑψοῦ
276 3185 326 3248 ἐπὶ
340 3183 503 3266 ψαμάθοις,
519 3188 599 3266 παρὰ
615 3185 640 3250 δ’
656 3187 767 3267 ἕρματα
781 3190 879 3268 μακρά
897 3186 1059 3266 τάνυσσαν,

180 3286 228 3347 καὶ
244 3287 350 3366 βωμὸν
365 3289 495 3367 ποίησαν
510 3288 560 3352 έπί
574 3291 697 3372 ῥηγμῖνι
711 3289 880 3368 θαλάσσης·
1047 3301 1126 3367 [330]

179 3393 238 3470 πῦρ
254 3390 279 3453 δ’
295 3394 482 3460 ἐπικαίοντες
502 3394 555 3456 έπί
570 3392 597 3455 τ’
611 3393 727 3472 όλφιτα
744 3391 837 3458 λευκά
852 3394 973 3464 θόοντες

212 3555 262 3618 488
281 3554 376 3606 hiatum
397 3557 512 3610 toleravit
533 3557 651 3622 Spitzner,
670 3556 786 3616 μέλαιναν
803 3559 839 3609 ἰπ·
857 3561 987 3623 Matthiae,
1004 3560 1063 3622 θοήν
1079 3559 1124 3622 μὲν

180 3633 270 3682 Bothe.
368 3635 417 3698 496
442 3635 553 3700 δίλφειας
575 3637 641 3701 (-ιος)
660 3652 702 3700 xp,
719 3636 840 3701 δελφίνιος
861 3639 897 3698 Μ,
914 3641 974 3704 quid
992 3655 1076 3689 verum
1093 3639 1123 3688 sit

179 3710 320 3774 ambigitur.
