2788 4230
248 311 311 388 824
370 270 373 274 ⁵
541 329 589 394 19·
613 315 848 375 ολτννσιλς
877 315 912 374 T.
960 395 961 398 Ν

246 483 288 567 τῷ
307 508 339 545 κε
354 480 432 563 τάχα
447 483 550 564 γνοίης
560 482 712 563 φιλότητά
726 509 759 546 τε
774 482 878 547 πολλά
892 508 926 547 τε
940 488 1019 563 δῶρα
1144 509 1196 557 310

247 586 283 664 ἐξ
295 587 372 665 ἐμεῦ,
384 585 422 650 ὡς
439 585 476 649 άν
491 587 536 652 τίς
552 611 589 649 σε
607 587 824 667 συναντόμενος
839 587 1005 667 μακαρίζοι.

246 687 328 752 ἀλλά
342 714 392 767 μοι
409 689 460 752 ὧδ’
476 690 533 752 ἀνὰ
549 689 643 768 θυμδν
659 688 764 764 όίεται,
780 691 818 756 ὡς
835 691 940 754 ἔσεταί
953 709 1021 770 περ·

247 791 306 854 οὔτ’
321 792 467 858 Ὀδυσεὺς
482 793 526 856 ἐτι
542 793 625 857 οἰκον
642 793 811 871 ἐλεύσεται,
827 793 896 857 οὕτε
909 793 949 856 σὺ
966 795 1086 872 πομπῆς

246 893 345 981 τεύξῃ,
362 892 426 960 ἐπεὶ
441 896 476 958 ού
486 901 567 964 Ιτοῖοι
582 896 768 978 σημάντορές
784 896 842 961 εἰσ’
859 892 902 961 ἐνί
918 898 990 980 οίκῳ

246 1001 309 1064 οἰσς
326 999 493 1065 Ὀδυσσεὺς
509 985 580 1064 ἔσκε
595 1001 657 1080 μετ’
673 999 827 1081 ἀνδράσιν,
844 999 952 1063 εἴπατ’
969 1000 1022 1078 έην
1037 1025 1083 1079 γε,
1146 1025 1194 1074 315

246 1101 362 1180 ξείνους
377 1104 510 1190 αἰδοίους
525 1103 744 1183 ἀποπεμπέμεν
759 1103 811 1182 ήδέ
827 1102 982 1186 δέχεσθαι.
1071 1108 1074 1116 ’

246 1208 328 1270 ἀλλά
342 1232 403 1284 μιν,
421 1207 599 1286 ἀμφίπολοι,
616 1208 796 1288 ἀπονίψατε,
813 1207 934 1270 κάτθετε
951 1206 975 1270 δ’
993 1206 1090 1284 εὐνήν,

247 1312 349 1389 δέμνια
366 1306 414 1372 καί
429 1312 559 1393 χλαίνας
575 1313 623 1375 καὶ
637 1309 732 1394 ῥήγεα
748 1313 943 1394 σιγαλόεντα,

247 1418 286 1480 ὥς
303 1414 328 1477 κ’
346 1413 377 1476 εὖ
393 1415 549 1478 θαλπιόων
563 1416 770 1497 χρυσόθρονον
784 1414 848 1476 Ἠῶ
865 1416 974 1492 ίκηται.

246 1521 343 1598 ἠῶθεν
359 1519 392 1580 δέ
406 1517 478 1597 μόλ’
494 1517 542 1597 ἦρι
557 1519 687 1582 λοέσσαι
703 1543 735 1581 τε
750 1519 858 1600 χρῖσαί
872 1542 914 1592 τε,
1145 1544 1195 1591 320

247 1625 287 1689 ὥς
303 1621 328 1686 κ’
347 1623 431 1687 ἔνδον
447 1624 527 1701 παρά
541 1620 711 1702 Τηλεμάχῳ
727 1622 860 1697 δείπνοιο
874 1623 998 1702 μέδηται

246 1727 354 1806 ἥμενος
371 1729 403 1790 ἐν
418 1723 547 1808 μεγάριρ·
570 1726 611 1809 τῷ
630 1725 656 1786 δ’
672 1727 780 1807 ἄλγιον
795 1726 828 1790 ός
845 1751 896 1789 κεν
915 1728 1036 1789 ἐκείνων

248 1835 353 1895 τοῦτον
368 1828 473 1915 ἀνιάζῃ
490 1828 689 1908 θυμοφθόρος·
713 1827 783 1892 οὐδέ
798 1854 826 1892 τι
843 1829 933 1910 ἐργον

247 1935 345 1999 ἐνθάδ’
364 1935 408 1998 ἐτι
425 1931 539 2014 πρήξει,
558 1931 639 2010 μάλα
655 1957 710 2012 περ
727 1932 935 2015 κεχολωμένος
950 1935 1048 1998 αἰνῶς.

248 2045 310 2104 πῶς
325 2037 380 2120 γάρ
398 2039 467 2116 ἐμεῦ
484 2036 531 2113 σύ,
548 2033 635 2113 ξεῖνε,
650 2036 779 2114 δαήσεαι
794 2038 822 2100 εί
834 2061 862 2098 τι
877 2041 1027 2115 γυναικῶν
1144 2063 1193 2112 ³²5

247 2142 373 2207 ἀλλάων
388 2142 517 2221 περίειμι
533 2141 603 2204 νόον
619 2141 668 2203 καὶ
684 2141 834 2221 ἐπίφρονα
848 2142 944 2219 μῆτιν,

248 2245 278 2310 εί
291 2273 342 2310 κεν
358 2243 526 2310 ἀϋσταλέος
542 2246 617 2307 κακδ
633 2243 749 2323 εἱμένος
765 2246 798 2307 ἐν
813 2242 973 2324 μεγάροισι

247 2350 351 2435 δαινύῃ
366 2374 376 2423 ,·
401 2348 551 2428 ἄνθρωποι
567 2350 599 2410 δέ
613 2346 798 2428 μινυνθάδιοι
813 2347 998 2410 τελέθουσιν.

248 2452 280 2519 δς
295 2455 350 2532 μέν
370 2452 484 2530 ἀπηνὴς
500 2452 587 2516 αὐτὸς
603 2451 636 2536 ἔῃ
653 2449 701 2514 καὶ
719 2451 834 2530 ἀπηνέα
850 2451 922 2538 εἰδῇ,

247 2559 288 2641 τῷ
306 2558 338 2619 δέ
355 2561 538 2635 καταρῶνται
553 2552 664 2621 πάντες
678 2555 784 2634 βροτοὶ
800 2553 885 2636 ἄλγε’
900 2555 1023 2619 ὀπίσσω
1142 2579 1193 2628 330

249 2661 321 2744 ζωῷ,
336 2661 410 2740 ἀτὰρ
427 2659 567 2723 τεθνεῶτί
581 2658 609 2738 γ’
626 2659 831 2739 ἐφεψιόωνται
848 2657 987 2724 ἅπαντες·

248 2765 281 2829 ὃς
297 2762 322 2826 δ’
339 2762 376 2826 ἀν
392 2762 515 2842 ἀμύμων
530 2761 616 2827 αὐτὸς
634 2762 669 2846 ἐῃ
688 2763 737 2824 καὶ
753 2760 888 2841 ἀμύμονα
903 2764 978 2848 εἰδῇ,

248 2872 300 2930 τοῦ
314 2869 369 2947 μέν
385 2891 417 2930 τε
434 2864 521 2931 κλέος
539 2865 606 2945 εὐρὺ
622 2868 671 2928 διὰ
686 2864 779 2942 ξεῖνοι
794 2864 940 2946 φορέουσι

248 2969 363 3036 πάντας
382 2969 428 3034 ἐπ’
444 2970 626 3048 ἀνθρώπους,
642 2970 755 3032 πολλοί
768 2967 802 3033 τέ
815 2995 867 3049 μιν
882 2972 994 3033 ἐσθλδν
1009 2970 1138 3034 ἔειπον.”

290 3074 355 3152 Τὴν
370 3070 396 3136 δ’
412 3074 655 3152 ἀπαμειβόμενος
672 3072 814 3155 προσέφη
830 3074 995 3153 πολύμητις
1006 3071 1182 3139 Ὀδυσσεύς·

247 3175 299 3240 “ἀι
316 3178 402 3260 γύναι
418 3177 513 3253 αἰδοίη
530 3175 716 3258 Λαερτιάδεω
732 3177 890 3256 Ὀδυσῆος,
1145 3189 1193 3254 336

249 3279 268 3359 ἦ
284 3305 329 3342 τοι
347 3283 412 3362 ἐμοὶ
428 3286 556 3364 χλαῖναι
574 3283 623 3344 καὶ
638 3279 733 3363 ῥήγεα
749 3282 933 3363 σιγαλόεντα

251 3383 362 3469 ἤχθεθ’,
378 3385 428 3449 ότε
444 3393 563 3466 πρῶτον
578 3383 695 3464 Κρήτης
715 3386 786 3465 όρεα
800 3385 944 3466 νιφόεντα

250 3488 445 3570 νοσφισάμην
460 3489 511 3552 ἐπὶ
526 3494 596 3566 νηὸς
613 3489 665 3551 ἰὼν
681 3488 918 3571 δολιχηρέτμοιο,

251 3593 319 3657 κείω
336 3590 360 3656 δ’
377 3591 416 3658 ὣς
431 3593 465 3655 τδ
481 3591 573 3673 πάρος
589 3617 644 3672 περ
660 3591 789 3657 ἀύπνους
805 3593 910 3657 νύκτας
925 3594 1017 3658 ίουον·
1143 3619 1194 3670 540

250 3700 369 3764 πολλάς
383 3695 439 3779 γὰρ
455 3695 491 3774 δὴ
507 3697 613 3762 νύκτας
629 3697 767 3781 ἀεικελίῳ
784 3692 827 3759 ἐνί
842 3697 925 3784 κοίτῃ
