2908 4232
541 351 571 418 3·
595 336 831 398 ουυυυαιιυ
863 339 894 400 τ.
1129 351 1213 431 5417

245 507 312 570 ούδέ
326 507 357 569 τί
371 531 416 568 πω
432 505 554 584 μύθοισι
570 506 748 586 πεπείρημαι
764 511 943 570 πυκινοῖσιν·

245 611 334 675 αίδὸς
350 607 375 673 δ’
392 608 429 672 αὖ
445 607 513 674 νέον
527 609 619 690 ἄνδρα
635 609 805 691 γεραίτερον
821 607 1023 689 έξερέεσθαι.”

287 717 349 777 Τδν
365 711 390 776 δ’
407 712 477 776 αδτε
492 712 654 793 προσέειπε
669 712 723 776 θεὰ
741 719 913 796 γλαυκῶπις
927 712 1051 791 Ἀθήνη·
1163 739 1194 788 ²5

246 823 266 852 “
275 814 443 899 Τηλέμαχ’,
459 816 541 878 ἄλλα
558 818 613 895 μὲν
629 817 716 882 αὐτὸς
732 813 776 880 ἐνὶ
792 818 884 898 φρεσὶ
900 817 975 901 σῇσι
992 814 1122 895 νοήσεις,

244 919 327 982 ἄλλα
342 919 375 982 δέ
390 920 439 982 καὶ
454 920 568 998 δαίμων
582 918 777 998 ὑποθήσεται·
808 921 840 984 οῖ
856 917 914 1001 γὰρ
930 918 984 982 ὀΐω

245 1023 278 1087 ού
294 1049 331 1087 σε
347 1026 424 1086 θεῶν
442 1021 541 1102 ἀέκητι
557 1021 699 1105 γενέσθαι
716 1047 748 1087 τε
764 1023 915 1102 τραφέμεν
930 1023 990 1087 τε.”

283 1125 347 1192 Ὣς
361 1125 418 1206 ἄρα
433 1126 594 1207 φωνήσασ’
610 1125 747 1209 ήγήσατο
764 1129 893 1192 Παλλῖις
908 1125 1020 1205 Ἀθήνη

246 1232 445 1311 καρπαλίμως·
479 1229 535 1294 ὁδ’
553 1231 654 1294 ἔπειτα
670 1230 732 1311 μετ’
749 1232 832 1314 ίχνια
846 1236 936 1310 βαῖνε
955 1235 1044 1295 θεοῖο.
1163 1292 1171 1307 ,

246 1331 311 1412 ῖξον
328 1332 352 1397 δ’
370 1337 400 1399 ἐς
416 1335 539 1398 Πυλίων
554 1335 669 1415 άνδρῶν
683 1334 789 1416 ἄγυρίν
804 1359 836 1397 τε
853 1333 901 1397 καὶ
917 1335 1013 1416 ἕδρας,

247 1435 307 1499 ἔνθ’
324 1437 382 1518 άρα
400 1438 528 1518 Νέστωρ
543 1437 620 1516 ήστο
635 1437 692 1500 σὺν
706 1437 817 1513 υἱάσιν,
833 1438 911 1518 άμφὶ
928 1437 953 1501 δ’
970 1441 1081 1515 ἑταῖροι
1142 1473 1144 1478 v

246 1538 321 1604 δαῖτ’
339 1541 526 1620 ἐντυνόμενοι
542 1540 613 1622 κρέα
627 1539 652 1603 τ’
670 1541 777 1606 ὤπτων
791 1540 872 1604 άλλα
891 1539 917 1602 τ’
933 1541 1061 1620 ἔπειρον.

247 1646 276 1706 οἱ
292 1642 317 1707 δ’
334 1643 373 1710 ὣς
389 1644 441 1709 οὖν
456 1643 571 1722 ξείνους
585 1645 657 1722 ίδον,
677 1645 780 1725 ἁθρόοι
796 1643 889 1722 ήλθον
905 1643 1044 1722 ἅπαντες,

247 1748 354 1828 χερσίν
369 1745 394 1809 τ’
410 1747 582 1825 ἠσπάζοντο
599 1746 647 1811 καὶ
663 1749 838 1827 ἑδριάασθαι
854 1747 981 1829 ἄνωγον.

247 1858 362 1930 πρῶτος
376 1852 563 1931 Νεστορίδης
579 1851 801 1930 Πεισίστρατος
818 1851 944 1930 ε’γγύθεν
960 1852 1057 1913 ἐλθὸν

248 1951 424 2033 ἀμφοτέρων
440 1953 492 2016 έλε
506 1958 595 2035 χεῖρα
611 1955 658 2016 καὶ
674 1956 795 2035 ἵδρυσεν
810 1952 891 2034 παρὰ
906 1954 984 2016 δαιτί

249 2047 358 2120 κώεσιν
374 2058 407 2119 ἐν
420 2061 613 2134 μαλακοῖσιν,
630 2057 680 2120 ἐπὶ
695 2054 850 2136 ψαμάθοις
865 2057 981 2140 ἁλίῃσι,

248 2160 307 2240 πάρ
323 2185 356 2224 τε
372 2157 542 2242 κασιγνήτῳ
558 2157 755 2239 Θρασυμήδεϊ
773 2161 822 2222 καὶ
837 2158 941 2237 πατέρι
958 2156 991 2243 ᾧ·

249 2269 325 2327 δῶκε
341 2262 367 2327 δ’
386 2264 444 2344 ἄρα
463 2262 651 2343 σπλάγχνων
665 2263 777 2342 μοίρας,
793 2263 825 2326 έν
840 2260 865 2325 δ’
882 2261 965 2325 οἶνον
981 2262 1067 2344 ἔχευε

248 2369 379 2450 χρυσείῳ
396 2366 492 2430 δέπαϊ·
524 2366 745 2445 δειδισκόμενος
760 2369 792 2429 δὲ
808 2365 962 2446 προσηύδα

184 2505 188 2516 ,
251 2468 389 2532 Παλλάδ’
406 2468 578 2547 Ἀθηναίην,
596 2470 702 2548 κούρην
718 2469 793 2535 Διὸς
808 2469 967 2550 αἰγιόχοιο·

293 2579 310 2606 “
320 2572 418 2657 Εύχεο
434 2577 494 2647 νῦν,
510 2570 533 2635 ὦ
550 2571 637 2650 ξεῖνε,
654 2571 844 2636 Ποσειδάωνι
859 2571 973 2634 ἄνακτι·

249 2681 302 2739 τοῦ
313 2676 370 2758 γὰρ
387 2674 434 2739 καί
452 2678 554 2752 δαίτης
570 2675 718 2754 ἠντήσατε
734 2680 819 2756 δεῦρο
834 2675 987 2754 μολόντες.

251 2781 342 2859 αὐτὰρ
358 2779 434 2857 ἐπήν
447 2779 577 2863 σπείσῃς
591 2805 624 2842 τε
644 2781 692 2842 καὶ
708 2777 816 2858 εύξεαι,
831 2776 850 2855 ή
867 2780 949 2857 θέμις
965 2778 1042 2853 ἔστί,

252 2889 300 2948 δὸς
317 2883 365 2946 καὶ
381 2883 472 2966 τούτῳ
489 2883 590 2946 ἔπειτα
606 2881 698 2946 δέπας
712 2881 871 2960 μελιηδέος
886 2882 968 2945 οῖνου

252 2993 389 3057 σπεῖσαι,
405 2987 470 3050 ἐπεὶ
486 2987 533 3049 καὶ
548 2990 654 3048 τοῦτον
670 2983 769 3064 ὀίομαι
788 2986 983 3049 ἀθανάτοισιν

253 3089 406 3172 εὔχεσθαι·
436 3088 546 3154 πάντες
562 3090 594 3152 δὲ
609 3092 686 3153 θεῶν
701 3087 842 3170 χατέουσ’
859 3087 1020 3169 ἄνθρωποι.

253 3195 335 3257 ἀλλὰ
349 3193 490 3274 νεύτερός
506 3194 599 3264 ἐστιν,
616 3193 755 3272 ὁμηλικίη
771 3191 797 3255 δ’
814 3194 881 3270 ἐμοὶ
897 3193 984 3274 αὐτῷ·

252 3298 375 3361 τούνεκα
391 3293 441 3359 σοὶ
460 3295 591 3378 προτέρῳ
604 3297 691 3358 δώσω
706 3296 850 3378 χρύσειον
866 3294 1021 3360 άλεισον.”

289 3398 353 3466 Ὣς
368 3401 459 3464 είπδν
472 3402 504 3463 ἐν
519 3398 607 3482 χερσὶ
622 3400 698 3463 τίθει
714 3399 804 3465 δέπας
819 3399 906 3476 ἡδέος
922 3402 1012 3464 οίνου·

252 3509 340 3587 χαῖρε
352 3503 377 3567 δ’
393 3502 537 3583 Ἀθηναίη
554 3502 730 3587 πεπνυμένῳ
746 3502 829 3583 ἀνδρὶ
848 3505 961 3586 δικαίῳ,

253 3605 360 3673 οὕνεκά
375 3609 404 3671 οἱ
419 3609 546 3693 προτέρη
562 3613 637 3671 δῶκε
652 3606 793 3688 χρύσειον
808 3607 944 3672 άλεισον.

254 3713 359 3778 αὐτίκα
377 3709 402 3776 δ’
420 3711 525 3794 εὔχετο
541 3708 643 3774 πολλὰ
658 3709 851 3775 Ποσειδάωνι
866 3711 980 3777 άνακτι·
