2738 4226
473 335 528 403 ¹13·
554 324 724 383 ιΛιΑΔου
751 325 788 384 Ν.
893 298 896 303 ’
1038 324 1095 386 261

162 493 193 556 ὅς
207 516 240 554 τε
255 487 338 569 μένει
355 491 540 572 κολοσυρτὸν
558 493 762 574 ἐπερχόμενον
777 490 875 556 πολδν
890 493 1005 573 ἀνδρῶν

160 595 247 679 χύρῳ
264 597 298 657 έν
315 595 456 679 οἰοπόλῳ,
474 596 600 674 φρίσσει
616 594 649 658 δέ
664 620 697 658 τε
713 600 808 660 νῶτον
822 595 961 675 ὕπερθεν·

162 699 309 779 ὀφθαλμὼ
324 697 348 760 δ’
365 697 423 779 ἄρα
439 700 469 761 οἰ
483 699 553 779 πυρί
568 696 736 776 λάμπετον·
759 697 851 777 αύτδρ
867 698 990 765 ὀδόντας

161 799 256 884 θήγει,
273 798 442 878 ἀλέξασθαι
455 801 576 881 μεμαὼς
592 800 680 866 κύνας
694 801 747 879 ήδὲ
764 802 812 864 καὶ
827 799 946 881 ἄνδρας·
1054 828 1104 880 475

162 907 200 970 ὣς
213 901 304 983 μένεν
316 903 483 982 Ἰδομενεὺς
498 905 695 984 δουρικλυτός,
714 905 774 968 οὐδ’
790 905 947 987 ὑπεχώρει,

162 1009 283 1072 Αἰνείαν
299 1007 422 1069 ἐπιόντα
436 1007 581 1085 βοηθόον·
605 1007 658 1070 αύε
669 1007 695 1071 δ’
711 1010 855 1088 ἑταίρους,

160 1110 362 1190 Ἀσκάλαφόν
376 1108 401 1172 τ’
416 1109 534 1190 ’έσορῶν
547 1109 687 1191 Ἀφαρῆά
702 1136 734 1175 τε
751 1111 906 1193 Δηΐπυρόν
921 1137 954 1177 τε

163 1215 318 1295 Μηριόνην
332 1237 365 1275 τε
381 1213 429 1274 καί
443 1211 634 1296 Ἀντίλοχον,
649 1212 809 1295 μήστωρας
825 1216 925 1293 ἀϋτῆς·

160 1317 228 1382 τοὺς
243 1318 260 1379 ὅ
275 1314 304 1398 γ’
320 1314 488 1395 ἐποτρύνων
504 1315 578 1379 ἔπεα
593 1317 757 1394 πτερόεντα
772 1319 937 1398 προσηύδα·
1054 1332 1103 1391 480

163 1431 181 1456 “
190 1425 283 1491 δεῦτε,
300 1420 397 1498 φίλοι,
414 1417 465 1480 καί
477 1417 507 1495 μ’
523 1420 575 1502 οίιρ
592 1418 726 1498 ἀμύνετε·
749 1421 846 1483 δείδια
861 1420 886 1484 δ’
903 1423 992 1487 αἰνῶς

165 1523 284 1588 Αἰνείαν
299 1521 422 1584 ἐπιόντα
437 1520 532 1590 πόδας
546 1519 650 1602 ταχύν,
667 1522 702 1588 ἀς
714 1547 766 1602 μοι
784 1524 913 1596 ἔπεισιν,

162 1628 194 1692 δς
207 1626 291 1706 μάλα
306 1623 444 1704 καρτερός
459 1624 526 1685 ἐστι
540 1622 623 1709 μάχῃ
640 1623 685 1688 ένι
702 1632 805 1706 φῶτας
820 1627 959 1709 ἐναίρειν·

163 1731 209 1794 καὶ
224 1728 250 1793 δ’
266 1729 331 1810 ἔχει
345 1727 426 1805 ἥβης
439 1725 538 1801 ἄνθος,
556 1727 574 1788 ὅ
588 1751 622 1791 τε
637 1728 743 1810 κρότος
759 1732 826 1794 ἐστὶ
840 1728 995 1812 μέγιστον.

163 1837 187 1897 εἰ
202 1832 259 1916 γὰρ
275 1831 415 1910 ὁμηλικίη
430 1855 467 1911 γε
481 1831 644 1910 γενοίμεθα
658 1833 726 1915 τῷδ’
743 1835 794 1896 ἐπὶ
810 1834 902 1917 θυμῷ,
1054 1848 1102 1909 485

162 1935 239 2017 αἶψά
255 1960 306 1998 κεν
319 1933 354 2012 ἠὲ
370 1931 493 2014 φέροιτο
508 1932 586 2016 μέγα
602 1934 716 2016 κρότος,
734 1936 769 2015 ἠὲ
784 1935 966 2018 φεροίμην.”

197 2039 260 2105 Ὣς
275 2035 375 2118 ἔφαθ’,
390 2038 419 2099 οἰ
435 2035 460 2099 δ’
475 2034 533 2116 ἄρα
548 2035 658 2104 πάντες
673 2039 726 2102 ένα
741 2041 834 2119 φρεσὶ
851 2039 943 2118 θυμὸν
960 2040 1081 2121 ἔχοντες

161 2142 287 2221 πλησίοι
304 2141 444 2218 ἔστησαν,
462 2137 547 2202 σάκε’
565 2140 674 2217 ὤμοισι
690 2143 854 2208 κλίναντες.

162 2247 282 2312 Αἰνείας
296 2242 323 2308 δ’
339 2240 482 2323 ἑτέρωθεν
497 2240 638 2308 ἐκέκλετο
654 2247 701 2311 οἰς
716 2244 859 2326 ἑτάροισι,

163 2348 326 2430 Δηΐφοβόν
341 2371 373 2410 τε
389 2344 488 2427 Πύριν
502 2345 527 2408 τ’
543 2348 658 2429 ε’σορῶν
673 2348 722 2410 καί
738 2346 888 2430 Ἀγήνορα
902 2353 976 2421 δῖον,
1052 2377 1104 2426 490

162 2457 191 2517 οἵ
205 2455 234 2515 οἰ
249 2450 297 2529 ἀμ’
313 2449 458 2531 ήγεμόνες
472 2448 585 2530 Τρόων
600 2450 684 2514 έσαν·
709 2450 802 2531 αύτδρ
816 2451 921 2514 ἔπειτα

162 2556 231 2619 λαοί
246 2554 357 2623 ἕπονθ’,
370 2549 408 2615 ὧς
421 2553 449 2616 εί
463 2575 497 2614 τε
510 2553 587 2630 μετὰ
602 2552 706 2615 κτίλον
722 2553 833 2616 έσπετο
849 2558 932 2634 μήλο

162 2654 277 2738 πιόμεν’
294 2656 327 2718 ἐκ
341 2651 483 2732 βοτάνης·
505 2652 632 2735 γάνυται
647 2655 673 2720 δ’
689 2655 747 2739 άρα
762 2680 795 2720 τε
810 2655 907 2738 φρένα
922 2655 1043 2736 ποιμήν·

163 2765 200 2828 ὣς
215 2760 320 2841 Αἰνεία
336 2755 427 2834 θυμὸς
441 2758 486 2820 ἐνὶ
504 2755 654 2834 στήθεσσι
668 2757 802 2841 γεγήθει,

163 2865 200 2931 ὡς
214 2867 259 2927 ἴδε
273 2866 357 2923 λαῶν
372 2860 458 2924 ἔθνος
473 2859 677 2938 ἐπισπόμενον
694 2865 740 2924 ἐοί
758 2861 846 2945 αύτῷ.
1053 2889 1103 2938 495

204 2969 244 3030 Οἱ
260 2964 285 3027 δ’
301 2961 375 3043 ἀμφ’
390 2961 547 3045 Ἀλκαθόῳ
563 2961 749 3044 αὐτοσχεδὸν
764 2961 946 3043 ὡρμήθησαν

162 3072 302 3151 μακροῖσι
318 3063 469 3143 ξυστοῖσι·
493 3065 560 3145 περί
577 3063 727 3143 στήθεσσι
742 3066 776 3129 δέ
790 3066 906 3149 χαλκὸς

164 3166 348 3252 σμερδαλέον
364 3165 505 3246 κονάβιζε
519 3166 741 3249 τιτυσκομένων
756 3165 821 3231 καθ’
837 3169 946 3247 ὅμιλον

163 3271 315 3351 ἀλλήλων·
338 3270 391 3334 δύο
406 3266 433 3332 δ’
447 3267 554 3351 ἄνδρες
569 3267 686 3352 Ἀρήϊοι
702 3268 811 3354 ἔξοχον
825 3269 939 3344 ἄλλων,

162 3378 281 3440 Αἰνείας
296 3399 329 3438 τε
345 3373 394 3435 καὶ
409 3371 581 3450 Ἰδομενεύς,
598 3372 761 3436 ἀτάλαντοι
773 3372 872 3454 Ἀρηῖ,
1053 3398 1103 3448 500

161 3477 231 3542 ἵεντ’
248 3474 393 3554 ἀλλήλων
408 3478 529 3554 ταμέειν
542 3479 620 3556 χρόα
636 3473 722 3554 νηλέϊ
736 3477 852 3560 χαλκῷ.

160 3580 281 3644 Αἰνείας
296 3581 328 3642 δὲ
345 3583 460 3658 πρῶτος
474 3577 633 3640 ἀκόντισεν
650 3580 828 3658 Ἰδομενῆος·

159 3682 231 3747 ἀλλ’
245 3684 262 3744 ὁ
275 3681 332 3760 μὲν
347 3680 423 3743 ἅντα
439 3680 511 3743 ἰδὼν
525 3679 653 3759 ἠλεύατο
668 3678 802 3762 χάλκεον
819 3679 918 3764 έγχος,
