2728 4230
596 809 813 884 ΙΛΙΑΔΟΣ
846 811 892 892 Ε.

558 1195 739 1281 Διομήδους
765 1197 927 1296 ἀριστεία.

270 1365 356 1434 Ἔνθ’
371 1368 408 1432 οῦ
421 1365 550 1456 Τυδείδη
567 1369 714 1450 Διομήδεϊ
728 1374 859 1438 Πολλάς
873 1367 988 1450 Ἀθήνη

271 1478 348 1536 διῦκε
361 1471 451 1551 μένος
467 1472 516 1536 καὶ
531 1471 651 1554 θάρσος,
668 1473 706 1538 ἵν’
723 1474 848 1552 ἔκδηλος
862 1477 938 1552 μετὰ
953 1478 1049 1539 πᾶσιν

270 1576 439 1657 Ἀργείοισι
453 1574 572 1656 γένοιτο
589 1579 633 1641 ίδέ
649 1576 737 1644 κλέος
752 1576 866 1642 ἔσθλάν
880 1578 992 1658 ἄροιτο·

271 1676 336 1741 δαῖέ
351 1680 380 1742 οἱ
396 1680 429 1741 ἔκ
445 1679 569 1759 κόρυθός
584 1704 618 1744 τε
634 1680 683 1744 καὶ
699 1681 828 1746 ἀσπίδος
843 1679 997 1757 ἀκάματον
1012 1685 1080 1762 πῦρ,

271 1779 371 1864 ἀστέρ’
389 1781 525 1868 ὀπωρινῷ
542 1784 724 1865 ἐναλίγκιον,
741 1785 775 1850 ὅς
788 1808 822 1848 τε
836 1781 972 1862 μάλιστα
1198 1809 1214 1862 5

271 1884 410 1965 λαμπρὸν
425 1885 620 1972 παμφαίνῃσι
635 1885 819 1965 λελουμένος
833 1885 1005 1949 Ὠκεανοῖο·

270 1989 353 2052 τοῖόν
369 1989 398 2051 οἱ
413 1992 471 2070 πῦρ
486 1993 570 2053 δοῖεν
586 1987 646 2052 ἀπὸ
662 1989 768 2070 κρατός
782 2012 815 2052 τε
831 1987 880 2051 καὶ
895 1987 992 2068 ὤμων,

271 2089 351 2174 ὦρσε
365 2088 399 2154 δέ
413 2116 465 2168 μιν
479 2090 555 2154 κατὰ
569 2089 696 2169 μέσσον,
712 2092 761 2154 ὅθι
779 2095 922 2154 πλεῖστοι
938 2089 1107 2158 κλονέοντο.

310 2192 374 2259 Ἦν
389 2192 423 2257 δέ
438 2217 483 2259 τις
498 2194 532 2256 ἔν
545 2193 688 2274 Τρώεσσι
704 2192 806 2274 Δάρης
821 2193 947 2274 ἀφνειὸς
963 2194 1095 2274 ἀμύμων,

273 2296 350 2380 ἱρεὺς
364 2295 562 2379 Ἡφαίστοιο·
584 2296 643 2358 δόω
659 2295 693 2359 δέ
708 2298 738 2359 οἱ
752 2295 830 2360 υἱέες
844 2294 951 2374 ἤστην,
1185 2323 1215 2359 10

271 2398 389 2481 Φηγεὺς
403 2398 514 2464 Ἰδαῖός
528 2422 571 2469 τε,
586 2397 686 2481 μάχης
701 2397 734 2462 εῦ
750 2398 846 2461 είδότε
861 2395 973 2477 πάσης.

271 2504 312 2567 τό
328 2505 356 2566 οἱ
373 2499 584 2583 ἀποκρινθέντε
600 2501 724 2565 ἐναντίω
740 2497 928 2581 ὁρμηθήτην·

271 2608 312 2669 τάν
327 2608 382 2685 μὲν
399 2605 451 2685 ἀφ’
467 2606 595 2676 ἵπποιιν,
615 2605 632 2666 ό
647 2601 674 2667 δ’
690 2604 750 2667 ἀπὸ
763 2602 875 2686 χθονὸς
891 2603 1002 2684 ὤρνυτο
1018 2606 1116 2684 πεζός.

272 2711 302 2772 οἱ
317 2707 341 2772 δ’
358 2709 408 2771 ὅτε
424 2707 460 2786 δὴ
477 2706 589 2789 σχεδὸν
604 2703 683 2783 ἦσαν
698 2702 746 2768 ἔπ’
761 2703 948 2784 ἀλλήλοισιν
963 2706 1069 2784 ίόντες,

273 2809 390 2892 Φηγεύς
403 2811 442 2891 ῥα
456 2809 599 2889 πρότερος
614 2806 713 2891 προίει
728 2809 926 2892 δολιχόσκιον
944 2808 1045 2892 ἔγχος·
1185 2837 1214 2888 ¹5

271 2911 419 2976 Τυδεΐδεω
434 2910 459 2975 δ’
475 2913 549 2992 ῦπέρ
564 2909 644 2991 ὦμον
660 2911 819 2993 ἀριστερὸν
833 2910 918 2990 ἤλυθ’
935 2911 1035 2990 ἀκωκὴ

273 3016 388 3097 ἔγχεος,
405 3013 467 3079 οὐδ’
482 3014 570 3093 ἔβαλ’
587 3015 686 3078 αὐτόν·
709 3016 726 3079 ἀ
741 3015 766 3078 δ’
782 3015 906 3095 θστερος
921 3015 1033 3095 ὤρνυτο
1048 3019 1154 3100 χαλκῷ

271 3115 423 3196 Τυδείδης·
446 3122 498 3180 τοῦ
513 3118 538 3180 δ’
554 3118 610 3201 οθχ
625 3117 714 3183 ἀλιον
728 3116 824 3197 βέλος
836 3117 949 3199 ἔκφυγε
966 3119 1078 3200 χειρός,

272 3220 341 3283 ἀλλ’
358 3221 454 3300 ἔβαλε
470 3222 579 3297 στῆθος
592 3219 781 3299 μεταμάζιον,
798 3216 861 3284 ἀσε
879 3219 903 3283 δ’
921 3219 973 3299 ἀφ’
990 3222 1100 3284 ἵππων.

272 3324 382 3390 ’[δαῖος
396 3323 421 3388 δ’
438 3324 591 3403 ἀπόρουσε
604 3323 704 3386 λιπὼν
718 3322 903 3403 περικαλλέα
918 3325 1035 3404 δίφρον,
1184 3353 1216 3389 το

274 3426 333 3491 οὐδ’
351 3427 423 3505 ἔτλη
440 3431 602 3507 περιβῆναι
618 3428 782 3508 ἀδελφειοῦ
798 3425 966 3504 κταμένοιο·

274 3532 342 3595 οὐδὲ
357 3534 414 3614 γάρ
430 3529 499 3594 οὐδέ
514 3556 565 3594 κεν
580 3529 668 3596 αῦτάς
683 3528 838 3610 ὑπέκφυγε
853 3533 929 3609 κῆρα
942 3528 1098 3609 μέλαιναν,

275 3633 343 3698 ἀλλ’
356 3633 533 3714 Ἥφαιστος
549 3632 642 3714 ἔρυτο,
660 3631 765 3696 σιίωσε
779 3634 812 3696 δὲ
827 3633 909 3697 νυκτὶ
925 3632 1073 3715 καλύψας,

276 3738 314 3802 ὣς
329 3735 365 3815 δή
382 3738 411 3800 οἱ
425 3736 466 3816 μή
483 3735 586 3820 πάγχυ
600 3734 697 3819 γέρων
713 3733 901 3817 ἀκαχήμενος
917 3738 946 3801 εί
965 3783 973 3800 .
