2874 4234
506 339 535 403 ι.
568 335 802 406 omma
835 343 873 404 ο.
1101 339 1163 424 ⁶35

259 511 275 541 “
286 511 390 588 Χαῖρε,
404 505 499 588 πάτερ
514 505 537 571 ὦ
554 504 641 586 ξεῖνέ·
665 508 738 574 ἔπος
752 507 778 570 δ’
794 508 823 572 εί
836 507 892 586 πέρ
907 533 936 569 τι
953 504 1107 586 βέβακται

214 612 324 687 δεινόν,
341 611 423 691 ἄφαρ
443 617 477 673 τὸ
493 610 613 693 φέροιεν
629 611 839 693 ἀναρπάξασαι
855 610 974 674 ἄελλαι.

215 715 265 777 σοὶ
281 715 314 777 δὲ
330 715 394 778 θεοὶ
413 715 528 800 άλοχόν
543 716 568 777 τ’
585 715 676 779 ἰδέειν
692 714 739 779 καὶ
757 715 874 795 πατρίδ’
892 712 1008 777 ἱκέσθαι
1113 739 1163 790 410

214 822 303 894 δοῖεν,
323 819 389 882 ἐπεὶ
404 819 441 898 δή
457 819 534 898 δηθὰ
550 820 651 901 φίλων
666 819 726 883 ἀπο
740 816 862 897 πήματα
878 813 1039 900 πάσχεις.”

257 921 320 985 Τὸν
335 921 360 984 δ’
376 922 619 1003 ἀπαμειβόμενος
634 924 775 1003 προσέφη
792 922 955 1001 πολύμητις
974 921 1152 986 Ὀδυσσεύς·

215 1029 236 1058 “
246 1022 294 1086 καὶ
310 1025 357 1099 σύ,
374 1026 476 1105 φίλος,
491 1025 573 1105 μάλα
588 1031 687 1110 χαῖρε,
703 1026 767 1089 θεοὶ
783 1025 816 1088 δέ
830 1049 879 1087 τοι
895 1026 991 1104 ὄλβια
1008 1028 1099 1100 δοῖεν,

213 1127 290 1205 μηδέ
304 1129 336 1191 τί
352 1153 398 1191 τοι
415 1127 521 1212 ξίφεός
534 1155 572 1211 γε
587 1130 666 1208 ποθή
682 1130 848 1208 μετόπισθε
863 1127 983 1209 γένοιτο

214 1230 328 1308 τούτου,
346 1230 362 1294 δ
378 1230 416 1310 δή
431 1257 482 1312 μοι
498 1239 604 1310 δῶκας,
622 1231 829 1313 ἀρεσσάμενος
846 1223 1019 1295 ἐπέεσσιν.”
1116 1253 1165 1306 415

255 1332 300 1395 Ἦ
315 1337 354 1416 ῥα
370 1337 418 1398 καὶ
434 1335 509 1417 ἀμφ’
525 1336 635 1416 ὤμοισι
652 1336 721 1399 θέτο
738 1333 828 1415 ξίφος
844 1335 1044 1416 ἀργυρόηλον.

214 1437 324 1502 δύσετό
338 1439 363 1500 τ’
379 1439 492 1517 ἠέλιος,
510 1438 611 1525 καὶτῷ
628 1437 721 1502 κλυτὰ
737 1445 815 1519 δῶρα
834 1442 960 1519 παρῆεν·

216 1539 264 1604 καὶ
279 1543 359 1624 τόγ’
375 1547 407 1609 ἐς
423 1543 596 1607 Ἀλκινόοιο
613 1543 709 1623 φέρον
724 1541 848 1622 κήρυκες
864 1543 981 1624 ἀγαυοί·

215 1644 370 1724 δεξάμενοι
388 1647 412 1710 δ’
430 1649 486 1726 ἀρα
500 1653 606 1713 παῖδες
623 1647 772 1726 ἀμύμονος
788 1646 960 1708 Ἀλκινόοιο

213 1747 302 1830 μητρὶ
318 1751 386 1831 παρ’
402 1752 499 1835 αἰδοίῃ
515 1751 625 1816 ἔθεσαν
640 1749 826 1831 περικαλλέα
842 1755 929 1829 δῶρα.
1115 1773 1166 1825 4²0

214 1858 314 1917 τοῖσιν
329 1854 355 1917 δ’
370 1854 526 1937 ἡγεμόνευ’
546 1857 626 1931 ἱερὸν
640 1853 729 1933 μένος
744 1851 927 1930 Ἀλκινόοιο,

215 1959 357 2023 ἐλθόντες
371 1961 404 2022 δὲ
421 1959 540 2036 καθῖζον
555 1960 589 2021 ἐν
605 1961 752 2037 ὑψηλοῖσι
769 1957 912 2037 θρόνοισι.

215 2060 250 2139 δή
266 2063 305 2144 ῥα
321 2061 380 2123 τότ’
396 2060 526 2142 Ἀρήτην
540 2063 681 2142 προσέφη
697 2060 786 2139 μένος
802 2060 982 2123 Ἀλκινόοιο·

258 2170 280 2199 “
291 2169 398 2245 Δεῦρο,
414 2166 512 2248 γύναι,
529 2166 603 2246 φέρε
618 2165 717 2247 χηλὸν
732 2161 897 2244 ἀριπρεπέ’,
912 2163 933 2242 ἥ
947 2187 993 2228 τις
1009 2163 1125 2243 ἀρίστη·

216 2270 249 2330 ἐν
267 2268 292 2331 δ’
307 2269 381 2348 αὐτὴ
398 2273 448 2334 θὲς
464 2273 561 2350 φάρος
578 2270 722 2333 ἐϋπλυνὲς
737 2267 790 2345 ἠδὲ
805 2273 927 2348 χιτῶνα.
1116 2293 1165 2344 425

215 2373 295 2453 ἀμφὶ
310 2375 344 2438 δέ
359 2374 387 2435 οί
403 2370 473 2454 πυρὶ
489 2373 605 2456 χαλκὸν
622 2367 733 2450 ίήνατέ,
750 2371 873 2452 θέρμετε
885 2370 911 2434 δ’
926 2372 1014 2451 ὕδωρ,

216 2477 297 2556 ὄφρα
312 2475 522 2556 λοεσσάμενός
538 2497 572 2540 τε
587 2476 699 2540 ἰδόντ’
717 2476 749 2540 εδ
766 2476 888 2554 κείμενα
903 2474 1001 2539 πάντα

215 2584 304 2661 δῶρα,
320 2579 357 2641 τά
373 2583 401 2642 οἱ
418 2581 550 2658 Φαίηκες
565 2581 714 2660 ἀμύμονες
728 2578 828 2642 ἐνθάδ’
845 2579 972 2657 ἔνεικαν,

216 2683 296 2746 δαιτί
309 2708 341 2746 τε
356 2683 501 2764 τέρπηται
518 2681 567 2747 καὶ
588 2685 690 2760 ἀοιδῆς
705 2685 800 2762 ύμνον
814 2683 939 2746 ἀκούων.

216 2787 265 2848 καί
279 2789 309 2849 οί
325 2789 384 2869 ἐγὼ
400 2787 461 2851 τόδ’
477 2789 605 2851 ἀλεισον
620 2790 693 2866 ἐμὸν
707 2788 890 2868 περικαλλὲς
907 2784 1048 2864 ὀπάσσω,
1115 2811 1167 2862 430

214 2889 358 2972 χρύσεον,
373 2891 443 2972 ὄφρ’
459 2893 565 2972 ἐμέθεν
581 2890 766 2971 μεμνημένος
781 2888 880 2972 ἤματα
897 2888 993 2954 πάντα

216 2993 331 3080 σπένδῃ
348 2994 391 3058 ἐνὶ
406 2995 526 3079 μεγάρῳ
545 2996 598 3058 Διί
612 2996 638 3058 τ’
657 2995 804 3058 ἄλλοισίν
819 3020 851 3058 τε
868 2989 1015 3057 θεοῖσιν.”

252 3095 315 3164 Ὣς
332 3099 430 3179 ἔφατ’,
445 3097 555 3180 ’Λρήτη
571 3103 605 3162 δὲ
620 3098 695 3176 μετὰ
711 3096 845 3182 δμῳῇσιν
861 3097 962 3161 ἔειπεν

216 3201 293 3282 ἀμφὶ
310 3200 378 3283 πυρὶ
395 3205 507 3281 στῆσαι
524 3203 649 3282 τρίποδα
664 3201 760 3284 μέγαν
775 3201 838 3264 ὅττι
853 3199 993 3283 τάχιστα.

215 3305 247 3367 αἱ
263 3306 295 3366 δὲ
310 3308 494 3388 λοετροχόον
508 3306 625 3387 τρίποδ’
640 3308 773 3369 ἵστασαν
789 3307 823 3369 ἐν
838 3305 907 3385 πυρὶ
924 3302 1033 3388 κηλέῳ,
1117 3332 1167 3382 435

216 3409 250 3470 έν
265 3407 290 3470 δ’
306 3407 352 3488 ἄρ’
367 3410 445 3489 ύδωρ
464 3410 565 3492 ἔχεαν,
581 3409 640 3472 ἀπὸ
657 3411 689 3472 δέ
707 3408 782 3487 ξύλα
799 3413 885 3472 δαῖον
902 3411 1036 3471 ἔλοΰσαι.

214 3508 350 3592 γάστρην
363 3515 418 3592 μὲν
433 3515 571 3594 τρίποδος
587 3519 645 3594 πῦρ
661 3512 793 3594 ἀμφεπε,
811 3511 936 3592 θέρμετο
951 3512 977 3576 δ’
992 3513 1069 3592 ὕδωρ

216 3614 314 3695 τόφρα
329 3613 354 3678 δ’
369 3613 416 3696 ἀρ’
432 3615 541 3698 Ἀρήτη
559 3615 646 3702 ξείνῳ
659 3614 844 3698 περικαλλέα
859 3616 958 3698 χηλὸν

216 3715 361 3799 ἐξέφερεν
377 3718 534 3799 θαλάμοιο,
549 3725 624 3786 τίθει
640 3720 666 3784 δ’
682 3723 727 3787 ἐνὶ
743 3719 878 3799 κάλλιμα
894 3725 982 3800 δῶρα,
