<?xml version="1.0" encoding="UTF-8"?>
<!DOCTYPE html PUBLIC "-//W3C//DTD XHTML 1.0 Transitional//EN"
    "http://www.w3.org/TR/xhtml1/DTD/xhtml1-transitional.dtd">
<html xmlns="http://www.w3.org/1999/xhtml" xml:lang="en" lang="en">
 <head>
  <title>
</title>
<meta http-equiv="Content-Type" content="text/html;charset=utf-8" />
  <meta name='ocr-system' content='tesseract 3.04.00' />
  <meta name='ocr-capabilities' content='ocr_page ocr_carea ocr_par ocr_line ocrx_word'/>
</head>
<body>
  <div class='ocr_page' id='page_1' title='image "./homerioperaetre00homegoog_0518.png"; bbox 0 0 2908 4232; ppageno 0'>
   <div class='ocr_carea' id='block_1_1' title="bbox 311 339 934 422">
    <p class='ocr_par' dir='ltr' id='par_1_1' title="bbox 311 339 934 422">
     <span class='ocr_line' id='line_1_1' title="bbox 311 339 934 422; baseline 0.008 -21"><span class='ocrx_word' id='word_1_1' title='bbox 311 339 375 422; x_wconf 79' lang='lat'>49⁸</span> <span class='ocrx_word' id='word_1_2' title='bbox 627 357 676 420; x_wconf 69' lang='grc' dir='ltr'>ιη</span> <span class='ocrx_word' id='word_1_3' title='bbox 701 344 871 404; x_wconf 75' lang='grc' dir='ltr'>ικικλον</span> <span class='ocrx_word' id='word_1_4' title='bbox 893 344 934 406; x_wconf 79' lang='grc' dir='ltr'>ει.</span> 
     </span>
    </p>
   </div>
   <div class='ocr_carea' id='block_1_2' title="bbox 234 510 1260 3806">
    <p class='ocr_par' dir='ltr' id='par_1_2' title="bbox 234 510 1260 3806">
     <span class='ocr_line' id='line_1_2' title="bbox 311 510 1131 604; baseline 0.004 -30"><span class='ocrx_word' id='word_1_5' title='bbox 311 510 502 594; x_wconf 72' lang='grc' dir='ltr'>μνησάμενος</span> <span class='ocrx_word' id='word_1_6' title='bbox 517 518 574 576; x_wconf 82' lang='grc' dir='ltr'>σοῦ</span> <span class='ocrx_word' id='word_1_7' title='bbox 588 515 709 596; x_wconf 86' lang='grc' dir='ltr'>πατρός·</span> <span class='ocrx_word' id='word_1_8' title='bbox 733 515 791 604; x_wconf 76' lang='grc' dir='ltr'>ε’γδ</span> <span class='ocrx_word' id='word_1_9' title='bbox 807 511 834 579; x_wconf 90' lang='grc' dir='ltr'>δ’</span> <span class='ocrx_word' id='word_1_10' title='bbox 851 514 1053 595; x_wconf 81' lang='grc' dir='ltr'>ἐλεεινότερός</span> <span class='ocrx_word' id='word_1_11' title='bbox 1067 523 1131 596; x_wconf 86' lang='grc' dir='ltr'>περ,</span> 
     </span>
     <span class='ocr_line' id='line_1_3' title="bbox 312 613 1252 702; baseline -0.003 -21"><span class='ocrx_word' id='word_1_12' title='bbox 312 617 403 694; x_wconf 81' lang='grc' dir='ltr'>ἔτλην</span> <span class='ocrx_word' id='word_1_13' title='bbox 418 613 445 679; x_wconf 83' lang='grc' dir='ltr'>δ’</span> <span class='ocrx_word' id='word_1_14' title='bbox 461 613 500 679; x_wconf 86' lang='grc' dir='ltr'>οῖ’</span> <span class='ocrx_word' id='word_1_15' title='bbox 516 616 550 679; x_wconf 89' lang='grc' dir='ltr'>ού</span> <span class='ocrx_word' id='word_1_16' title='bbox 565 618 611 680; x_wconf 91' lang='grc' dir='ltr'>πώ</span> <span class='ocrx_word' id='word_1_17' title='bbox 627 643 672 684; x_wconf 88' lang='grc' dir='ltr'>τις</span> <span class='ocrx_word' id='word_1_18' title='bbox 687 613 861 702; x_wconf 72' lang='grc' dir='ltr'>ἐπιχθόνιος</span> <span class='ocrx_word' id='word_1_19' title='bbox 875 616 986 699; x_wconf 86' lang='grc' dir='ltr'>βροτὸς</span> <span class='ocrx_word' id='word_1_20' title='bbox 1001 617 1106 693; x_wconf 85' lang='grc' dir='ltr'>ἀλλος,</span> <span class='ocrx_word' id='word_1_21' title='bbox 1209 643 1252 692; x_wconf 88' lang='grc' dir='ltr'>5ο5</span> 
     </span>
     <span class='ocr_line' id='line_1_4' title="bbox 312 717 1132 805; baseline 0.002 -23"><span class='ocrx_word' id='word_1_22' title='bbox 312 719 417 800; x_wconf 80' lang='grc' dir='ltr'>ἀνδρὸς</span> <span class='ocrx_word' id='word_1_23' title='bbox 433 721 632 801; x_wconf 83' lang='grc' dir='ltr'>παιδοφόνοιο</span> <span class='ocrx_word' id='word_1_24' title='bbox 648 719 718 785; x_wconf 81' lang='grc' dir='ltr'>ποτὶ</span> <span class='ocrx_word' id='word_1_25' title='bbox 734 723 831 802; x_wconf 83' lang='grc' dir='ltr'>στόμα</span> <span class='ocrx_word' id='word_1_26' title='bbox 846 718 924 805; x_wconf 90' lang='grc' dir='ltr'>χεῖρ’</span> <span class='ocrx_word' id='word_1_27' title='bbox 940 717 1132 803; x_wconf 88' lang='grc' dir='ltr'>ὀρέγεσθαι.”</span> 
     </span>
     <span class='ocr_line' id='line_1_5' title="bbox 347 821 1208 909; baseline 0.002 -25"><span class='ocrx_word' id='word_1_28' title='bbox 347 821 411 889; x_wconf 83' lang='grc' dir='ltr'>Ὣς</span> <span class='ocrx_word' id='word_1_29' title='bbox 425 822 515 904; x_wconf 88' lang='grc' dir='ltr'>φάτο,</span> <span class='ocrx_word' id='word_1_30' title='bbox 532 825 573 909; x_wconf 75' lang='grc' dir='ltr'>τῷ</span> <span class='ocrx_word' id='word_1_31' title='bbox 589 823 614 887; x_wconf 90' lang='grc' dir='ltr'>δ’</span> <span class='ocrx_word' id='word_1_32' title='bbox 631 825 688 906; x_wconf 90' lang='grc' dir='ltr'>άρα</span> <span class='ocrx_word' id='word_1_33' title='bbox 703 825 814 906; x_wconf 83' lang='grc' dir='ltr'>πατρὸς</span> <span class='ocrx_word' id='word_1_34' title='bbox 828 824 880 905; x_wconf 80' lang='grc' dir='ltr'>ὑφ’</span> <span class='ocrx_word' id='word_1_35' title='bbox 901 827 1004 906; x_wconf 83' lang='grc' dir='ltr'>ἵμερον</span> <span class='ocrx_word' id='word_1_36' title='bbox 1019 821 1099 906; x_wconf 79' lang='grc' dir='ltr'>ἀρσε</span> <span class='ocrx_word' id='word_1_37' title='bbox 1113 824 1208 905; x_wconf 90' lang='grc' dir='ltr'>γόοιο·</span> 
     </span>
     <span class='ocr_line' id='line_1_6' title="bbox 310 926 1085 1012; baseline 0.004 -24"><span class='ocrx_word' id='word_1_38' title='bbox 310 926 467 1008; x_wconf 78' lang='grc' dir='ltr'>ἁψάμενος</span> <span class='ocrx_word' id='word_1_39' title='bbox 483 928 507 992; x_wconf 92' lang='grc' dir='ltr'>δ’</span> <span class='ocrx_word' id='word_1_40' title='bbox 524 928 581 1010; x_wconf 90' lang='grc' dir='ltr'>άρα</span> <span class='ocrx_word' id='word_1_41' title='bbox 596 935 698 1012; x_wconf 88' lang='grc' dir='ltr'>χειρὸς</span> <span class='ocrx_word' id='word_1_42' title='bbox 714 929 858 992; x_wconf 80' lang='grc' dir='ltr'>ἀπώσατο</span> <span class='ocrx_word' id='word_1_43' title='bbox 874 926 932 1007; x_wconf 86' lang='grc' dir='ltr'>ῆκα</span> <span class='ocrx_word' id='word_1_44' title='bbox 949 927 1085 1010; x_wconf 85' lang='grc' dir='ltr'>γέροντα.</span> 
     </span>
     <span class='ocr_line' id='line_1_7' title="bbox 310 1030 1084 1114; baseline 0.004 -22"><span class='ocrx_word' id='word_1_45' title='bbox 310 1033 351 1094; x_wconf 83' lang='grc' dir='ltr'>τδι</span> <span class='ocrx_word' id='word_1_46' title='bbox 367 1035 400 1096; x_wconf 75' lang='grc' dir='ltr'>δὲ</span> <span class='ocrx_word' id='word_1_47' title='bbox 415 1030 608 1114; x_wconf 74' lang='grc' dir='ltr'>μνησαμένω,</span> <span class='ocrx_word' id='word_1_48' title='bbox 626 1035 642 1095; x_wconf 88' lang='grc' dir='ltr'>ὁ</span> <span class='ocrx_word' id='word_1_49' title='bbox 656 1035 713 1114; x_wconf 76' lang='grc' dir='ltr'>μὲν</span> <span class='ocrx_word' id='word_1_50' title='bbox 724 1031 869 1113; x_wconf 86' lang='grc' dir='ltr'>Ἕκτορος</span> <span class='ocrx_word' id='word_1_51' title='bbox 885 1033 1084 1114; x_wconf 82' lang='grc' dir='ltr'>ἀνδροφόνοιο</span> 
     </span>
     <span class='ocr_line' id='line_1_8' title="bbox 312 1134 1256 1220; baseline -0.001 -23"><span class='ocrx_word' id='word_1_52' title='bbox 312 1135 389 1198; x_wconf 85' lang='grc' dir='ltr'>κλαῖ</span> <span class='ocrx_word' id='word_1_53' title='bbox 406 1138 494 1200; x_wconf 81' lang='grc' dir='ltr'>ἀδινὰ</span> <span class='ocrx_word' id='word_1_54' title='bbox 509 1134 694 1217; x_wconf 83' lang='grc' dir='ltr'>προπάροιθε</span> <span class='ocrx_word' id='word_1_55' title='bbox 711 1141 811 1200; x_wconf 90' lang='grc' dir='ltr'>ποδῶν</span> <span class='ocrx_word' id='word_1_56' title='bbox 826 1135 973 1220; x_wconf 80' lang='grc' dir='ltr'>Ἀχιλῆος</span> <span class='ocrx_word' id='word_1_57' title='bbox 989 1137 1137 1211; x_wconf 81' lang='grc' dir='ltr'>ἐλυσθείς,</span> <span class='ocrx_word' id='word_1_58' title='bbox 1210 1161 1256 1212; x_wconf 84' lang='lat'>51⁰</span> 
     </span>
     <span class='ocr_line' id='line_1_9' title="bbox 311 1238 1154 1322; baseline -0.001 -19"><span class='ocrx_word' id='word_1_59' title='bbox 311 1239 403 1321; x_wconf 80' lang='grc' dir='ltr'>αὐτὰρ</span> <span class='ocrx_word' id='word_1_60' title='bbox 417 1239 583 1322; x_wconf 83' lang='grc' dir='ltr'>Ἀχιλλεὺς</span> <span class='ocrx_word' id='word_1_61' title='bbox 599 1244 702 1304; x_wconf 86' lang='grc' dir='ltr'>κλαῖεν</span> <span class='ocrx_word' id='word_1_62' title='bbox 719 1243 769 1303; x_wconf 83' lang='grc' dir='ltr'>ἐδν</span> <span class='ocrx_word' id='word_1_63' title='bbox 785 1238 896 1321; x_wconf 87' lang='grc' dir='ltr'>πατέρ’,</span> <span class='ocrx_word' id='word_1_64' title='bbox 913 1239 1027 1302; x_wconf 87' lang='grc' dir='ltr'>άλλοτε</span> <span class='ocrx_word' id='word_1_65' title='bbox 1042 1239 1067 1302; x_wconf 86' lang='grc' dir='ltr'>δ’</span> <span class='ocrx_word' id='word_1_66' title='bbox 1084 1239 1154 1302; x_wconf 79' lang='grc' dir='ltr'>αὖτε</span> 
     </span>
     <span class='ocr_line' id='line_1_10' title="bbox 311 1338 1130 1426; baseline 0.001 -23"><span class='ocrx_word' id='word_1_67' title='bbox 311 1338 500 1423; x_wconf 87' lang='grc' dir='ltr'>Πάτροκλον·</span> <span class='ocrx_word' id='word_1_68' title='bbox 524 1349 583 1406; x_wconf 89' lang='grc' dir='ltr'>τῶν</span> <span class='ocrx_word' id='word_1_69' title='bbox 598 1344 631 1406; x_wconf 84' lang='grc' dir='ltr'>δὲ</span> <span class='ocrx_word' id='word_1_70' title='bbox 648 1342 783 1426; x_wconf 76' lang='grc' dir='ltr'>στοναχὴ</span> <span class='ocrx_word' id='word_1_71' title='bbox 800 1345 875 1406; x_wconf 81' lang='grc' dir='ltr'>κατὰ</span> <span class='ocrx_word' id='word_1_72' title='bbox 890 1340 999 1421; x_wconf 80' lang='grc' dir='ltr'>δώματ’</span> <span class='ocrx_word' id='word_1_73' title='bbox 1015 1343 1130 1424; x_wconf 85' lang='grc' dir='ltr'>ὀρώρει.</span> 
     </span>
     <span class='ocr_line' id='line_1_11' title="bbox 312 1444 1082 1530; baseline 0.008 -23"><span class='ocrx_word' id='word_1_74' title='bbox 312 1444 403 1525; x_wconf 83' lang='grc' dir='ltr'>αύτδρ</span> <span class='ocrx_word' id='word_1_75' title='bbox 418 1447 488 1510; x_wconf 89' lang='grc' dir='ltr'>ἐπεί</span> <span class='ocrx_word' id='word_1_76' title='bbox 500 1447 538 1529; x_wconf 81' lang='grc' dir='ltr'>ῥα</span> <span class='ocrx_word' id='word_1_77' title='bbox 552 1447 638 1530; x_wconf 90' lang='grc' dir='ltr'>γόοιο</span> <span class='ocrx_word' id='word_1_78' title='bbox 653 1445 815 1528; x_wconf 86' lang='grc' dir='ltr'>τετάρπετο</span> <span class='ocrx_word' id='word_1_79' title='bbox 833 1451 895 1513; x_wconf 87' lang='grc' dir='ltr'>δῖος</span> <span class='ocrx_word' id='word_1_80' title='bbox 911 1445 1082 1529; x_wconf 82' lang='grc' dir='ltr'>Ἀχιλλεύς,</span> 
     </span>
     <span class='ocr_line' id='line_1_12' title="bbox 312 1549 1114 1632; baseline -0.001 -20"><span class='ocrx_word' id='word_1_81' title='bbox 312 1550 362 1613; x_wconf 89' lang='grc' dir='ltr'>καί</span> <span class='ocrx_word' id='word_1_82' title='bbox 376 1550 405 1611; x_wconf 84' lang='grc' dir='ltr'>οῖ</span> <span class='ocrx_word' id='word_1_83' title='bbox 422 1549 481 1614; x_wconf 84' lang='grc' dir='ltr'>ἀπὸ</span> <span class='ocrx_word' id='word_1_84' title='bbox 500 1551 656 1632; x_wconf 83' lang='grc' dir='ltr'>πραπίδων</span> <span class='ocrx_word' id='word_1_85' title='bbox 673 1549 740 1629; x_wconf 82' lang='grc' dir='ltr'>ἦλθ’</span> <span class='ocrx_word' id='word_1_86' title='bbox 758 1553 859 1632; x_wconf 83' lang='grc' dir='ltr'>ἵμερος</span> <span class='ocrx_word' id='word_1_87' title='bbox 875 1550 922 1629; x_wconf 84' lang='grc' dir='ltr'>ἠδ’</span> <span class='ocrx_word' id='word_1_88' title='bbox 938 1551 998 1613; x_wconf 89' lang='grc' dir='ltr'>ἀπδ</span> <span class='ocrx_word' id='word_1_89' title='bbox 1011 1549 1114 1631; x_wconf 86' lang='grc' dir='ltr'>γυίων,</span> 
     </span>
     <span class='ocr_line' id='line_1_13' title="bbox 311 1650 1255 1737; baseline -0.002 -22"><span class='ocrx_word' id='word_1_90' title='bbox 311 1650 404 1716; x_wconf 81' lang='grc' dir='ltr'>αὐτίκ’</span> <span class='ocrx_word' id='word_1_91' title='bbox 421 1654 481 1718; x_wconf 89' lang='grc' dir='ltr'>ἀπδ</span> <span class='ocrx_word' id='word_1_92' title='bbox 497 1655 604 1736; x_wconf 90' lang='grc' dir='ltr'>θρόνου</span> <span class='ocrx_word' id='word_1_93' title='bbox 618 1652 705 1736; x_wconf 80' lang='grc' dir='ltr'>ῶρτο,</span> <span class='ocrx_word' id='word_1_94' title='bbox 721 1654 848 1737; x_wconf 85' lang='grc' dir='ltr'>γέροντα</span> <span class='ocrx_word' id='word_1_95' title='bbox 863 1655 897 1717; x_wconf 80' lang='grc' dir='ltr'>δὲ</span> <span class='ocrx_word' id='word_1_96' title='bbox 911 1658 1013 1734; x_wconf 88' lang='grc' dir='ltr'>χειρὸς</span> <span class='ocrx_word' id='word_1_97' title='bbox 1029 1652 1146 1731; x_wconf 88' lang='grc' dir='ltr'>ἀνίστη,</span> <span class='ocrx_word' id='word_1_98' title='bbox 1210 1679 1237 1728; x_wconf 86' lang='grc' dir='ltr'>5ι</span> <span class='ocrx_word' id='word_1_99' title='bbox 1243 1679 1255 1728; x_wconf 88' lang='grc'>5</span> 
     </span>
     <span class='ocr_line' id='line_1_14' title="bbox 258 1755 1047 1839; baseline -0.003 -20"><span class='ocrx_word' id='word_1_100' title='bbox 258 1831 259 1836; x_wconf 12' lang='lat'>¹</span> <span class='ocrx_word' id='word_1_101' title='bbox 312 1757 464 1838; x_wconf 71' lang='grc' dir='ltr'>οἰκτείρων</span> <span class='ocrx_word' id='word_1_102' title='bbox 480 1756 590 1822; x_wconf 89' lang='grc' dir='ltr'>πολιόν</span> <span class='ocrx_word' id='word_1_103' title='bbox 608 1782 640 1821; x_wconf 91' lang='grc' dir='ltr'>τε</span> <span class='ocrx_word' id='word_1_104' title='bbox 656 1755 729 1838; x_wconf 90' lang='grc' dir='ltr'>κάρη</span> <span class='ocrx_word' id='word_1_105' title='bbox 746 1758 857 1822; x_wconf 89' lang='grc' dir='ltr'>πολιόν</span> <span class='ocrx_word' id='word_1_106' title='bbox 872 1782 905 1820; x_wconf 87' lang='grc' dir='ltr'>τε</span> <span class='ocrx_word' id='word_1_107' title='bbox 919 1756 1047 1839; x_wconf 85' lang='grc' dir='ltr'>γένειον,</span> 
     </span>
     <span class='ocr_line' id='line_1_15' title="bbox 312 1858 1040 1943; baseline 0 -20"><span class='ocrx_word' id='word_1_108' title='bbox 312 1859 362 1923; x_wconf 88' lang='grc' dir='ltr'>καί</span> <span class='ocrx_word' id='word_1_109' title='bbox 375 1886 427 1941; x_wconf 89' lang='grc' dir='ltr'>μιν</span> <span class='ocrx_word' id='word_1_110' title='bbox 443 1859 588 1941; x_wconf 78' lang='grc' dir='ltr'>φωνήσας</span> <span class='ocrx_word' id='word_1_111' title='bbox 604 1860 679 1924; x_wconf 84' lang='grc' dir='ltr'>ἔπεα</span> <span class='ocrx_word' id='word_1_112' title='bbox 694 1861 857 1942; x_wconf 89' lang='grc' dir='ltr'>πτερόεντα</span> <span class='ocrx_word' id='word_1_113' title='bbox 876 1858 1040 1943; x_wconf 86' lang='grc' dir='ltr'>προσηύδα·</span> 
     </span>
     <span class='ocr_line' id='line_1_16' title="bbox 312 1957 1156 2046; baseline 0 -21"><span class='ocrx_word' id='word_1_114' title='bbox 312 1963 358 2025; x_wconf 58' lang='lat' dir='ltr'>“a</span> <span class='ocrx_word' id='word_1_115' title='bbox 374 1963 459 2040; x_wconf 88' lang='grc' dir='ltr'>δείλ’,</span> <span class='ocrx_word' id='word_1_116' title='bbox 476 1957 543 2043; x_wconf 85' lang='grc' dir='ltr'>ῆδῆ</span> <span class='ocrx_word' id='word_1_117' title='bbox 560 1967 663 2027; x_wconf 87' lang='grc' dir='ltr'>πολλδ</span> <span class='ocrx_word' id='word_1_118' title='bbox 679 1961 743 2028; x_wconf 86' lang='grc' dir='ltr'>κάκ’</span> <span class='ocrx_word' id='word_1_119' title='bbox 760 1964 876 2046; x_wconf 91' lang='grc' dir='ltr'>άνσχεο</span> <span class='ocrx_word' id='word_1_120' title='bbox 892 1969 949 2028; x_wconf 87' lang='grc' dir='ltr'>σδυ</span> <span class='ocrx_word' id='word_1_121' title='bbox 964 1965 1040 2027; x_wconf 87' lang='grc' dir='ltr'>κατδ</span> <span class='ocrx_word' id='word_1_122' title='bbox 1055 1965 1156 2042; x_wconf 89' lang='grc' dir='ltr'>θυμόν.</span> 
     </span>
     <span class='ocr_line' id='line_1_17' title="bbox 311 2067 1012 2150; baseline 0.004 -20"><span class='ocrx_word' id='word_1_123' title='bbox 311 2073 374 2133; x_wconf 84' lang='grc' dir='ltr'>πῶς</span> <span class='ocrx_word' id='word_1_124' title='bbox 389 2067 478 2145; x_wconf 86' lang='grc' dir='ltr'>έτλης</span> <span class='ocrx_word' id='word_1_125' title='bbox 495 2068 545 2132; x_wconf 86' lang='grc' dir='ltr'>ἐπὶ</span> <span class='ocrx_word' id='word_1_126' title='bbox 561 2070 633 2145; x_wconf 89' lang='grc' dir='ltr'>νῆας</span> <span class='ocrx_word' id='word_1_127' title='bbox 647 2067 782 2150; x_wconf 82' lang='grc' dir='ltr'>Ἀχαιῶν</span> <span class='ocrx_word' id='word_1_128' title='bbox 798 2068 925 2148; x_wconf 77' lang='grc' dir='ltr'>ἐλθέμεν</span> <span class='ocrx_word' id='word_1_129' title='bbox 939 2067 1012 2140; x_wconf 85' lang='grc' dir='ltr'>οἶος,</span> 
     </span>
     <span class='ocr_line' id='line_1_18' title="bbox 311 2168 1258 2254; baseline -0.004 -20"><span class='ocrx_word' id='word_1_130' title='bbox 311 2170 417 2253; x_wconf 86' lang='grc' dir='ltr'>ἀνδρὸς</span> <span class='ocrx_word' id='word_1_131' title='bbox 432 2173 463 2237; x_wconf 83' lang='grc' dir='ltr'>ἐς</span> <span class='ocrx_word' id='word_1_132' title='bbox 479 2171 656 2254; x_wconf 84' lang='grc' dir='ltr'>ὀφθαλμοὺς</span> <span class='ocrx_word' id='word_1_133' title='bbox 671 2173 704 2238; x_wconf 84' lang='grc' dir='ltr'>ἀς</span> <span class='ocrx_word' id='word_1_134' title='bbox 721 2188 769 2235; x_wconf 87' lang='grc' dir='ltr'>τοι</span> <span class='ocrx_word' id='word_1_135' title='bbox 785 2171 898 2238; x_wconf 90' lang='grc' dir='ltr'>πολέος</span> <span class='ocrx_word' id='word_1_136' title='bbox 913 2197 946 2235; x_wconf 88' lang='grc' dir='ltr'>τε</span> <span class='ocrx_word' id='word_1_137' title='bbox 965 2171 1013 2234; x_wconf 86' lang='grc' dir='ltr'>καὶ</span> <span class='ocrx_word' id='word_1_138' title='bbox 1033 2168 1163 2234; x_wconf 80' lang='grc' dir='ltr'>ἐσθλοὺς</span> <span class='ocrx_word' id='word_1_139' title='bbox 1208 2195 1258 2245; x_wconf 81' lang='lat'>520</span> 
     </span>
     <span class='ocr_line' id='line_1_19' title="bbox 310 2272 970 2357; baseline -0.003 -19"><span class='ocrx_word' id='word_1_140' title='bbox 310 2272 394 2340; x_wconf 87' lang='grc' dir='ltr'>υἱέας</span> <span class='ocrx_word' id='word_1_141' title='bbox 408 2272 585 2357; x_wconf 69' lang='grc' dir='ltr'>ἐξενάριξας</span> <span class='ocrx_word' id='word_1_142' title='bbox 607 2273 761 2355; x_wconf 78' lang='grc' dir='ltr'>σιδήρειόν</span> <span class='ocrx_word' id='word_1_143' title='bbox 777 2275 813 2340; x_wconf 91' lang='grc' dir='ltr'>νύ</span> <span class='ocrx_word' id='word_1_144' title='bbox 827 2299 873 2337; x_wconf 87' lang='grc' dir='ltr'>τοι</span> <span class='ocrx_word' id='word_1_145' title='bbox 889 2272 970 2354; x_wconf 84' lang='grc' dir='ltr'>ῆτορ.</span> 
     </span>
     <span class='ocr_line' id='line_1_20' title="bbox 234 2375 1200 2459; baseline 0 -19"><span class='ocrx_word' id='word_1_146' title='bbox 234 2412 236 2418; x_wconf 40' lang='lat' dir='ltr'>v</span> <span class='ocrx_word' id='word_1_147' title='bbox 312 2376 381 2440; x_wconf 85' lang='grc' dir='ltr'>ἀλλ’</span> <span class='ocrx_word' id='word_1_148' title='bbox 398 2377 452 2459; x_wconf 87' lang='grc' dir='ltr'>άγε</span> <span class='ocrx_word' id='word_1_149' title='bbox 467 2378 503 2458; x_wconf 86' lang='grc' dir='ltr'>δῆ</span> <span class='ocrx_word' id='word_1_150' title='bbox 520 2376 584 2441; x_wconf 88' lang='grc' dir='ltr'>κατ’</span> <span class='ocrx_word' id='word_1_151' title='bbox 599 2375 647 2457; x_wconf 79' lang='grc' dir='ltr'>ἀρ’</span> <span class='ocrx_word' id='word_1_152' title='bbox 662 2377 727 2454; x_wconf 73' lang='grc' dir='ltr'>ἕζευ</span> <span class='ocrx_word' id='word_1_153' title='bbox 743 2377 793 2440; x_wconf 85' lang='grc' dir='ltr'>ἐπὶ</span> <span class='ocrx_word' id='word_1_154' title='bbox 813 2378 928 2459; x_wconf 88' lang='grc' dir='ltr'>θρόνου,</span> <span class='ocrx_word' id='word_1_155' title='bbox 947 2376 1045 2458; x_wconf 91' lang='grc' dir='ltr'>άλγεα</span> <span class='ocrx_word' id='word_1_156' title='bbox 1060 2377 1087 2439; x_wconf 89' lang='grc' dir='ltr'>δ’</span> <span class='ocrx_word' id='word_1_157' title='bbox 1104 2375 1200 2456; x_wconf 84' lang='grc' dir='ltr'>έμπης</span> 
     </span>
     <span class='ocr_line' id='line_1_21' title="bbox 312 2478 1062 2564; baseline 0 -22"><span class='ocrx_word' id='word_1_158' title='bbox 312 2481 345 2544; x_wconf 78' lang='grc' dir='ltr'>ἐν</span> <span class='ocrx_word' id='word_1_159' title='bbox 363 2481 443 2564; x_wconf 74' lang='grc' dir='ltr'>θυμῷ</span> <span class='ocrx_word' id='word_1_160' title='bbox 461 2484 654 2544; x_wconf 88' lang='grc' dir='ltr'>κατακεῖσθαι</span> <span class='ocrx_word' id='word_1_161' title='bbox 670 2478 800 2559; x_wconf 79' lang='grc' dir='ltr'>ἐάσομεν</span> <span class='ocrx_word' id='word_1_162' title='bbox 819 2478 983 2562; x_wconf 81' lang='grc' dir='ltr'>ἀχνύμενοί</span> <span class='ocrx_word' id='word_1_163' title='bbox 996 2499 1062 2559; x_wconf 87' lang='grc' dir='ltr'>περ·</span> 
     </span>
     <span class='ocr_line' id='line_1_22' title="bbox 312 2583 1005 2666; baseline 0.003 -20"><span class='ocrx_word' id='word_1_164' title='bbox 312 2584 347 2647; x_wconf 89' lang='grc' dir='ltr'>ού</span> <span class='ocrx_word' id='word_1_165' title='bbox 364 2584 421 2666; x_wconf 90' lang='grc' dir='ltr'>γάρ</span> <span class='ocrx_word' id='word_1_166' title='bbox 437 2609 481 2649; x_wconf 87' lang='grc' dir='ltr'>τις</span> <span class='ocrx_word' id='word_1_167' title='bbox 496 2583 603 2666; x_wconf 82' lang='grc' dir='ltr'>πρῆξις</span> <span class='ocrx_word' id='word_1_168' title='bbox 618 2583 743 2648; x_wconf 77' lang='grc' dir='ltr'>πέλεται</span> <span class='ocrx_word' id='word_1_169' title='bbox 761 2589 894 2666; x_wconf 80' lang='grc' dir='ltr'>κρυεροῖο</span> <span class='ocrx_word' id='word_1_170' title='bbox 910 2583 1005 2666; x_wconf 87' lang='grc' dir='ltr'>γάοιο.</span> 
     </span>
     <span class='ocr_line' id='line_1_23' title="bbox 312 2687 1257 2770; baseline -0.004 -20"><span class='ocrx_word' id='word_1_171' title='bbox 312 2688 352 2752; x_wconf 84' lang='grc' dir='ltr'>ῶς</span> <span class='ocrx_word' id='word_1_172' title='bbox 366 2689 424 2770; x_wconf 86' lang='grc' dir='ltr'>γδρ</span> <span class='ocrx_word' id='word_1_173' title='bbox 439 2687 653 2750; x_wconf 80' lang='grc' dir='ltr'>ἐπεκλώσαντο</span> <span class='ocrx_word' id='word_1_174' title='bbox 669 2689 733 2751; x_wconf 87' lang='grc' dir='ltr'>θεοὶ</span> <span class='ocrx_word' id='word_1_175' title='bbox 749 2693 879 2752; x_wconf 82' lang='grc' dir='ltr'>δειλοῖσι</span> <span class='ocrx_word' id='word_1_176' title='bbox 894 2691 1047 2768; x_wconf 81' lang='grc' dir='ltr'>βροτοῖσι,</span> <span class='ocrx_word' id='word_1_177' title='bbox 1208 2709 1257 2761; x_wconf 84' lang='lat'>5²5</span> 
     </span>
     <span class='ocr_line' id='line_1_24' title="bbox 313 2787 1018 2871; baseline -0.003 -18"><span class='ocrx_word' id='word_1_178' title='bbox 313 2791 398 2868; x_wconf 83' lang='grc' dir='ltr'>ζώειν</span> <span class='ocrx_word' id='word_1_179' title='bbox 413 2787 598 2871; x_wconf 86' lang='grc' dir='ltr'>ἀχνυμένοις·</span> <span class='ocrx_word' id='word_1_180' title='bbox 622 2789 705 2853; x_wconf 84' lang='grc' dir='ltr'>αὐτοὶ</span> <span class='ocrx_word' id='word_1_181' title='bbox 720 2788 754 2854; x_wconf 88' lang='grc' dir='ltr'>δέ</span> <span class='ocrx_word' id='word_1_182' title='bbox 769 2788 792 2852; x_wconf 86' lang='grc' dir='ltr'>τ’</span> <span class='ocrx_word' id='word_1_183' title='bbox 810 2790 932 2868; x_wconf 84' lang='grc' dir='ltr'>ἀκηδέες</span> <span class='ocrx_word' id='word_1_184' title='bbox 947 2790 1018 2854; x_wconf 81' lang='grc' dir='ltr'>εἰσί.</span> 
     </span>
     <span class='ocr_line' id='line_1_25' title="bbox 311 2890 1048 2974; baseline -0.003 -17"><span class='ocrx_word' id='word_1_185' title='bbox 311 2893 388 2958; x_wconf 85' lang='grc' dir='ltr'>δοιοὶ</span> <span class='ocrx_word' id='word_1_186' title='bbox 403 2890 461 2974; x_wconf 90' lang='grc' dir='ltr'>γάρ</span> <span class='ocrx_word' id='word_1_187' title='bbox 476 2915 509 2956; x_wconf 90' lang='grc' dir='ltr'>τε</span> <span class='ocrx_word' id='word_1_188' title='bbox 524 2893 607 2955; x_wconf 90' lang='grc' dir='ltr'>πίθοι</span> <span class='ocrx_word' id='word_1_189' title='bbox 623 2893 813 2957; x_wconf 84' lang='grc' dir='ltr'>κατακείαται</span> <span class='ocrx_word' id='word_1_190' title='bbox 829 2895 862 2958; x_wconf 86' lang='grc' dir='ltr'>έν</span> <span class='ocrx_word' id='word_1_191' title='bbox 878 2892 953 2959; x_wconf 78' lang='grc' dir='ltr'>Διὸς</span> <span class='ocrx_word' id='word_1_192' title='bbox 968 2892 1048 2956; x_wconf 80' lang='grc' dir='ltr'>οὔδει</span> 
     </span>
     <span class='ocr_line' id='line_1_26' title="bbox 312 2994 1004 3079; baseline -0.001 -20"><span class='ocrx_word' id='word_1_193' title='bbox 312 2996 414 3076; x_wconf 92' lang='grc' dir='ltr'>δώρων</span> <span class='ocrx_word' id='word_1_194' title='bbox 432 2996 481 3058; x_wconf 85' lang='grc' dir='ltr'>οἶα</span> <span class='ocrx_word' id='word_1_195' title='bbox 496 2996 611 3068; x_wconf 88' lang='grc' dir='ltr'>δίδωσι,</span> <span class='ocrx_word' id='word_1_196' title='bbox 628 3002 733 3079; x_wconf 83' lang='grc' dir='ltr'>κακῶν,</span> <span class='ocrx_word' id='word_1_197' title='bbox 752 2995 852 3077; x_wconf 82' lang='grc' dir='ltr'>ἕτερος</span> <span class='ocrx_word' id='word_1_198' title='bbox 866 2999 900 3059; x_wconf 79' lang='grc' dir='ltr'>δὲ</span> <span class='ocrx_word' id='word_1_199' title='bbox 916 2994 1004 3059; x_wconf 88' lang='grc' dir='ltr'>ἑάων·</span> 
     </span>
     <span class='ocr_line' id='line_1_27' title="bbox 312 3097 1018 3185; baseline 0.006 -23"><span class='ocrx_word' id='word_1_200' title='bbox 312 3097 335 3183; x_wconf 78' lang='grc' dir='ltr'><strong><em>ᾧ</em></strong></span> <span class='ocrx_word' id='word_1_201' title='bbox 349 3098 406 3180; x_wconf 87' lang='grc' dir='ltr'>μέν</span> <span class='ocrx_word' id='word_1_202' title='bbox 424 3098 449 3163; x_wconf 89' lang='grc' dir='ltr'>κ’</span> <span class='ocrx_word' id='word_1_203' title='bbox 466 3097 595 3179; x_wconf 82' lang='grc' dir='ltr'>ἀμμίξας</span> <span class='ocrx_word' id='word_1_204' title='bbox 612 3100 673 3185; x_wconf 81' lang='grc' dir='ltr'>δώῃ</span> <span class='ocrx_word' id='word_1_205' title='bbox 689 3097 763 3165; x_wconf 81' lang='grc' dir='ltr'>Ζεὺς</span> <span class='ocrx_word' id='word_1_206' title='bbox 781 3097 1018 3181; x_wconf 86' lang='grc' dir='ltr'>τερπικέραυνος,</span> 
     </span>
     <span class='ocr_line' id='line_1_28' title="bbox 311 3199 1260 3287; baseline -0.001 -21"><span class='ocrx_word' id='word_1_207' title='bbox 311 3203 425 3266; x_wconf 85' lang='grc' dir='ltr'>ἀλλοτε</span> <span class='ocrx_word' id='word_1_208' title='bbox 438 3201 496 3282; x_wconf 87' lang='grc' dir='ltr'>μέν</span> <span class='ocrx_word' id='word_1_209' title='bbox 510 3228 543 3267; x_wconf 91' lang='grc' dir='ltr'>τε</span> <span class='ocrx_word' id='word_1_210' title='bbox 559 3203 638 3287; x_wconf 76' lang='grc' dir='ltr'>κακῷ</span> <span class='ocrx_word' id='word_1_211' title='bbox 654 3204 723 3285; x_wconf 87' lang='grc' dir='ltr'>ὅγε</span> <span class='ocrx_word' id='word_1_212' title='bbox 738 3202 863 3285; x_wconf 91' lang='grc' dir='ltr'>κύρεται,</span> <span class='ocrx_word' id='word_1_213' title='bbox 877 3202 990 3267; x_wconf 87' lang='grc' dir='ltr'>άλλοτε</span> <span class='ocrx_word' id='word_1_214' title='bbox 1005 3199 1031 3267; x_wconf 90' lang='grc' dir='ltr'>δ’</span> <span class='ocrx_word' id='word_1_215' title='bbox 1047 3201 1159 3287; x_wconf 70' lang='grc' dir='ltr'>ἐσθλῷ·</span> <span class='ocrx_word' id='word_1_216' title='bbox 1206 3228 1260 3278; x_wconf 84' lang='grc' dir='ltr'>55ο</span> 
     </span>
     <span class='ocr_line' id='line_1_29' title="bbox 312 3304 998 3393; baseline 0.003 -23"><span class='ocrx_word' id='word_1_217' title='bbox 312 3304 336 3393; x_wconf 76' lang='grc' dir='ltr'><em>ᾦ</em></span> <span class='ocrx_word' id='word_1_218' title='bbox 351 3305 384 3376; x_wconf 85' lang='grc' dir='ltr'>δέ</span> <span class='ocrx_word' id='word_1_219' title='bbox 401 3333 433 3371; x_wconf 99' lang='grc' dir='ltr'>κε</span> <span class='ocrx_word' id='word_1_220' title='bbox 448 3313 508 3370; x_wconf 90' lang='grc' dir='ltr'>τῶν</span> <span class='ocrx_word' id='word_1_221' title='bbox 522 3312 640 3388; x_wconf 82' lang='grc' dir='ltr'>λυγρῶν</span> <span class='ocrx_word' id='word_1_222' title='bbox 656 3307 726 3392; x_wconf 82' lang='grc' dir='ltr'>δώῃ,</span> <span class='ocrx_word' id='word_1_223' title='bbox 742 3306 885 3386; x_wconf 82' lang='grc' dir='ltr'>λωβητὸν</span> <span class='ocrx_word' id='word_1_224' title='bbox 901 3307 998 3385; x_wconf 81' lang='grc' dir='ltr'>ἔθηκε,</span> 
     </span>
     <span class='ocr_line' id='line_1_30' title="bbox 312 3409 1096 3493; baseline -0.001 -19"><span class='ocrx_word' id='word_1_225' title='bbox 312 3412 363 3474; x_wconf 88' lang='grc' dir='ltr'>καί</span> <span class='ocrx_word' id='word_1_226' title='bbox 377 3415 392 3476; x_wconf 85' lang='grc' dir='ltr'>ἑ</span> <span class='ocrx_word' id='word_1_227' title='bbox 408 3411 482 3490; x_wconf 87' lang='grc' dir='ltr'>κακῆ</span> <span class='ocrx_word' id='word_1_228' title='bbox 498 3411 692 3491; x_wconf 81' lang='grc' dir='ltr'>βούβρωστις</span> <span class='ocrx_word' id='word_1_229' title='bbox 707 3411 758 3474; x_wconf 78' lang='grc' dir='ltr'>ἐπὶ</span> <span class='ocrx_word' id='word_1_230' title='bbox 772 3411 871 3493; x_wconf 88' lang='grc' dir='ltr'>χθόνα</span> <span class='ocrx_word' id='word_1_231' title='bbox 885 3415 952 3474; x_wconf 90' lang='grc' dir='ltr'>δῖαν</span> <span class='ocrx_word' id='word_1_232' title='bbox 967 3409 1096 3489; x_wconf 85' lang='grc' dir='ltr'>ἐλαύνει,</span> 
     </span>
     <span class='ocr_line' id='line_1_31' title="bbox 312 3511 1076 3598; baseline 0 -20"><span class='ocrx_word' id='word_1_233' title='bbox 312 3517 405 3598; x_wconf 77' lang='grc' dir='ltr'>φοιτᾷ</span> <span class='ocrx_word' id='word_1_234' title='bbox 421 3513 445 3578; x_wconf 82' lang='grc' dir='ltr'>δ’</span> <span class='ocrx_word' id='word_1_235' title='bbox 463 3514 530 3578; x_wconf 80' lang='grc' dir='ltr'>οὔτε</span> <span class='ocrx_word' id='word_1_236' title='bbox 545 3518 643 3578; x_wconf 88' lang='grc' dir='ltr'>θεοῖσι</span> <span class='ocrx_word' id='word_1_237' title='bbox 658 3511 808 3593; x_wconf 90' lang='grc' dir='ltr'>τετιμένος</span> <span class='ocrx_word' id='word_1_238' title='bbox 824 3514 892 3578; x_wconf 87' lang='grc' dir='ltr'>ούτε</span> <span class='ocrx_word' id='word_1_239' title='bbox 906 3517 1076 3595; x_wconf 88' lang='grc' dir='ltr'>βροτοῖσιν.</span> 
     </span>
     <span class='ocr_line' id='line_1_32' title="bbox 312 3615 1011 3699; baseline -0.004 -16"><span class='ocrx_word' id='word_1_240' title='bbox 312 3620 352 3685; x_wconf 83' lang='grc' dir='ltr'>ῶς</span> <span class='ocrx_word' id='word_1_241' title='bbox 366 3621 422 3698; x_wconf 74' lang='grc' dir='ltr'>μὲν</span> <span class='ocrx_word' id='word_1_242' title='bbox 437 3618 487 3681; x_wconf 84' lang='grc' dir='ltr'>καὶ</span> <span class='ocrx_word' id='word_1_243' title='bbox 502 3621 606 3696; x_wconf 81' lang='grc' dir='ltr'>Πηλῆϊ</span> <span class='ocrx_word' id='word_1_244' title='bbox 624 3615 688 3680; x_wconf 82' lang='grc' dir='ltr'>θεοὶ</span> <span class='ocrx_word' id='word_1_245' title='bbox 703 3615 799 3681; x_wconf 90' lang='grc' dir='ltr'>δόσαν</span> <span class='ocrx_word' id='word_1_246' title='bbox 814 3617 915 3699; x_wconf 81' lang='grc' dir='ltr'>ἀγλαὰ</span> <span class='ocrx_word' id='word_1_247' title='bbox 931 3621 1011 3699; x_wconf 88' lang='grc' dir='ltr'>δῶρα</span> 
     </span>
     <span class='ocr_line' id='line_1_33' title="bbox 313 3716 1258 3806; baseline -0.003 -18"><span class='ocrx_word' id='word_1_248' title='bbox 313 3725 345 3788; x_wconf 84' lang='grc' dir='ltr'>ἐκ</span> <span class='ocrx_word' id='word_1_249' title='bbox 360 3721 490 3806; x_wconf 76' lang='grc' dir='ltr'>γενετῆς·</span> <span class='ocrx_word' id='word_1_250' title='bbox 514 3718 628 3787; x_wconf 91' lang='grc' dir='ltr'>πάντας</span> <span class='ocrx_word' id='word_1_251' title='bbox 642 3722 700 3803; x_wconf 81' lang='grc' dir='ltr'>γὰρ</span> <span class='ocrx_word' id='word_1_252' title='bbox 719 3716 764 3782; x_wconf 90' lang='grc' dir='ltr'>ἐπ’</span> <span class='ocrx_word' id='word_1_253' title='bbox 782 3719 954 3802; x_wconf 89' lang='grc' dir='ltr'>ἀνθρώπους</span> <span class='ocrx_word' id='word_1_254' title='bbox 973 3720 1118 3786; x_wconf 86' lang='grc' dir='ltr'>ἐκέκαστο</span> <span class='ocrx_word' id='word_1_255' title='bbox 1206 3748 1258 3798; x_wconf 83' lang='grc'>555</span> 
     </span>
    </p>
   </div>
   <div class='ocr_carea' id='block_1_3' title="bbox 0 0 1459 4232">
    <p class='ocr_par' dir='ltr' id='par_1_3' title="bbox 0 0 1459 4232">
     <span class='ocr_line' id='line_1_34' title="bbox 0 0 1459 4232; baseline 0 0"><span class='ocrx_word' id='word_1_256' title='bbox 0 0 1459 4232; x_wconf 95' lang='lat' dir='ltr'> </span> 
     </span>
    </p>
   </div>
  </div>
 </body>
</html>
