2788 4230
464 361 513 431 15.
545 351 781 412 ΟΔΥΣΣΕΙΑΣ
811 353 850 413 Ο.
1071 351 1130 432 761

185 517 271 596 ήμεῖς
286 516 311 582 δ’
329 519 360 584 ἐς
375 516 484 598 λιμένα
500 525 608 584 κλυτὸν
622 520 754 599 ἤλθομεν
769 518 832 584 ὦκα
848 522 970 588 κιόντες·

186 621 248 684 ἐνθ’
263 622 320 702 ἀρα
335 621 485 685 Φοινίκων
500 623 615 704 ἀνδρῶν
631 623 668 703 ήν
683 624 818 691 ώκύολος
838 629 917 704 νηῦς.

185 727 214 788 οῖ
229 729 286 804 μέν
301 726 393 789 ἔπειτ’
409 724 577 807 ἀναβάντες
592 727 741 793 ἐπέπλεον
754 730 831 810 ὑγρὰ
852 727 987 804 κέλευθα,

186 830 226 892 νδ
244 828 480 910 ἀναβησάμενοι·
511 830 561 895 ἐπὶ
576 834 610 896 δέ
626 831 701 898 Ζεὺς
717 832 806 914 οὖρον
820 835 937 896 ίολλεν.
1083 854 1132 910 475

186 931 299 1014 ἑξῆμαρ
313 936 369 1012 μὲν
384 935 462 1012 όμῶς
477 932 607 1013 πλέομεν
623 935 731 1002 νύκτας
745 961 778 999 τε
794 935 843 1000 καὶ
858 935 945 1016 ήμαρ·

185 1033 255 1097 ἀλλ’
270 1037 320 1099 ὅτε
336 1036 372 1115 δὴ
389 1036 521 1117 ἕβδομον
537 1036 614 1117 ἦμαρ
630 1039 679 1102 ἐπὶ
696 1038 770 1105 Ζεὺς
786 1042 863 1118 θῆκε
874 1039 1016 1120 Κρονίων,

185 1139 239 1217 τήν
252 1141 307 1219 μὲν
321 1140 426 1203 ἔπειτα
440 1145 567 1222 γυναῖκα
581 1141 656 1222 βάλ’
668 1141 807 1223 Ἀρτεμις
825 1143 971 1226 ίοχέαιρα,

185 1243 284 1326 ἄντλῳ
300 1243 325 1308 δ’
341 1243 507 1322 ἐνδούπησέ
522 1245 650 1308 πεσοῦσ’
667 1245 706 1312 ὡς
722 1247 838 1325 εἰναλίη
855 1245 920 1325 κήξ.

185 1342 233 1407 καὶ
248 1346 303 1424 τήν
318 1348 373 1426 μὲν
388 1348 509 1432 φώκῃσι
524 1349 572 1412 καὶ
587 1348 691 1431 ἰχθύσι
706 1349 801 1430 κύρμα
814 1350 958 1432 γενέσθαι
1082 1363 1133 1426 480

184 1449 329 1528 ἔκβαλον·
360 1450 452 1532 αὐτὰρ
468 1452 527 1533 ἐγὼ
543 1453 676 1533 λιπόμην
692 1451 879 1536 ἀκαχήμενος
895 1452 975 1534 ήτορ·

183 1552 252 1618 τοὺς
269 1553 295 1617 δ’
310 1553 410 1639 Ἰθάκῃ
424 1553 579 1619 ἐπέλασσε
595 1556 694 1638 φέρων
710 1555 819 1637 άνεμός
834 1583 869 1622 τε
884 1553 932 1621 καῖ
947 1558 1034 1638 ύδωρ,

185 1656 256 1720 ἔνθα
271 1683 309 1737 με
324 1656 457 1738 λαέρτης
473 1659 578 1739 πρίατο
593 1659 772 1725 κτεάτεσσιν
788 1664 893 1724 ἑοῖσιν.

184 1762 260 1822 ούτω
276 1759 365 1839 τήνδε
379 1787 413 1826 τε
427 1769 517 1845 γαῖαν
533 1765 611 1844 ἐγδν
625 1767 691 1828 ίδον
705 1762 922 1844 όφθαλμοῖσι.”

227 1864 290 1927 Τὸν
305 1864 330 1928 δ’
345 1865 382 1930 ού
400 1867 537 1949 διογενὴς
551 1867 697 1934 Ὀδυσεὺς
712 1868 856 1947 ἠμείβετο
871 1868 962 1951 μύθῳ·
1082 1883 1131 1945 485

184 1971 200 1998 “
212 1967 328 2047 Εὔμαι’,
343 1967 363 2047 ή
376 1969 461 2046 μάλα
475 1967 512 2047 δή
527 1995 579 2049 μοι
595 1972 640 2034 ἐνὶ
655 1971 748 2051 φρεσὶ
765 1971 857 2051 θομδν
873 1973 974 2050 ὄρινας

183 2075 276 2133 ταῦτα
291 2071 405 2136 ἕκαστα
420 2071 528 2154 λέγων,
543 2073 604 2138 ὅσα
619 2073 655 2152 δὴ
671 2073 766 2138 πάθες
781 2073 879 2155 ἄλγεα
894 2077 986 2159 θυμῷ.

184 2173 255 2236 ἀλλ’
270 2174 289 2254 ή
304 2200 350 2237 τοι
366 2171 416 2237 σοὶ
431 2178 488 2256 μὲν
503 2174 583 2257 παρὰ
599 2176 648 2240 καὶ
663 2179 742 2262 κακῷ
759 2179 873 2240 ἐσθλδν
889 2177 976 2256 έθηκε

184 2279 270 2356 Ζεύς,
287 2274 352 2342 ἐπεὶ
367 2280 473 2359 ἀνδρὸς
487 2277 597 2358 δώματ’
612 2282 722 2362 ἀφίκεο
736 2284 839 2345 πολλὰ
856 2280 993 2364 μογήσας

183 2381 283 2460 ἠπίου,
300 2381 332 2448 δς
348 2381 384 2461 δή
400 2408 446 2446 τοι
464 2385 590 2467 παρέχει
604 2385 723 2465 βρῶσίν
737 2410 770 2448 τε
785 2385 876 2448 πόσιν
892 2410 924 2448 τε
1078 2415 1131 2467 490

184 2485 338 2564 ἐνδυκέως,
360 2487 443 2564 ζώεις
458 2487 483 2550 δ’
499 2488 614 2570 ἀγαθὸν
627 2490 708 2569 βίον·
738 2488 830 2568 αύτδρ
847 2489 906 2570 ἐγώ
920 2515 956 2572 γε

184 2592 286 2652 πολλὰ
300 2597 419 2671 βροτῶν
435 2591 484 2654 ἐπὶ
500 2592 584 2657 ἄστε’
600 2593 753 2672 ἀλώμενος
768 2591 868 2656 ἐνθάδ’
885 2591 1005 2658 ἱκάνω.”

220 2691 283 2759 Ὣς
298 2695 328 2756 οἱ
342 2697 399 2774 μέν
414 2700 534 2758 τοιαῦτα
550 2695 623 2776 πρὸς
638 2695 791 2775 ἀλλήλους
806 2697 958 2778 ἀγόρευον,

184 2796 384 2878 καδδραθέτην
400 2798 426 2862 δ’
441 2798 476 2861 ού
490 2799 609 2864 πολλὸν
624 2795 674 2864 ἐπὶ
688 2800 810 2882 χρόνον,
827 2801 909 2863 ἀλλὰ
923 2799 1057 2880 μίνυνθα·

184 2899 263 2981 αἶψα
278 2899 335 2982 γάρ
350 2901 432 2968 Ἠὼς
448 2900 541 2981 ήλθεν
558 2900 704 2985 ἐύθρονος.
735 2905 765 2966 οῖ
781 2903 805 2968 δ’
821 2901 870 2968 ἐπέ
885 2904 997 2986 χέρσου
1079 2932 1129 2984 495

182 3003 364 3088 Τηλεμάχου
380 3005 480 3085 ἕταροι
494 3005 569 3071 λύον
585 3008 677 3085 ἱστία,
694 3010 748 3071 κάδ
763 3006 789 3071 δ’
805 3007 876 3070 έλον
893 3006 979 3070 ῖστδν

184 3108 386 3188 καρπαλίμως,
402 3108 456 3187 τήν
472 3108 497 3170 δ’
512 3111 555 3174 είς
570 3110 661 3191 ὅρμον
677 3110 869 3191 προέρεσσαν
883 3114 1025 3192 ἐρετμοῖς.

183 3213 216 3274 ἐκ
232 3211 257 3274 δ’
273 3211 360 3277 εὐνὰς
377 3213 502 3292 ἔβαλον,
519 3215 595 3276 κατὰ
611 3216 643 3278 δέ
659 3212 818 3295 πρυμνήσι’
834 3215 955 3293 ἔδησαν·

183 3316 215 3376 ἐκ
232 3314 264 3377 δέ
281 3315 329 3378 καὶ
345 3313 428 3380 αὐτοὶ
443 3321 553 3396 βαῖνον
568 3314 617 3380 ἐπὶ
631 3319 752 3398 ῥηγμῖνι
769 3317 937 3397 θαλάσσης,

182 3419 303 3481 δεῖπνόν
319 3417 344 3481 τ’
359 3421 516 3485 ἐντύνοντο
532 3422 662 3501 κερῶντό
676 3445 708 3483 τε
724 3423 835 3486 αἴθοπα
850 3422 941 3487 οἶνον.
1079 3451 1130 3498 500

183 3519 273 3602 αὐτὰρ
290 3523 356 3586 ἐπεὶ
373 3525 483 3590 πόσιος
499 3522 547 3589 καὶ
563 3524 684 3603 ἐδητύος
700 3523 737 3604 ἐξ
749 3527 818 3607 ἔρον
833 3526 911 3604 ἕντο,

182 3630 264 3688 τοῖσι
279 3627 312 3689 δέ
326 3624 509 3711 Τηλέμαχος
523 3628 709 3709 πεπνυμένος
724 3627 834 3712 ἤρχετο
848 3630 958 3710 μύθων·

182 3733 200 3762 “
211 3729 293 3809 ὑμεῖς
307 3731 363 3809 μὲν
378 3735 432 3794 νῦν
447 3731 550 3796 όοτυδ’
566 3731 705 3797 ἐλαύνετε
720 3735 777 3811 νῆα
791 3731 946 3813 μέλαιναν,
