2738 4226
253 339 311 401 190
572 317 816 378 ιο.-ΙΛΙΑΔΟΣ
839 317 875 378 K.

250 490 343 568 εὗδον,
357 486 415 556 ὑπὸ
431 486 538 568 κρασὶν
554 483 582 550 δ’
598 485 672 568 ἔχον
687 486 826 553 ἀσπίδας·
851 487 945 570 έγχεα
959 483 993 550 δέ
1008 493 1086 567 σφιν

249 591 310 673 ὄρθ’
327 592 378 656 ἐπὶ
394 592 582 673 σαυρωτῆρος
598 585 740 667 έλήλατο,
757 593 831 667 τῆλε
845 592 878 653 δὲ
892 589 1008 672 χαλκὸς

247 691 346 776 λάμφ’
361 694 401 760 ὥς
415 719 448 758 τε
464 691 595 774 στεροπή
613 691 727 774 πατρὸς
742 692 827 758 Διός·
852 694 946 773 αιίτδρ
960 692 979 754 θ
992 691 1020 773 γ’
1037 690 1116 773 ἥρως

249 795 317 874 εὗδ’,
333 796 391 860 ὑπὸ
406 794 432 860 δ’
448 795 580 877 ἔστρωτο
594 794 679 878 ῥινὸν
692 794 770 874 βοὸς
785 795 959 877 ἀγραύλοιο,
1144 818 1192 869 15⁵

249 899 413 982 αὐτὰρ-ὕπὸ
429 897 577 981 κράτεσφι
592 897 687 978 τάπης
702 898 866 962 τετάνυστο
881 898 1017 980 φαεινός.

249 1003 300 1067 τὸν
315 1003 451 1085 παρστδς
466 999 602 1085 ἀνέγειρε
618 1000 760 1083 Γερήνιος
776 1003 889 1068 ἱππότα
904 997 1042 1082 Νέστωρ,

248 1104 311 1184 λὰξ
326 1107 395 1170 ποδὶ
412 1102 545 1183 κινήσας,
562 1101 672 1185 ὥτρυνέ
689 1129 723 1168 τε
739 1101 856 1168 νείκεσέ
871 1100 899 1166 τ’
914 1104 1021 1181 ἀντην·

251 1216 271 1246 “
283 1209 376 1291 ἔγρεο,
392 1205 504 1274 Τυδέος
519 1205 574 1272 υἱέ·
599 1209 631 1271 τί
642 1206 798 1290 πάννυχον
811 1208 906 1272 ύιτνον
921 1208 1050 1281 ἀωτεῖςς

250 1313 301 1375 οὐκ
317 1311 393 1379 ἀίεις
408 1311 447 1379 ὣς
460 1315 562 1393 Τρῶες
577 1312 628 1375 ἐπὶ
641 1311 770 1396 θρωσμῷ
785 1311 901 1374 πεδίοιο
1144 1320 1192 1372 160

248 1416 338 1494 ἥαται
351 1415 425 1498 ἀγχι
440 1421 525 1488 νεῶν,
541 1415 646 1497 ὀλίγος
661 1415 685 1479 δ’
703 1415 747 1478 ἔτι
762 1417 861 1497 χῶρος
876 1412 974 1495 ἐρύκει
986 1412 1021 1487 ,·”

285 1517 349 1585 Ὣς
363 1516 446 1600 φάθ’,
463 1520 480 1581 ὁ
495 1518 520 1582 δ’
537 1516 574 1597 ἐξ
585 1518 691 1582 ὕπνοιο
706 1515 791 1597 μάλα
806 1519 955 1598 κραιπνῶς
969 1516 1125 1597 ἀνόρουσε,

250 1624 300 1686 καί
312 1647 364 1701 μιν
381 1619 526 1703 φωνήσας
542 1621 616 1686 έπεα
630 1621 796 1702 πτερόεντα
810 1619 976 1700 προσηύδα·

251 1735 269 1761 “
280 1723 424 1807 σχέτλιός
439 1725 520 1800 ἐσσι,
535 1720 646 1806 γεραιέ·
670 1720 709 1785 σὺ
722 1723 779 1801 μὲν
793 1723 888 1786 πόνου
903 1721 937 1785 ού
952 1745 1025 1785 ποτε
1040 1718 1153 1803 λήγεις.

250 1828 283 1890 οὗ
299 1851 334 1892 νυ
349 1827 398 1890 καὶ
413 1826 505 1889 άλλοι
521 1825 590 1890 ἔασι
606 1825 744 1907 νεύτεροι
758 1828 822 1892 νῖες
835 1826 979 1909 Ἀχαιῶν,
1145 1833 1191 1896 ¹65

249 1934 280 1996 οἵ
294 1957 344 1995 κεν
360 1929 465 1994 ἔπειτα
480 1928 608 1994 ἕκαστον
624 1931 771 2012 ἐγείρειαν
784 1927 948 2010 βασιλήων

249 2032 345 2121 πάντῃ
361 2033 575 2115 ἐποιχόμενοι,·
599 2032 639 2094 σὺ
653 2031 678 2096 δ’
696 2031 850 2117 ἀμήχανός
866 2034 947 2108 ἐσσι,
963 2027 1094 2113 γεραιέ.”

291 2136 353 2200 Τδν
368 2133 393 2199 δ’
410 2134 479 2199 αὖτε
494 2133 658 2217 προσέειπε
673 2134 813 2217 Γερήνιος
829 2135 943 2200 ἱππότα
957 2132 1094 2214 Νέστωρ·

250 2241 324 2305 “val
339 2238 375 2319 δή
390 2235 533 2319 ταῦτάγε
547 2236 655 2313 πάντα,
671 2239 772 2317 φίλος,
788 2237 864 2303 κατὰ
875 2242 984 2319 μοῖραν
999 2236 1105 2301 ἔειπες.

249 2343 328 2407 εἰσὶν
342 2338 398 2420 μέν
411 2365 463 2420 μοι
477 2344 582 2405 παῖδες
598 2339 755 2419 ἀμύμονες,
771 2342 832 2406 εἰσὶ
847 2343 880 2405 δὲ
895 2341 967 2403 λαοὶ
1145 2362 1193 2408 170

249 2447 298 2510 καὶ
313 2441 431 2515 πολέες,
447 2448 507 2507 τῶν
522 2441 572 2505 κέν
587 2467 633 2509 τις
647 2445 847 2527 ἐποιχόμενος
863 2441 1032 2509 καλέσειεν·

249 2549 331 2610 ἀλλὰ
344 2544 428 2626 μάλα
441 2543 558 2629 μεγάλη
573 2546 665 2628 χρειὼ
680 2547 830 2626 βεβίηκεν
843 2545 997 2628 Ἀχαιούς.

249 2649 373 2733 νῦνγάρ
388 2649 425 2730 δὴ
440 2648 608 2714 πάντεσσιν
623 2651 673 2714 ἐπὶ
690 2648 778 2730 ξυροῦ
793 2652 915 2713 ἵσταται
931 2650 1027 2728 ἀκμῆς

249 2751 266 2832 ἢ
281 2753 365 2833 μάλα
379 2753 489 2835 λυγρὸς
505 2754 630 2833 ὄλεθρος
643 2752 791 2836 Ἀχαιοῖς,
806 2751 842 2831 ἠὲ
857 2756 976 2832 βιῶναι.

248 2857 318 2921 ἀλλ’
335 2860 376 2922 ἴθι
392 2861 444 2920 νῦν
459 2858 573 2920 Αἴαντα
587 2855 682 2940 ταχὺν
697 2857 746 2920 καὶ
763 2854 881 2921 Φυλέος
895 2855 961 2919 υἱὸν
1144 2878 1191 2930 175

248 2957 485 3039 ἄνστησον-σὺ
500 2957 556 3041 γάρ
572 2959 643 3021 ἐσσι
658 2957 876 3040 νεώτερος-εί
888 2957 918 3037 μ’
937 2954 1112 3037 ἐλεαίρεις.”

284 3061 348 3129 Ὣς
364 3060 447 3143 φάθ’,
463 3063 480 3124 ὁ
495 3060 520 3125 δ’
537 3059 613 3141 ἀμφ’
628 3061 756 3139 ὤμοισιν
772 3059 902 3124 ἑέσσατο
918 3058 1011 3142 δέρμα
1024 3057 1148 3126 λέοντας

249 3170 375 3231 αἴθωνος
388 3163 534 3248 μεγάλοιο
549 3161 720 3242 ποδηνεκές,
738 3165 838 3227 εἵλετο
853 3162 879 3228 δ’
896 3162 997 3246 έγχος.

247 3272 290 3350 βῆ
305 3268 330 3333 δ’
347 3267 432 3344 ἰέναι,
448 3266 516 3333 τοὺς
531 3267 555 3330 δ’
574 3265 660 3330 ένθεν
675 3264 851 3346 ἀναστήσας
867 3266 941 3347 ἀγεν
955 3264 1043 3346 ἥρως.

291 3373 333 3437 Οἱ
347 3370 372 3436 δ’
388 3372 439 3433 ὅτε
454 3369 489 3448 δή
505 3367 699 3451 φυλάκεσσιν
716 3371 749 3433 έν
765 3367 978 3452 ἀγρομένοισιν
993 3367 1127 3451 ἔμιχθεν,
1145 3381 1193 3431 180

248 3477 316 3540 οὐδὲ
329 3474 385 3554 μὲν
401 3475 539 3538 εὕδοντας
554 3469 699 3553 φυλάκων
712 3470 863 3555 ἡγήτορας
880 3471 975 3553 εὗραν,

248 3577 317 3644 ἀλλ’
335 3577 490 3661 ἐγρηγορτὶ
507 3575 563 3641 σὺν
577 3574 720 3658 τεύχεσιν
735 3575 809 3654 ήατο
826 3572 947 3641 πάντες.

248 3683 334 3749 ὡςδὲ
351 3679 434 3748 κύνες
449 3679 516 3760 περὶ
532 3682 615 3759 μῆλα
632 3676 850 3760 δυσωρήσωσιν
866 3679 899 3742 έν
914 3678 991 3759 αιἰλῆ
