2874 4234
314 349 377 430 582
610 357 641 419 4·
665 344 901 405 ουυνννιλν
932 347 970 404 Δ.

356 518 422 596 Τὴν
436 513 462 580 δ’
477 514 724 594 ἀπαμειβόμενον
739 511 881 594 προσέφη
897 512 1023 577 εἴδωλον
1038 511 1179 591 ἀμαυρόν·

315 626 332 654 “
342 621 457 700 θάρσει,
471 617 547 697 μηδέ
563 642 592 680 τι
607 617 710 699 πάγχυ
724 617 800 694 μετὰ
816 613 908 697 φρεσὶ
923 616 1030 679 δείδιθι
1046 618 1124 692 λίην·
1210 627 1259 690 825

311 724 377 799 τοίη
395 722 452 803 γάρ
468 724 498 784 οί
514 719 633 795 πομπὸς
649 719 700 799 ἀμ’
716 719 845 802 ἔρχεται,
860 719 898 798 ἥν
913 744 946 782 τε
962 720 1011 782 καὶ
1027 719 1120 782 ἄλλοι

312 826 414 905 ἀνέρες
431 823 582 906 ἠρήσαντο
599 822 832 905 παρεστάμεναι,
844 828 967 887 δύναται
985 821 1050 904 γάρ,

313 933 442 994 Παλλὰς
458 925 610 1006 Ἀθηναίη·
634 929 669 989 σέ
686 924 711 990 δ’
727 925 910 1008 ὀδυρομένην
925 927 1064 1007 ἐλεαίρει·

311 1031 330 1109 δ
347 1036 400 1097 νῦν
414 1057 451 1111 με
468 1030 596 1111 προέηκε
612 1030 674 1094 τείν
690 1030 760 1094 τάδε
778 1028 999 1110 μυθήσασθαι.”

355 1136 420 1214 Τὴν
435 1133 460 1199 δ’
476 1135 546 1198 αάτε
561 1134 723 1214 προσέειπε
738 1136 894 1214 περίφρων
909 1133 1115 1210 Πηνελόπεια·
1209 1147 1261 1206 830

314 1246 331 1273 ‘⁶
342 1241 369 1302 εί
384 1243 440 1317 μὲν
456 1239 492 1318 δὴ
510 1238 578 1304 θεός
598 1239 678 1315 έοσι,
694 1240 778 1301 θεοῖό
792 1263 825 1301 τε
842 1237 945 1300 έκλυες
960 1237 1059 1316 αάδῆς,

313 1345 339 1405 εί
351 1341 380 1406 Ιδ’
396 1343 452 1423 ἀγε
467 1368 518 1422 μοι
531 1339 580 1405 καὶ
596 1346 694 1404 κεῖνον
711 1337 1019 1424 ἀϊζυράνκοτάλεξον,

311 1445 330 1522 ἥ
346 1471 403 1508 που
419 1446 463 1509 έτι
479 1445 547 1523 ζώει
565 1447 614 1508 καὶ
631 1445 687 1526 ἀρᾷ
702 1444 781 1524 φάος
796 1445 922 1523 ἠελίοιο,

311 1548 399 1627 ἦῆδη
415 1548 540 1625 τέθνηκε
556 1545 604 1610 καὶ
621 1549 667 1611 εἶν
681 1545 785 1610 Ἀίδαο
800 1545 950 1624 δόμοισι.”

353 1651 418 1730 Τὴν
433 1649 458 1714 δ’
473 1651 719 1730 ἀπαμειβόμενον
735 1650 876 1730 προσέφη
893 1653 1021 1715 εἴδωλον
1037 1651 1177 1731 ἀμαυρόν·
1209 1665 1259 1726 835

309 1764 327 1790 ‘²
340 1755 373 1818 οά
388 1755 443 1834 μέν
458 1779 504 1817 τοι
520 1755 618 1818 κεῖνόν
633 1777 668 1834 γε
683 1753 841 1831 διηνεκέως
857 1755 1019 1836 ἀγορεύσω,

311 1859 377 1935 ξύει
394 1860 409 1919 ὅ
425 1855 454 1939 γ’
469 1856 488 1936 ἦ
503 1856 635 1936 τέθνηκε·
659 1857 751 1919 κακὸν
765 1854 790 1919 δ’
806 1858 959 1938 ἀνεμώλια
977 1854 1114 1937 βάζειν.”

345 1961 408 2027 Ὣς
424 1961 510 2024 είπάν
526 1965 674 2038 σταθμοῖο
689 1963 770 2041 παρὰ
787 1956 896 2038 κληῗδα
911 1960 1026 2039 λιάσθη

311 2069 341 2130 ές
358 2063 463 2130 πνοιὰς
479 2063 605 2144 ἀνίμων·
628 2063 647 2141 ἡ
664 2062 688 2126 δ’
705 2064 740 2142 ἐξ
752 2066 846 2128 ὕπνου
863 2066 1009 2145 ἀνόρουσε

311 2170 399 2247 κούρη
414 2165 563 2248 Ἰκαρίοιο·
588 2168 682 2248 φίλον
698 2166 730 2231 δέ
745 2169 774 2230 οἱ
790 2167 862 2248 ἦτορ
878 2168 975 2246 ἰάνθη,
1208 2183 1260 2246 840

310 2274 350 2338 ὥς
366 2273 395 2334 οἱ
411 2273 534 2353 ἐναργὲς
550 2272 667 2350 ὄνειρον
682 2270 832 2335 ἐπέσσυτο
849 2271 953 2337 νυκτὸς
969 2270 1105 2355 ἀμολγῷ.

354 2377 534 2453 Μνηστῆρες
552 2372 580 2438 δ’
597 2373 765 2454 ἀναβάντες
781 2375 932 2439 ἐπίπλεον
945 2374 1023 2457 ύγρά
1038 2375 1174 2454 κέλευθα,

309 2477 480 2562 Τηλεμάχῳ
495 2477 593 2559 φόνον
607 2478 698 2543 αἰπὺν
714 2475 759 2542 ένὶ
777 2480 888 2558 φρεσὶν
904 2479 1106 2558 ὁρμαίνοντες.

310 2582 376 2645 ἔστι
393 2580 426 2644 δέ
441 2606 486 2647 τις
502 2583 595 2658 νῆσος
610 2580 712 2666 μέσσῃ
728 2583 781 2645 ἀλὶ
797 2579 982 2661 πετρήεσσα,

308 2685 464 2766 μεσσηγὺς
480 2682 597 2760 Ἰθάκης
613 2710 645 2748 τε
661 2684 777 2761 Σάμοιό
790 2709 823 2747 τε
839 2684 1084 2763 παιπαλοέσσης,
1207 2699 1256 2762 845

308 2787 457 2868 Ἀστερίς,
474 2788 509 2852 ού
523 2787 651 2869 μεγάλη·
674 2786 796 2867 λιμένες
814 2785 839 2851 δ’
856 2787 902 2852 ένι
918 2790 1060 2872 ναύλοχοι
1077 2789 1148 2873 αὐτῇ

310 2894 484 2972 ἀμφίδυμοι·
507 2889 543 2977 τῇ
558 2893 611 2956 τόν
626 2916 662 2973 γε
676 2889 766 2971 μένον
781 2892 953 2974 λοχόωντες
968 2891 1096 2976 Ἀχαιοί.
