2834 4234
482 378 530 436 ιι.
564 362 798 424 omnam
829 361 867 425 Ξ.
1088 373 1150 441 745

203 523 283 614 [δοίη
301 525 351 590 κέν
364 550 410 592 τις
426 530 557 609 χλαῖναν
573 523 617 590 ἔνί
634 530 797 607 σταθμοῖσι
814 533 989 607 συφορβῶν,

201 630 383 711 ἀμφότερον,
399 630 540 710 φιλότητι
558 628 605 693 καὶ
621 633 702 695 αἰδοῖ
717 637 817 712 φωτὸς
834 633 912 707 έῆος·
1101 657 1150 706 505

199 738 254 798 νῦν
269 731 302 797 δέ
314 731 344 811 μ’
360 733 535 812 ἀτιμάζουσι
552 737 628 796 κακά
645 734 714 816 χροὶ
730 732 824 814 εἵματ’
840 730 972 821 ἔχοντα]
985 731 1000 758 ”

244 840 307 901 Τάν
321 835 346 900 δ’
362 838 606 917 ἀπαμειβόμενος
621 838 788 919 προσέφης,
805 838 918 919 Εὔμαιε
935 845 1069 916 συβῶτα·

202 938 254 1003 “a
269 939 368 1021 γέρον,
383 941 466 1006 αἶνος
481 941 598 1020 μέντοι
615 942 747 1022 ἀμύμων,
764 941 798 1006 ἀν
815 939 985 1020 κατέλεξας,

203 1042 271 1108 οὐδέ
286 1045 316 1106 τί
330 1070 377 1106 πω
393 1043 473 1125 παρά
487 1051 595 1127 μοῖραν
610 1046 682 1112 ἔπος
698 1049 836 1126 νηκερδὲς
852 1046 960 1112 ἔειπες·

202 1148 244 1232 τηῖ
258 1146 319 1210 οὔτ’
334 1150 462 1225 ἐσθῆτος
478 1149 617 1227 δευήσεαι
633 1149 700 1212 οὔτε
715 1174 766 1214 τεν
780 1149 887 1224 ἀλλον,
1104 1174 1153 1223 510

203 1253 244 1315 ῶν
260 1249 375 1335 ἐπέοιχ’
392 1254 491 1330 ἱκέτην
507 1254 703 1334 ταλαπείριον
718 1251 910 1327 ἀντιάσαντα,

203 1361 265 1418 νῦν·
298 1355 372 1436 ἀτάρ
387 1354 482 1434 ἠῶθέν
497 1383 533 1438 γε
548 1355 586 1420 τά
602 1359 643 1418 σά
657 1356 750 1439 ῥάκεα
766 1355 967 1434 δνοπαλίξεις.

203 1458 238 1520 οὗ
252 1457 310 1541 γὰρ
325 1456 440 1522 πολλαὶ
454 1463 578 1542 χλαῖναι
594 1461 759 1541 ἐπημοιβοί
772 1477 805 1524 τε
820 1465 945 1542 χιτῶνες

204 1561 309 1626 ἐνθάδε
323 1562 476 1639 ἕννυσθαι,
490 1565 545 1644 μία
560 1561 585 1626 δ’
601 1566 648 1643 οίη
665 1562 743 1644 φωτὶ
759 1563 885 1649 ἑκάστῳ.

206 1661 313 1754 [οάτάρ
329 1665 403 1745 ἐπῆν
420 1667 546 1752 ἔλθῃσιν
560 1664 732 1743 Ὀδυσσῆος
746 1669 839 1748 φίλος
853 1668 930 1742 υἱός,
1106 1691 1153 1741 515

204 1768 292 1836 οὗτός
307 1794 353 1832 τοι
368 1768 500 1852 χλαῖνάν
514 1796 548 1834 τε
563 1769 676 1854 χιτῶνά
692 1795 725 1834 τε
741 1772 847 1851 εἵματα
863 1771 965 1848 δόσει,

204 1871 321 1953 πέμψει
337 1873 363 1936 δ’
378 1874 459 1957 ὅππῃ
474 1899 512 1938 σε
529 1874 632 1955 κραδίη
650 1874 740 1951 θυμός
754 1899 788 1936 τε
808 1870 948 1960 κελεύει]
961 1873 979 1896 ”

241 1974 305 2041 Ὣς
321 1977 413 2039 εἰπὼν
428 1977 584 2055 ἀνόρουσε,
600 1977 675 2040 τίθει
691 1976 715 2040 δ’
733 1977 788 2057 ἀρα
805 1979 835 2039 οί
852 1983 942 2058 πυρὸς
958 1977 1047 2060 ἐγγὺς

206 2076 302 2157 εὐνήν,
322 2081 354 2144 ἓν
370 2082 395 2142 δ’
411 2077 484 2142 ἀίων
499 2105 531 2142 τε
548 2077 596 2143 καί
612 2081 706 2161 αἰγῶν
721 2078 841 2161 δέρματ’
857 2079 1000 2159 ἔβαλλεν.

205 2179 266 2247 ἔνθ’
281 2180 425 2248 Ὀδυσεὺς
441 2181 602 2248 κατέλεκτ’·
630 2185 679 2247 ἔπὶ
695 2185 727 2246 δὲ
742 2190 873 2267 χλαῖναν
888 2183 990 2264 βάλεν
1007 2183 1085 2270 αὐτῷ
1108 2211 1156 2260 520

205 2287 320 2365 πυκνήν
336 2287 384 2350 καὶ
398 2284 545 2368 μεγάλην,
562 2287 583 2366 ή
598 2288 627 2350 οἱ
643 2286 838 2369 παρεκέσκετ’
854 2287 994 2368 ἀμοιβάς,

206 2392 347 2454 ένννσθαι
362 2391 413 2454 ὅτε
428 2416 473 2456 τις
487 2392 602 2473 χειμὼν
618 2391 770 2473 ἔκπαγλος
787 2392 895 2473 ὄροιτο.

242 2492 305 2558 Ὣς
321 2495 338 2556 δ
352 2495 407 2574 μὲν
423 2493 483 2559 ἔνθ’
498 2492 643 2560 Ὀδυσεὺς
659 2494 834 2576 κοιμήσατο,
851 2492 897 2558 τοὶ
914 2499 946 2560 δὲ
962 2493 1030 2576 παρ’
1046 2494 1136 2559 αὐτὸν

206 2595 311 2678 ἀνδρες
327 2595 512 2677 κοιμήσαντο
528 2600 650 2676 νεηνίαι·
682 2599 750 2662 οὐδὲ
767 2599 890 2684 συβώτη

206 2702 334 2780 ἥνδανεν
349 2702 451 2764 αὐτόθι
469 2707 578 2779 κοῖτος,
594 2703 653 2765 δῶν
668 2702 728 2767 ἀπο
744 2705 930 2781 κοιμηθῆναι,
1108 2729 1156 2777 5²5

208 2805 277 2868 ἀλλ’
295 2803 354 2888 ὅγ’
370 2803 415 2886 ἀρ’
431 2803 490 2884 ἔξω
508 2807 562 2870 ἰὼν
578 2806 733 2881 ῶπλίζετο·
764 2810 852 2888 χαῖρε
867 2804 893 2869 δ’
907 2805 1086 2882 Ὀδυσσεύς,

209 2909 271 2973 ὅττι
285 2909 323 2992 ῥά
340 2911 368 2973 οἱ
384 2911 492 2990 βιότου
507 2911 684 2990 περικήδετο
700 2911 813 2991 νόσφιν
828 2909 940 2975 ἐόντος.

207 3021 326 3094 πρῶτον
340 3017 396 3094 μὲν
412 3013 501 3094 ξίφος
517 3013 571 3092 ἀξδ
587 3015 655 3094 περὶ
671 3019 831 3094 στιβαροῖς
846 3012 953 3093 βάλετ’
970 3013 1070 3091 ὤμοις,

208 3119 286 3198 ἀμφὶ
302 3120 333 3181 δὲ
347 3123 479 3201 χλαῖναν
495 3117 616 3180 ἑέσσατ’
632 3115 827 3196 ἀλεξάνεμον,
842 3116 924 3196 μάλα
940 3115 1061 3196 πυκνήν,

209 3219 246 3286 ἀν
261 3221 293 3284 δὲ
310 3221 401 3300 νάκην
416 3221 495 3286 ἕλετ’
511 3222 598 3303 αἰγὸς
613 3222 773 3302 ἐϋτρεφέος
790 3219 945 3302 μεγάλοιο,
1107 3237 1158 3298 53'0

209 3329 308 3388 είλετο
323 3322 348 3388 δ’
363 3323 434 3403 ὀξὺν
450 3325 568 3402 άκοντα,
585 3330 680 3387 κυνῶν
696 3326 831 3405 ἀλκτῆρα
847 3322 894 3388 καὶ
911 3325 1033 3404 ἀνδρῶν.

209 3429 251 3507 βῆ
267 3428 292 3491 δ’
307 3431 405 3507 ἴμεναι
422 3431 509 3492 κείων
526 3429 573 3491 ὅθι
594 3453 651 3508 περ
667 3428 737 3493 σύες
752 3428 943 3510 ἀργιόδοντες

210 3530 300 3616 πέτρη
315 3533 374 3595 ύπο
389 3534 530 3618 γλοφνρῆ
546 3532 640 3608 εὗδον,
657 3530 758 3612 Βορέω
773 3530 822 3595 ὑπ’
839 3531 924 3617 ἰωγῇ.

641 3847 738 3931 Bb3
