2746 4228
492 379 522 444 3·
547 363 717 423 ιιιιοοΣ
740 363 772 423 r.

160 528 255 611 κῆρυξ
267 529 378 595 Ἰδαῖος
393 527 445 608 ήδέ
460 529 589 612 χρύσεια
605 528 750 594 κύπελλα·

160 634 291 713 ὤτρυνεν
307 630 340 697 δὲ
354 630 483 715 γέροντα
498 632 721 712 παριστάμενος
736 629 890 696 ἐπέεσσιν·

161 737 292 816 “ὅρσεο,
309 733 563 815 Λαομεδοντιάδη,
580 722 743 801 καλέουσιν
758 735 876 814 άριστοι
1058 763 1105 810 250
1133 762 1136 769 ·

158 841 272 919 Τρώων
288 838 314 902 θ’
332 837 509 917 ἱπποδάμων
525 839 574 902 καὶ
588 836 724 921 Ἀχαιῶν
737 836 973 920 χαλκοχιτώνων

162 942 193 1008 ἐς
208 942 314 1006 πεδίον
330 944 506 1021 καταβῆναι,
523 941 562 1006 ἵν’
580 941 665 1021 ὅρκια
680 942 775 1003 πιστδ
789 937 910 1018 τάμητε·

161 1045 254 1128 αύτδρ
269 1043 472 1127 Ἀλέξανδρος
488 1045 536 1108 καὶ
552 1042 715 1126 ἀρηΐφιλος
730 1041 890 1108 Μενέλαος

161 1151 276 1236 μακρῇς
292 1148 432 1234 ἐγχείῃσι
447 1146 617 1232 μαχήσοντ’
633 1146 711 1228 ἀμφὶ
726 1147 855 1229 γυναικί·

161 1251 203 1335 τῶ
218 1249 252 1313 δέ
267 1276 301 1314 κε
317 1248 473 1329 νικήσαντι
487 1249 563 1331 γυνή
580 1250 629 1313 καὶ
646 1247 768 1330 κτήμαθ’
786 1249 900 1312 έποιτο·
1059 1274 1105 1323 ²55

163 1355 191 1416 οἱ
206 1351 230 1416 δ’
247 1353 339 1416 ἄλλοι
355 1353 508 1434 φιλότητα
523 1354 572 1416 καὶ
592 1353 677 1434 ὅρκια
692 1355 788 1416 πιστὰ
803 1353 948 1430 ταμόντες

163 1457 297 1535 ναίοιμεν
316 1457 429 1538 Τροίην
445 1455 627 1537 ἐριβώλακα,
642 1456 690 1519 τοὶ
704 1453 736 1519 δὲ
752 1454 871 1520 νέονται

158 1557 270 1641 Ἀργος
286 1561 317 1626 ἐς
333 1559 504 1639 ἱππόβοτον
520 1559 568 1622 καὶ
583 1557 727 1641 Ἀχαιίδα
743 1553 989 1640 καλλιγύναικα.”

198 1660 261 1728 Ὧς
276 1660 367 1744 φάτο,
382 1662 510 1745 ῥίγησεν
525 1661 550 1725 δ’
568 1661 705 1744 ὀγέρων,
722 1660 867 1726 ἐκέλευσε
882 1661 906 1725 δ’
924 1661 1053 1741 ἑταίροις

162 1766 271 1830 ἵππους
288 1764 489 1847 ζευγνύμεναι·
511 1765 559 1829 τοὶ
574 1765 599 1828 δ’
615 1762 766 1845 ὀτραλέως
782 1766 933 1829 ἐπίθοντο.
1060 1775 1106 1823 260

162 1865 199 1930 ἂν
213 1866 238 1930 δ’
254 1866 300 1947 ἄρ’
318 1868 377 1947 έβη
394 1868 542 1949 Πρίαμος,
559 1870 635 1932 κατὰ
649 1866 677 1932 δ’
690 1867 762 1946 ήυία
776 1873 873 1932 τεῖνεν
888 1868 1020 1931 ὀπίσσω·

162 1971 221 2050 πδρ
236 1969 270 2033 δέ
285 1971 315 2034 ot
328 1966 482 2051 Ἀντήνωρ
498 1967 684 2052 περικαλλέα
698 1968 817 2050 βήσετο
832 1971 952 2051 δίφρου·

162 2073 202 2135 τῶ
217 2075 250 2136 δέ
266 2075 316 2136 διδ
332 2076 451 2136 Σκαιῶν
466 2072 596 2138 πεδίονδ’
614 2074 688 2157 έχον
704 2071 797 2140 ὠκέας
812 2074 930 2138 ίππους.

203 2174 292 2239 Ἀλλ’
309 2176 360 2240 ὅτε
376 2174 411 2254 δή
425 2175 451 2259 ῥ’
468 2181 570 2240 ἵκοντο
584 2174 660 2256 μετὰ
673 2180 780 2256 Τρῶας
795 2177 845 2240 καὶ
861 2172 1012 2258 Ἀχαιούς,

163 2277 197 2357 ἐξ
210 2281 312 2343 ἰ’ππων
328 2277 502 2359 ἀποβάντες
516 2280 567 2342 ἐπὶ
581 2279 680 2363 χθόνα
695 2279 937 2360 πουλυβότειραν
1059 2288 1105 2350 265

162 2386 193 2448 ἐς
206 2380 326 2462 μέσσον
340 2381 452 2465 Τρώων
467 2383 517 2446 καὶ
531 2381 667 2465 Ἀχαιῶν
681 2383 879 2466 ἐστιχόωντο.

161 2487 273 2567 ῶρνντο
288 2483 313 2548 δ’
329 2484 421 2549 αὐτίκ’
438 2485 542 2548 ἔπειτα
556 2483 636 2563 ἅναξ
648 2487 763 2566 ἀνδρῶν
776 2481 985 2566 Ἀγαμέμνων,

160 2588 197 2652 ἂν
212 2587 238 2652 δ’
255 2587 403 2653 Ὀδυσεὺς
418 2587 593 2667 πολύμητις·
617 2590 691 2670 άτδρ
707 2587 830 2668 κήρυκες
845 2587 952 2668 ἀγαυοὶ

161 2691 247 2770 ὅρκια
262 2693 358 2754 πιστὰ
373 2694 450 2756 θεῶν
466 2691 608 2773 σύναγον,
625 2693 747 2772 κρητῆρι
762 2689 795 2754 δέ
812 2690 896 2754 οἶνον

158 2794 282 2876 μίσγον,
298 2792 372 2874 ἀτὰρ
386 2798 573 2874 βασιλεῦσιν
590 2795 667 2874 ύδωρ
683 2794 733 2863 ἐπὶ
748 2797 853 2876 χεῖρας
870 2791 989 2875 ἔχευαν.
1058 2815 1107 2864 270

159 2894 316 2976 Ἀτρείδης
331 2882 373 2965 δέ’
381 2895 586 2978 ἐρυσσάμενος
600 2896 742 2980 χείρεσσι
756 2897 919 2978 μάχαιραν,

160 3001 179 3079 ή
195 3001 224 3063 οἶ
240 3001 301 3080 τδρ
316 2997 423 3080 ξίφεος
436 2996 516 3082 μέγα
531 2999 657 3064 κουλεὸν
672 3001 738 3064 αἰὲν
753 2999 859 3078 άωρτο,

161 3105 259 3183 ἀρνῶν
274 3103 307 3165 ἐκ
324 3101 484 3183 κεφαλέων
497 3100 591 3180 τάμνε
605 3103 721 3185 τρίχας·
745 3101 837 3183 αὗτδρ
853 3102 957 3166 ἔπειτα

161 3203 285 3285 κήρυκες
299 3205 411 3286 Τρώων
427 3205 476 3269 καὶ
491 3201 627 3287 Ἀχαιῶν
641 3209 747 3284 νεῖμαν
763 3204 908 3285 ἀρίστοις.

160 3313 261 3372 τοῖσιν
275 3307 300 3372 δ’
316 3306 471 3390 Ἀτρεΐδης
485 3306 593 3391 μεγάλ’
610 3308 715 3390 εὔχετο
729 3312 833 3390 χεῖρας
849 3310 1002 3392 ἀνασχών·
1059 3334 1106 3384 ²75

161 3419 180 3446 “
191 3415 250 3474 Ζεῦ
265 3409 370 3492 πάτερ,
385 3409 505 3490 Ἴδηθεν
517 3407 641 3489 μεδέων,
659 3410 780 3474 κύδιστε
794 3408 929 3492 μέγιστε,

159 3511 289 3580 Ἠέλιός
304 3510 342 3591 θ’,
359 3511 392 3580 δς
410 3512 496 3578 πάντ’
513 3514 627 3596 ἐφορᾷς
643 3513 691 3576 καὶ
705 3509 793 3577 πάντ’
810 3515 977 3589 ἐπακούεις,

162 3617 210 3680 καὶ
226 3616 357 3695 ποταμοὶ
374 3616 423 3680 καὶ
438 3620 519 3698 γαΐα,
536 3618 584 3681 καὶ
600 3614 628 3678 οἳ
643 3613 789 3696 ύπένερθε
807 3617 956 3694 καμόντος

161 3718 335 3802 ἀνθρώπους
349 3718 500 3795 τίνυσθον,
516 3719 579 3784 ότις
594 3715 621 3781 κ’
639 3718 780 3798 ἐπίορκον
794 3718 922 3804 όμόσση,
