2874 4234
464 863 855 938 ΟΔΥΣΣΕΙΑΣ
898 863 938 938 Z.

386 1258 600 1366 Ὀδυσσέως
626 1257 750 1358 ἄφιξις
775 1261 824 1339 είς
850 1259 1023 1339 Φαίακας.

223 1436 288 1504 Ὣς
303 1439 320 1500 ὁ
336 1441 391 1518 μὲν
406 1439 478 1503 ἐνθα
494 1443 618 1503 καθεῦδε
634 1438 787 1504 πολύτλας
803 1441 866 1502 δῖος
880 1435 1047 1502 Ὀδυσσεὺς

229 1543 312 1625 ύπνῳ
329 1539 376 1604 καὶ
393 1542 512 1627 καμάτῳ
529 1542 684 1623 ἀρημένος·
707 1540 799 1621 αὐτὰρ
814 1538 927 1618 Ἀθήνη

229 1647 273 1724 βῆ
289 1643 319 1727 ῤ’
336 1648 366 1710 ἐς
382 1645 523 1724 Φαιήκων
539 1646 655 1726 ἀνδρῶν
669 1646 763 1722 δῆμόν
777 1670 811 1708 τε
825 1645 917 1708 πόλιν
932 1669 974 1720 τε,

232 1748 261 1810 οἳ
277 1751 348 1829 πρὶν
362 1748 416 1829 μέν
431 1747 497 1813 ποτ’
513 1751 613 1814 ἔναιον
629 1752 661 1812 ἐν
677 1749 826 1831 εὐρυχόρῳ
840 1745 991 1834 Ὑπερείῃ,

232 1853 329 1934 ἀγχοΰ
345 1856 532 1932 Κυκλώπων,
545 1855 659 1934 ἀνδρῶν
673 1853 942 1930 ὑπερηνορεόντων,
1163 1880 1176 1928 5

231 1958 261 2018 οἵ
275 1964 374 2036 σφεας
390 1956 578 2030 σινέσκοντο,
593 1959 687 2034 βίηφι
702 1959 733 2018 δὲ
750 1955 890 2035 φέρτεροι
906 1953 994 2032 ήσαν.

233 2059 319 2122 ἐνθεν
335 2060 509 2135 ἀναστήσας
524 2057 580 2140 ἆγε
596 2059 770 2122 Ναυσίθοος
785 2056 928 2134 θεοειδής,

231 2163 316 2225 εἷσεν
331 2165 363 2225 δὲ
379 2163 498 2247 Σχερίῃ,
515 2165 585 2228 ἑκδς
600 2161 714 2243 ἀνδρῶν
731 2159 928 2240 ἀλφηστάων,

233 2264 310 2345 ἀμφὶ
326 2269 358 2328 δέ
373 2270 475 2347 τεῖχος
490 2267 608 2329 ἔλασσε
624 2266 723 2340 πόλει,
742 2262 790 2327 καὶ
807 2265 944 2342 ἐδείματο
960 2267 1067 2341 οίκους,

236 2365 283 2430 καί
303 2368 391 2446 νηοὺς
406 2369 515 2446 ποίησε
531 2373 618 2444 θεῶν,
634 2370 683 2432 καὶ
699 2365 842 2432 ἐδάσσατ’
857 2368 990 2448 ἀρούρας.
1148 2397 1178 2432 10

235 2469 305 2534 ἀλλ’
321 2473 337 2535 ὁ
352 2475 408 2551 μὲν
423 2471 479 2551 ἤδη
497 2469 562 2552 κηρὶ
577 2473 680 2551 δαμεὶς
693 2471 838 2535 ’Ἀϊδόσδε
852 2470 994 2552 βεβήκει,

232 2571 389 2641 Ἀλκίνοος
405 2577 436 2638 δέ
451 2574 511 2637 τότ’
529 2574 612 2656 ῆρχε,
630 2579 706 2640 θεῶν
722 2575 781 2638 άπο
796 2574 892 2655 μήδεα
908 2577 1002 2642 είδύς·

234 2683 287 2741 τοῦ
301 2683 356 2756 μὲν
372 2680 430 2760 ἔβη
447 2679 521 2760 πρὸς
537 2684 619 2758 δῶμα
636 2683 690 2744 θεὰ
704 2685 878 2760 γλαυκῶπις
893 2678 1015 2759 Ἀθήνη,

235 2784 345 2847 νόστον
360 2781 509 2861 Ὀδυσσῆϊ
523 2783 707 2866 μεγαλήτορι
721 2784 886 2863 μητιόωσα.

236 2889 279 2963 βῆ
296 2886 321 2949 δ’
337 2888 405 2965 ἴμεν
419 2889 449 2954 ἐς
465 2887 601 2965 θάλαμον
617 2890 848 2965 πολυδαίδαλον,
865 2885 888 2972 ᾧ
905 2888 950 2952 ἐνι
968 2889 1056 2970 κούρη
1152 2917 1160 2951 ι
1166 2919 1179 2966 5

236 2989 349 3070 κοιμᾶτ’
365 2989 531 3073 ἀθανάτῃσι
546 2992 626 3071 φυῆν
642 2987 689 3054 καί
706 2991 783 3056 εἶδος
799 2992 895 3070 ὁμοίη,

236 3093 404 3170 Ναυσικάα,
421 3093 551 3176 θυγάτηρ
565 3095 769 3176 μεγαλήτορος
784 3092 965 3174 Ἀλκινόοιο,

235 3195 296 3278 πάρ
310 3199 342 3260 δέ
357 3195 407 3260 δύ’
423 3200 604 3279 ἀμφίπολοι,
620 3200 758 3280 Χαρίτων
772 3200 832 3262 ἀπο
848 3198 961 3265 κάλλος
977 3199 1113 3282 ἔχουσαι,

236 3305 397 3381 σταθμοῖιν
413 3302 561 3383 ἑκάτερθε·
585 3303 670 3383 θύραι
686 3301 710 3366 δ’
727 3301 880 3368 ἐπέκειντο
896 3305 1028 3383 φαειναί.

235 3405 253 3483 ή
271 3402 296 3468 δ’
312 3405 422 3485 ἀνέμου
437 3405 476 3470 ὣς
491 3406 579 3484 πνοιῆ
597 3405 748 3470 ἐπέσσυτο
764 3405 869 3485 δέμνια
885 3407 1001 3489 κούρης,
1149 3441 1179 3476 20

237 3511 294 3585 στῆ
311 3506 336 3571 δ’
350 3507 396 3590 ἀρ’
410 3511 484 3591 ὑπὲρ
502 3512 646 3590 κεφαλῆς,
663 3511 714 3573 καί
725 3535 777 3589 μιν
792 3516 864 3590 πρὸς
880 3515 974 3590 μῦθον
990 3513 1100 3591 ἐειπεν,

236 3611 373 3691 εἰδομένη
390 3614 478 3697 κούρῃ
492 3620 714 3678 ναυσικλειτοῖο
731 3614 895 3696 Δύμαντος,

237 3716 257 3795 ἥ
273 3717 301 3779 οί
318 3716 458 3797 ὁμηλικίη
474 3719 528 3797 μέν
543 3717 605 3797 ἔην,
622 3716 783 3801 κεχάριστο
799 3722 831 3784 δὲ
848 3722 938 3806 θυμῆ.
