2848 4296
528 362 576 427 19.
602 348 773 407 ιΛιΑΔον
795 348 830 408 τ.

204 514 289 598 ἔγχεϊ
303 516 438 600 χαλκείῳ
453 516 566 597 Τράων
580 514 729 580 ὀλέκοντα
744 514 917 598 φάλαγγας.

203 616 260 682 ὧδέ
275 643 320 684 τις
334 620 444 697 ὑμείων
458 617 647 698 μεμνημένος
662 617 746 699 ἆνδρί
760 617 936 702 μαχέσθω.”

245 725 308 786 Τδν
323 721 348 785 δ’
365 723 608 802 ἀπαμειβόμενος
623 720 765 803 προσέφη
788 721 954 801 πολύμητις
967 721 1147 789 Ὀδυσσεύς·

203 826 271 904 “uh
287 825 323 904 δὴ
339 827 433 892 οὕτως
447 827 560 908 ἀγαθάς
575 851 633 908 περ
648 825 716 898 ε’ύν,
733 825 878 891 θεοείκελ’
893 824 1053 908 Ἀχιλλεῦ,
1102 853 1111 887 ι
1117 853 1147 902 55

204 928 329 1007 νήστιας
345 932 450 1011 ὄτρυνε
465 930 553 1011 προτὶ
565 928 664 994 Ἴλιον
678 931 744 995 νίας
758 930 892 1012 Ἀχαιῶν

203 1034 305 1114 Τρωσὶ
319 1032 559 1116 μαχησομένους,
577 1033 643 1096 ἐπεὶ
659 1032 711 1096 οὐκ
728 1033 835 1115 ὀλίγον
848 1032 960 1115 χρόνον
975 1033 1063 1096 ἔσται

204 1135 345 1216 φύλοπις,
363 1135 420 1200 εὖτ’
437 1135 474 1201 δν
490 1142 609 1218 πρῶτον
625 1133 798 1216 ὁμιλήσωσι
813 1135 972 1218 φάλαγγες

205 1239 328 1320 ἀνδρῶν,
344 1242 378 1302 έν
393 1242 426 1304 δὲ
442 1240 509 1306 θεὸς
525 1240 641 1328 πνεύσῃ
656 1237 746 1317 μένος
762 1237 991 1320 ἀμφοτέροισιν.

205 1344 286 1406 ὀλλδ
301 1341 459 1406 πάσασθαι
476 1344 591 1426 ἄνωχθι
607 1345 680 1431 θοῇς
696 1342 745 1404 ἐπὶ
761 1345 868 1422 νηυσὶν
882 1340 1027 1423 Ἀχαιοὺς
1103 1356 1149 1406 160

205 1446 289 1509 σίτου
306 1441 355 1510 καὶ
370 1449 474 1511 οἴνοιο·
505 1447 613 1530 τὸγὰρ
628 1449 718 1529 μένος
734 1448 801 1513 ἐστὶ
817 1451 866 1514 καὶ
882 1448 969 1530 ἀλκή.

205 1549 239 1611 ού
253 1553 310 1631 γὰρ
326 1550 400 1629 ὀνηρ
417 1552 536 1632 πρόπαν
551 1550 629 1634 ἦμαρ
647 1555 679 1619 ές
693 1554 799 1632 ἠέλιον
816 1555 982 1618 καταδύντα

204 1653 333 1732 άκμηνος
349 1657 448 1717 σίτοιο
464 1653 625 1734 δυνήσεται
639 1656 716 1721 άντα
729 1656 894 1740 μάχεσθαι·

204 1759 234 1821 εί
247 1783 301 1839 περ
317 1758 375 1841 γὰρ
392 1760 473 1842 θυμῷ
489 1785 524 1840 γε
539 1759 684 1845 μενοινάᾳ
699 1761 881 1839 πολεμίζειν,

204 1862 285 1925 ἀλλά
300 1888 333 1926 τε
348 1861 446 1948 λάθρῃ
462 1867 532 1943 γυῖα
547 1862 722 1943 βαρύνεται,
738 1864 791 1942 ἠδὲ
808 1862 924 1947 κιχάνει

204 1967 280 2047 δίψα
294 1991 329 2030 τε
345 1967 394 2030 καὶ
408 1967 506 2045 λιμός,
523 1966 679 2047 βλάβεται
695 1965 730 2030 δέ
745 1992 778 2031 τε
792 1967 912 2050 γούνατ’
931 1969 1017 2032 ὶύντι.

203 2068 236 2134 δς
251 2069 284 2133 δέ
300 2070 325 2134 κ’
343 2070 417 2152 ἀνὴρ
433 2073 528 2134 οίνοιο
544 2069 768 2153 κορεσσάμενος
784 2071 834 2135 καὶ
850 2073 960 2150 ἐδωδῆς

205 2173 331 2256 ἆνδράσι
346 2173 548 2255 δυσμενέεσσι
564 2174 747 2257 πανημέριος
762 2175 918 2262 πολεμίζῃ,

204 2277 374 2359 θαρσαλέον
390 2277 426 2344 νύ
441 2282 469 2343 οἱ
486 2278 558 2362 ἦτορ
574 2282 620 2345 ἐνὶ
636 2282 758 2362 φρεσίν,
775 2277 844 2342 οὐδέ
859 2304 887 2343 τι
903 2283 973 2362 γυῖα

204 2382 274 2461 πρὶν
289 2379 403 2462 κάμνει,
419 2385 490 2464 πρὶν
505 2382 620 2449 πάντας
636 2387 768 2464 έρωῆσαι
783 2381 941 2463 πολέμοιο.

204 2482 274 2546 ἄλλ’
290 2485 347 2566 άγε
361 2485 438 2549 λαὸν
452 2488 508 2566 μὲν
524 2485 675 2550 σκέδασον
691 2487 740 2550 καὶ
757 2491 879 2550 δεῖπνον
895 2486 1010 2569 ἄνωχθι

205 2585 364 2652 ὅπλεσθαι·
395 2590 433 2653 τδ
448 2592 479 2652 δὲ
496 2594 576 2671 διῖρα
592 2587 670 2667 άναξ
683 2591 798 2671 άνδρῶν
813 2587 1011 2672 Ἀγαμέμνων

204 2689 312 2754 οἰσέτω
329 2693 359 2758 ές
375 2691 494 2771 μέσσην
509 2690 630 2774 ἀγορήν,
646 2695 698 2756 ίνα
713 2691 823 2758 πάντες
837 2692 960 2776 Ἀχαιοί

204 2795 411 2876 ὀφθαλμοῖσιν
425 2799 523 2872 ἴδωσι,
541 2795 580 2858 σὺ
595 2799 628 2860 δὲ
644 2796 736 2878 φρεσὶ
753 2798 845 2882 σῇσιν
861 2796 974 2880 ίανθῇς.

205 2897 335 2976 ὀμνυέτω
351 2897 385 2961 δέ
399 2924 446 2963 τοι
462 2900 552 2980 ὅρκον
567 2901 600 2962 έν
617 2897 804 2982 Ἀργείοισιν
821 2898 961 2973 ἀναστάς,

203 2998 243 3080 μή
259 3028 333 3066 ποτε
348 3004 400 3079 τῆς
415 3003 502 3082 εύνῆς
518 3001 700 3084 ἐπιβήμεναι
715 3004 768 3081 ἠδὲ
781 3007 915 3085 μιγῆναι·

205 3100 238 3193 [ἣ
254 3105 338 3186 θέμις
354 3107 449 3182 ἐστίν,
466 3104 550 3184 ἄναξ,
566 3105 586 3185 ἤ
602 3103 628 3169 τ’
645 3108 760 3188 ὀνδρῶν
775 3105 794 3185 ἤ
811 3131 844 3169 τε
858 3102 1031 3192 γυναικοῖν]

204 3208 251 3273 καὶ
267 3211 300 3273 δὲ
315 3207 367 3272 σοί
383 3210 460 3293 αύτφ
477 3209 569 3290 θνμδς
585 3211 630 3273 ένὶ
646 3211 758 3292 φρεσὶν
773 3211 860 3276 ίλαος
876 3209 964 3272 ἔστω.

203 3313 294 3394 αύτὰρ
310 3311 415 3377 ἔπειτά
432 3339 468 3378 σε
483 3314 563 3378 δαιτὶ
578 3315 623 3377 ε’νὶ
640 3315 762 3400 κλισίῃς
777 3311 937 3394 ἀρεσάσθω

203 3417 311 3503 πιείρῃ,
328 3416 434 3497 ἵναμή
449 3443 478 3481 τι
494 3422 577 3496 δίκης
593 3421 727 3484 ίπιδενές
743 3418 870 3502 ἔχῃσθα.

202 3520 350 3603 Ἀτρείδη,
368 3522 406 3584 σὺ
421 3519 447 3586 δ’
464 3523 569 3586 ἔπειτα
583 3522 767 3603 δικαιότερος
784 3521 832 3583 καὶ
849 3520 895 3583 ἐπ’
911 3521 997 3605 άλλῳ

203 3625 319 3691 έσσεαι.
350 3626 385 3689 ού
399 3629 455 3705 μὲν
470 3625 528 3709 γάρ
543 3651 572 3690 τι
588 3630 779 3706 νεμεσσητὸν
793 3625 932 3704 βασιλῆα

203 3729 282 3812 ἄνδρ’
299 3728 545 3812 ὀπαρέσσασθαι,
562 3731 613 3794 ὅτε
628 3754 673 3794 τις
688 3729 831 3810 πρότερος
845 3726 1035 3813 χαλεπήνῃ.”
