2848 4296
562 357 612 422 ιη.
638 341 808 403 ιλτκλον
830 342 867 400 ψ.
1113 337 1177 416 469

232 512 335 575 ἵπποις
350 509 561 574 ὠκυπόδεσσιν
576 507 749 592 ἐπέτρεχον·
776 507 845 572 ούδέ
859 533 889 572 τι
905 508 1006 588 πολλή

230 611 342 696 γίγνετ’
361 612 560 694 ἐπισσώτρων
575 612 761 695 ἁρματροχιὴ
779 613 961 676 κατόπισθεν
1128 637 1177 687 505

232 719 265 780 ἐν
280 717 377 802 λεπτῇ
393 715 487 801 κονίῃ·
511 716 550 778 τὼ
567 715 600 780 δὲ
616 715 781 779 σπεύδοντε
796 715 956 794 πετέσθην.

233 823 289 898 στή
306 820 338 882 δὲ
352 817 436 903 μέσιρ
453 819 486 881 ἐν
504 818 606 900 ἀγῶνι,
622 818 719 886 πολὺς
733 820 758 883 δ’
775 819 931 899 ἀνεκήκιεν
947 821 1033 902 ἵδρώς

232 925 332 986 ἵππων
347 921 380 986 ἔκ
399 946 432 986 τε
445 920 555 1002 λόφων
571 921 620 986 καὶ
636 923 696 986 ἀπὸ
713 921 850 1004 στέρνοιο
866 925 992 1006 χαμῖιζε.

232 1025 320 1091 αὐτὸς
335 1023 362 1089 δ’
378 1027 411 1088 ἐκ
426 1025 548 1106 δίφροιο
562 1026 661 1108 χαμαὶ
676 1027 747 1108 θόρε
762 1027 1011 1108 παμφανόωντος,

231 1133 315 1192 κλῖνε
330 1128 355 1192 δ’
371 1128 430 1209 ἀρα
443 1127 579 1211 μάστιγα
594 1129 664 1193 ποτὶ
680 1130 776 1212 ζυγόν·
793 1130 863 1194 οὐδὲ
876 1129 1013 1210 μάτησεν
1130 1153 1178 1204 510

230 1234 354 1312 ἴφθιμος
369 1229 528 1307 Σθένελος,
544 1228 616 1296 ἀλλ’
632 1231 805 1312 ἐσσυμένως
819 1233 893 1314 λάβ’
910 1233 1030 1308 ἀεθλον,

231 1339 306 1398 ὃῶκε
320 1334 345 1398 δ’
365 1334 451 1416 ἀγειν
466 1333 620 1416 ἑτάροισιν
634 1335 831 1416 ὑπερθύμοισι
848 1341 975 1420 γυναῖκα

232 1438 281 1502 καὶ
299 1437 412 1518 τρίποδ’
431 1438 569 1504 ὠτώεντα
585 1436 701 1520 φέρειν·
726 1439 783 1502 ὁδ’
801 1439 889 1504 ἔλυεν
904 1436 957 1521 ὑφ’
973 1441 1091 1504 ἵππους.
1149 1441 1152 1444 ’
1170 1479 1172 1486 ·

273 1541 323 1624 Τῷ
340 1540 364 1604 δ’
381 1540 427 1622 ἀρ’
444 1540 490 1610 ,ἐπ’
506 1540 689 1624 Ἀντίλοχος
703 1541 840 1621 Νηλήϊος
854 1541 972 1621 ἤλασεν
987 1544 1105 1617 ἵππους,

231 1641 377 1724 κέρδεσιν,
395 1643 430 1707 ού
445 1669 474 1708 τι
490 1643 576 1726 τάχει
591 1671 637 1727 γε,
653 1643 888 1728 παραφθάμενος
904 1644 1075 1710 Μενέλαον·
1128 1671 1176 1720 515

231 1746 312 1810 ἀλλὰ
328 1748 378 1811 καὶ
394 1749 433 1814 ὠς
448 1746 609 1816 Μενέλαος..
624 1748 669 1832 ἔχ’
687 1749 813 1832 ἐγγύθεν
828 1749 921 1815 ὠκέας
936 1752 1055 1815 ἵππους.

230 1851 328 1913 ὅσσον
342 1851 376 1913 δὲ
390 1855 501 1932 τροχοῦ
516 1852 610 1918 ἵππος
621 1853 797 1931 ἀφίσταται,
814 1853 847 1918 ὅς
861 1851 900 1934 ῥά
914 1851 939 1915 τ’
957 1852 1071 1916 ἀνακτα

230 1953 357 2040 ἕλκῃσιν
372 1953 488 2018 πεδίοιο
504 1955 706 2034 τιταινόμενος
722 1954 778 2018 σὺν
793 1956 919 2038 ὄχεσφι·

230 2062 282 2118 τοΰ
296 2054 353 2136 μέν
367 2080 399 2122 τε
414 2057 568 2138 ψαύουσιν
583 2057 773 2138 ἐπισσώτρου
788 2059 889 2140 τρίχες
904 2057 992 2140 ἄκραι

231 2159 356 2240 οὐραῖαι·
380 2161 397 2222 ὁ
413 2159 447 2230 δέ
462 2159 487 2222 τ’
503 2159 578 2244 ἄγχι
593 2159 678 2239 μάλα
691 2161 801 2244 τρέχει,
817 2160 885 2226 οὐδέ
900 2186 929 2225 τι
944 2161 1046 2240 πολλὴ
1129 2187 1177 2235 5²0

230 2263 313 2345 χώρη
330 2263 496 2345 μεσσηγύς,
512 2262 624 2330 πολέος
640 2265 757 2329 πεδίοιο
772 2265 902 2330 θέοντος·

230 2367 344 2431 τόσσον
359 2367 395 2446 δή
413 2364 573 2450 Μενέλαος
589 2367 739 2448 ἀμύμονος
752 2367 948 2452 Ἀντιλόχοιο

229 2470 354 2534 λείπετ’·
377 2469 451 2552 ἀτὰρ
467 2469 505 2534 τδ
522 2476 626 2552 πρῶτα
641 2473 690 2536 καὶ
706 2473 737 2538 ἐς
752 2472 896 2554 δίσκουρα
910 2470 1065 2544 λέλειπτο,

231 2573 312 2637 ἀλλά
326 2600 378 2654 μιν
392 2574 473 2656 αἵψα
488 2575 621 2658 κίχανεν·
645 2574 798 2657 ὀφέλλετο
812 2579 871 2659 γὰρ
886 2574 977 2656 μένος
990 2573 1028 2654 ἠύ

230 2679 324 2741 ἵππου
338 2681 391 2757 τῆς
404 2675 660 2761 Ἀγαμεμνονέης,
678 2681 873 2762 καλλίτριχος
888 2669 992 2758 Αἴθης·
1129 2703 1177 2752 525

231 2782 257 2844 εί
273 2779 306 2844 δέ
322 2779 346 2844 κ’
363 2779 409 2846 ἔτι
424 2780 557 2863 προτέρω
572 2781 678 2865 γένετο
694 2783 801 2863 δρόμος
817 2780 1027 2864 ἀμφοτέροισι,

230 2885 270 2968 τφ
288 2882 340 2948 κέν
354 2910 406 2964 μιν
422 2884 595 2966 παρέλοστσ’
610 2882 673 2950 οὔδ’
689 2884 880 2968 ἀμφήριστον
896 2886 1012 2964 ἔθηκεν.

231 2987 324 3070 αὐτὰρ
339 2989 513 3070 Μηριόνης,
524 2988 662 3070 θεράπων
674 2988 724 3056 ἐὺς
740 2986 919 3070 Ἰδομενῆος,

230 3089 346 3156 λείπετ’
363 3093 516 3175 ἀγακλῆος
531 3091 694 3158 Μενελάου
709 3098 813 3176 δουρὸς
828 3090 932 3174 ἐρωήν·

229 3191 391 3276 βάρδιστοι
406 3198 461 3277 μὲν
475 3195 535 3279 γάρ
550 3198 579 3262 οἵ
595 3196 671 3260 ἔσαν
686 3197 878 3278 κολλίτριχες
893 3197 990 3268 ἵπποι,
1130 3223 1179 3272 530

229 3297 353 3376 ἤκιστος
369 3297 396 3363 δ’
411 3301 449 3378 ἦν
463 3300 553 3366 αὐτὸς
567 3298 732 3381 ἐλαυνέμεν
747 3299 812 3382 ἅρμ’
830 3302 863 3364 ἐν
878 3300 980 3382 ἀγῶνι.

229 3403 294 3468 υἵδς
309 3401 334 3465 δ’
352 3399 513 3483 Ἀδμήτοιο
530 3403 845 3491 πανύσταταςιῆλυθεν
860 3403 973 3481 ἄλλων,

231 3503 329 3569 ἕλκων
344 3506 461 3588 ἀρματα
477 3506 566 3585 καλά,
583 3507 717 3571 ἐλαύνων
731 3507 907 3589 πρόσσοθεν
922 3507 1041 3573 ἵππους.

230 3614 284 3672 τὸν
299 3611 332 3672 δὲ
348 3612 419 3678 ἵδών
434 3609 557 3696 ᾤκτειρε
572 3611 723 3692 ποδάρκης
738 3615 801 3676 δῖος
818 3607 990 3694 Ἀχιλλεύς,

231 3715 308 3778 στὰς
323 3710 347 3778 δ’
364 3711 410 3796 ἀρ’
426 3716 460 3780 ἐν
473 3712 624 3804 Ἀργείοις
639 3715 715 3782 έπεα
729 3711 879 3795 πτερόεντ’
897 3713 1031 3797 ἀγόρευε·
1066 3725 1068 3732 “
1097 3729 1099 3734 ’
1127 3738 1175 3788 535
