2788 4230
264 331 327 414 852
551 353 601 398 21.
625 339 859 398 ΟΔΎΣΣΕΙΑΣ
885 339 922 398 Φ.

267 502 319 567 “ὦ
336 506 433 584 φίλοι,
450 503 485 567 οὗ
499 507 555 585 μὲν
569 507 628 588 ἐγὼ
646 506 752 584 τανύω,
767 507 889 586 λαβέτω
906 505 1001 570 δὲκαὶ
1017 505 1121 572 ἀλλος.

265 606 399 674 πολλοὺς
414 606 471 690 γὰρ
486 611 553 672 τόδε
568 607 657 688 τόξον
673 611 817 690 ἀριστῆας
836 607 994 688 κεκαδήσει

265 717 357 790 θυμοῦ
374 713 421 774 καὶ
436 717 549 795 ψυχῆς,
565 715 631 777 ἐπεὶ
646 713 665 792 ῆ
680 714 759 778 πολὺ
775 713 920 794 φέρτερόν
935 717 1001 777 ε’στι

264 814 410 895 τεθνάμεν
425 813 443 894 ῆ
461 817 589 894 ζώοντας
604 820 755 898 ἁμαρτεῖν,
772 818 806 880 οὗ
822 815 849 880 θ’
863 813 938 881 ἕνεκ’
954 818 1013 881 αίεὶ
1165 845 1215 893 155

266 916 363 983 ἐνθάδ’
379 919 548 1000 ὁμιλέομεν,
565 923 772 1002 ποτιδέγμενοι
787 919 886 999 ἤματα
902 918 1008 984 πάντα.

266 1027 318 1086 νῦν
332 1021 388 1103 μέν
403 1049 448 1089 τις
464 1021 510 1086 καὶ
528 1021 628 1088 ἔλπετ’
645 1026 689 1087 ε’νὶ
705 1021 815 1104 φρεσὶν
829 1022 882 1102 ἠδὲ
896 1024 1021 1106 μενοινᾷ

265 1129 357 1206 γῆμαι
373 1129 594 1206 Πηνελόπειαν,
608 1125 781 1205 Ὀδυσσῆος
797 1125 981 1208 παράκοιτιν.

266 1230 358 1311 αιἰτδρ
374 1231 448 1310 ἐπὴν
464 1229 551 1308 τόξου
567 1229 743 1312 πειρήσεται
758 1231 811 1309 ἠδὲ
825 1231 932 1307 ίδηται,

267 1333 365 1411 ἄλλην
381 1332 417 1412 δή
432 1333 486 1398 τιν’
502 1335 608 1400 ἔπειτα
621 1331 807 1416 Ἀχαιϊάδων
823 1333 983 1398 εὐπέπλων
1166 1346 1217 1396 160

265 1437 391 1515 μνάσθω
407 1435 553 1501 ἐέδνοισιν
568 1435 733 1516 διζήμενος·
756 1437 774 1516 ῆ
791 1437 824 1501 δέ
841 1435 866 1500 κ’
882 1437 985 1500 ἔπειτα

266 1538 388 1622 γήμαιθ’
405 1542 437 1606 ὅς
454 1566 487 1605 κε
503 1545 633 1603 πλεῖστα
652 1542 740 1621 πόροι
757 1543 805 1605 καὶ
820 1543 967 1621 μόρσιμος
982 1539 1096 1604 ἐλθοι.”

304 1642 367 1710 Ὣς
382 1641 428 1726 ἀρ’
444 1644 603 1723 ἐφώνησεν
618 1640 666 1705 καὶ
683 1643 742 1706 ἀπὸ
757 1644 788 1707 έο
804 1642 893 1721 τόξον
908 1645 1006 1718 ἔθηκε,

268 1747 372 1813 κλίνας
387 1747 572 1832 κολλητῇσιν
588 1745 731 1834 ἐϋξέστῃς
750 1748 937 1824 σανίδεσσιν,

268 1850 356 1915 αὐτοῦ
373 1848 397 1915 δ’
413 1850 472 1914 ὠκὺ
486 1850 583 1930 βέλος
599 1852 675 1938 καλῇ
692 1850 874 1933 προσέκλινε
890 1852 1013 1938 κορύνῃ,
1168 1863 1216 1927 165

269 1953 316 2036 ἂψ
331 1954 357 2018 δ’
373 1955 454 2022 αὖτις
470 1953 533 2018 κατ’
550 1955 594 2037 ἀρ’
610 1952 684 2034 ἕζετ’
701 1957 750 2019 ἐπὶ
768 1959 874 2038 θρόνου
891 1960 977 2020 ἐνθεν
991 1955 1111 2032 ἀνέστη.

267 2054 420 2125 Ἀντίνοος
436 2056 460 2123 δ’
477 2058 613 2123 ἐνένιπεν
629 2060 701 2126 ἐπος
715 2057 740 2123 τ’
757 2057 843 2138 ἔφατ’
859 2060 891 2124 έκ
907 2056 931 2120 τ’
947 2059 1081 2138 ὀνόμαζε·

269 2168 285 2196 “
296 2166 435 2240 Λειῶδες,
452 2164 540 2226 ποῖόν
555 2188 592 2226 σε
609 2163 680 2228 ἐπος
695 2163 792 2244 φύγεν
808 2161 891 2243 ἐρκος
908 2161 1046 2236 ὀδόντων,

270 2267 369 2329 δεινόν
384 2263 409 2328 τ’
425 2264 575 2347 ἀργαλέον
590 2269 868 2344 τε,-νεμεσσῶμαι
885 2265 919 2330 δέ
932 2264 958 2326 τ’
974 2265 1142 2344 ἀκούων,-

271 2373 296 2434 εἰ
312 2370 348 2449 δή
366 2371 452 2432 τοῦτό
468 2395 504 2450 γε
518 2367 609 2447 τόξου
625 2371 768 2451 ἀριστῆας
784 2366 941 2446 κεκαδήσει
1170 2395 1218 2444 170

271 2478 364 2552 θυμοῦ
379 2471 428 2535 καὶ
443 2475 553 2555 ψυχῆς,
570 2471 635 2537 ἐπεὶ
651 2473 685 2536 οὗ
700 2473 825 2537 δύνασαι
845 2472 882 2534 σὺ
897 2473 1057 2536 τανύσσαι.

272 2578 306 2640 ού
321 2575 379 2660 γάρ
394 2601 441 2640 τοι
456 2576 495 2640 σε’
509 2603 545 2659 γε
561 2581 644 2641 τοῖον
658 2577 794 2658 ἐγείνατο
809 2577 918 2642 πότνια
932 2575 1028 2657 μήτηρ

271 2683 336 2744 οίόν
352 2706 385 2744 τε
398 2681 509 2762 ῥυτῆρα
525 2686 595 2762 βιοῦ
610 2679 635 2744 τ’
651 2681 752 2759 ἔμεναι
772 2678 820 2744 καὶ
835 2680 956 2744 ὀϊστῶν·

272 2782 342 2847 ἀλλ’
358 2785 449 2847 ἄλλοι
465 2785 607 2849 τανύουσι
623 2781 702 2866 τάχα
716 2786 886 2865 μνηστῆρες
901 2781 1036 2867 θγαυοί.”

308 2886 372 2955 Ὣς
387 2888 476 2968 φάτο,
494 2889 546 2952 καί
556 2886 586 2970 ῥ’
602 2886 745 2951 ἐκέλευσε
762 2886 949 2966 Μελάνθιον,
959 2889 1089 2952 αἰπόλον
1104 2888 1208 2968 αἰγῶν·

272 2996 288 3022 “
299 2991 384 3073 ἄγρει
400 2990 446 3070 δή,
463 2997 520 3071 πῦρ
537 2995 609 3069 κῆον
625 2992 669 3054 ἐνὶ
685 2992 855 3072 μεγάροισι,
872 2995 1042 3066 Μελανθεῦ,
1172 3005 1220 3066 176

272 3095 331 3176 πάρ
347 3098 379 3158 δὲ
395 3096 471 3159 τίθει
486 3096 595 3175 δίφρον
611 3120 644 3158 τε
658 3093 755 3174 μέγαν
771 3095 819 3157 καὶ
835 3100 912 3160 κῶας
928 3095 974 3159 ἐπ’
989 3095 1088 3171 αὐτοῦ,

273 3200 305 3260 ἐκ
322 3201 353 3262 δὲ
370 3197 495 3265 στέατος
512 3198 608 3262 ἔνεικε
622 3197 718 3281 μέγαν
733 3198 843 3280 τροχὸν
860 3198 945 3264 ἔιδον
961 3199 1074 3275 ἐόντος,

273 3303 354 3381 ὄφρα
369 3301 431 3365 νέοι
447 3301 624 3380 θάλποντες,
641 3301 829 3383 ἐπιχρίοντες
845 3302 971 3386 ἀλοιφῇ,

273 3402 362 3484 τόξου
377 3406 570 3485 πειρόμεσθα
587 3402 635 3468 καὶ
655 3405 839 3484 ἐκτελέωμεν
855 3399 994 3468 ἀεθλον.”
1173 3418 1221 3466 180

311 3507 374 3574 Ὧς
389 3506 471 3589 φάθ’,
488 3510 504 3571 ὁ
521 3507 546 3572 δ’
561 3505 629 3590 αἶψ’
644 3508 763 3574 ἀνέκαιε
779 3507 951 3572 Μελάνθιος
967 3505 1117 3588 ἀκάματον
1133 3513 1198 3590 πῦρ,

275 3610 334 3693 πάρ
350 3615 383 3677 δὲ
397 3610 498 3692 φέρων
515 3614 623 3694 δίφρον
639 3616 728 3691 θῆκεν
744 3613 790 3676 καὶ
807 3619 884 3677 κῶας
899 3608 946 3675 ἐπ’
961 3611 1059 3688 αὐτοῦ,

275 3719 308 3780 ἐκ
324 3718 355 3782 δὲ
371 3715 494 3780 στέατος
510 3716 606 3780 ἔνεικε
620 3716 717 3799 μέγαν
731 3716 841 3798 τροχὸν
857 3715 944 3778 ένδον
959 3716 1070 3782 ἐόντος·
