2874 4234
540 361 570 422 9.
593 346 827 408 οσςννπιις
850 348 874 406 1.
1116 342 1179 424 ⁶55
1206 409 1210 420 „

230 514 342 578 οὔθατα
356 514 414 598 γὰρ
430 521 652 597 σφαραγεῦντο.
695 512 774 592 άναξ
787 513 813 577 δ’
829 513 953 601 ὀδύνῃσι
969 515 1078 593 κακῇσι
1126 543 1178 591 44⁰

230 619 400 699 τειρόμενος
415 618 534 683 πάντων
549 616 622 682 όίων
637 618 796 708 ἐπεμαίετο
811 621 890 682 νῶτα

228 722 327 803 ὀρθῶν
342 722 502 786 ἑσταότων·
526 721 560 784 τὸ
576 725 607 784 δὲ
623 719 729 799 νήπιος
743 721 796 784 οὐκ
815 721 952 799 ἐνόησεν,

232 825 272 892 ὥς
288 827 318 888 οἱ
333 821 383 888 ὑπ’
399 826 564 905 εἰροπόκων
578 823 651 889 ὀίων
667 824 822 905 στέρνοισι
838 823 968 888 δέδεντο.

229 930 358 994 ὕστατος
374 931 491 1010 άρνειδς
509 927 614 1008 μήλων
628 929 750 1012 ἔστειχε
765 928 881 1008 θύραζε,

230 1032 334 1117 λάχνῳ
350 1034 542 1111 πεισόμενος
559 1031 607 1095 καὶ
623 1029 688 1110 ἐμοὶ
704 1032 812 1096 πυκινὰ
829 1030 997 1113 φρονέοντι.
1128 1059 1179 1108 445

229 1135 282 1200 τὸν
296 1137 320 1200 δ’
338 1135 583 1215 ἐπιμασσάμενος
600 1135 739 1215 προσέφη
757 1141 897 1215 κρατερὸς
914 1134 1113 1215 Πολύφημος·

274 1247 290 1276 “
302 1243 374 1321 Κριὲ
390 1240 497 1318 πέπον,
514 1242 543 1303 τί
557 1265 609 1317 μοι
624 1241 681 1302 ὧδε
697 1237 747 1302 διὰ
762 1239 856 1304 σπέος
872 1240 966 1302 ἔσσυο
980 1238 1084 1316 μήλων

229 1346 356 1410 ὕστατος
370 1369 381 1417 ,·
405 1344 440 1406 ού
455 1369 483 1407 τι
498 1343 593 1424 πάρος
607 1370 643 1425 γε
658 1343 855 1423 λελειμμένος
871 1343 974 1426 ἔρχεαι
990 1344 1070 1418 οἰῶν,

230 1449 312 1511 ἀλλὰ
326 1448 406 1512 πολὺ
421 1454 537 1529 πρῶτος
553 1447 656 1525 νέμεαι
671 1446 764 1527 τέρεν’
779 1446 873 1510 άνθεα
888 1447 976 1523 ποίης

228 1554 326 1631 μακρὰ
341 1549 446 1630 βιβάς,
461 1557 578 1631 πρῶτος
595 1553 626 1614 δὲ
640 1549 710 1632 ῥοὰς
725 1555 868 1630 ποταμῶν
880 1548 1049 1631 ἀφικάνεις,
1129 1577 1181 1627 450

229 1661 344 1736 πρῶτος
359 1657 392 1718 δὲ
408 1656 578 1734 σταθμόνδε
593 1655 727 1718 λιλαίεαι
742 1652 923 1718 ἀπονέεσθαι

229 1758 379 1840 ἑσπέριος·
410 1763 462 1822 νῦν
479 1758 549 1821 αὖτε
565 1758 761 1824 πανύστατος.
806 1755 881 1835 ἦού
895 1757 923 1840 γ’
939 1756 1065 1823 άνακτος

228 1862 389 1942 ὀφθαλμὸν
403 1862 532 1940 ποθέεις,
548 1861 600 1924 τὸν
616 1860 690 1940 ἀνὴρ
706 1866 795 1926 κακὸς
810 1858 970 1937 ἐξαλάωσε

229 1965 286 2030 σὺν
299 1970 420 2046 λυγροῖς
437 1964 579 2046 ἑτάροισι,
597 1963 829 2043 δαμασσάμενος
846 1963 957 2044 φρένας
974 1964 1053 2048 οίνιρ,

228 2059 330 2146 Οὖτις,
345 2066 381 2132 δν
395 2067 430 2130 ού
445 2067 491 2130 πό
508 2074 586 2147 φημι
601 2065 794 2148 πεφυγμένον
810 2067 903 2147 ἔμμεν
917 2068 1054 2147 ὄλεθρον.

229 2173 256 2235 εί
271 2171 307 2250 δὴ
324 2171 518 2252 ὁμοφρονέοις
536 2167 739 2250 ποτιφωνήεις
753 2195 786 2233 τε
802 2174 904 2252 γένοιο

228 2275 325 2338 εἰπεῖν
340 2275 422 2360 όππη
439 2279 536 2339 κεῖνος
552 2275 624 2350 ἐμδν
637 2273 728 2351 μένος
743 2271 919 2350 ἠλασκάζει·

228 2382 268 2462 τῷ
284 2377 318 2441 κέ
332 2379 362 2440 οἱ
377 2375 547 2461 ἐγκέφαλός
563 2403 599 2458 γε
614 2375 662 2439 διὰ
679 2374 774 2442 σπέος
789 2376 914 2442 ἄλλυδις
930 2375 1011 2463 ἄλλῃ

228 2480 400 2559 θεινομένου
414 2481 528 2561 ῥαίοιτο
544 2478 617 2560 πρὸς
633 2479 723 2557 ούδεϊ,
741 2482 794 2543 κὰδ
811 2481 844 2544 δέ
860 2479 885 2542 κ’
902 2480 973 2559 ἐμὸν
989 2483 1044 2559 κῆρ

227 2583 385 2664 λωφήσειε
401 2589 507 2661 κακῶν,
524 2582 562 2646 τά
575 2608 626 2663 μοι
640 2583 794 2648 οὐτιδανὸς
808 2584 901 2666 πόρεν
916 2581 1040 2651 Οὖτις.”

264 2685 327 2753 Ὣς
344 2689 435 2750 εἰπὼν
451 2687 504 2750 τὸν
520 2688 602 2767 κριὸν
617 2686 677 2749 ὰπὸ
692 2685 724 2748 ἑο
739 2685 839 2764 πέμπε
855 2686 971 2767 θύραζε.

229 2793 368 2857 ἐλθόντες
383 2791 409 2854 δ’
423 2789 535 2870 ήβαιὸν
551 2791 610 2854 άπδ
627 2790 751 2856 σπείους
766 2815 799 2854 τε
815 2788 863 2853 καί
880 2791 974 2868 αὐλῆς

228 2901 343 2976 πρῶτος
358 2894 406 2957 ὑπ’
422 2895 541 2976 ἀρνειοῦ
555 2894 680 2974 λυόμην,
695 2892 835 2958 ὑπέλυσα
850 2893 875 2957 δ’
891 2894 1033 2974 ἑταίρους.

230 2999 423 3079 καρπαλίμως
438 3001 470 3061 δὲ
486 2996 525 3060 τὰ
538 3000 621 3075 μῆλα
636 2997 815 3073 ταναύποδα,
832 2999 923 3062 πίονα
938 2999 1032 3082 δημῷ,

229 3105 332 3165 πολλὰ
347 3099 592 3183 περιτροπέοντες
608 3101 781 3181 ἐλαύνομεν,
797 3101 866 3181 ὄφρ’
883 3098 932 3164 ἐπὶ
948 3104 1006 3179 νῆα

231 3205 352 3285 ἱκόμεθ’·
383 3204 533 3268 ἀσπάσιοι
548 3207 581 3269 δέ
595 3207 699 3284 φίλοις
714 3202 848 3285 ἑτάροισι
864 3203 1014 3285 φάνημεν,

52 3333 54 3337 ’
138 3391 140 3396 Ι
229 3308 257 3370 οἳ
274 3309 408 3390 φύγομεν
423 3307 561 3372 θάνατον·
594 3307 662 3374 τοὺς
678 3312 711 3370 δὲ
727 3305 912 3390 στενάχοντο
928 3314 1069 3390 γοῶντες.

229 3411 299 3475 ἀλλ’
315 3414 372 3493 ἐγὼ
389 3412 439 3475 οὐκ
455 3412 533 3487 είων,
550 3413 608 3474 ἀνὰ
623 3411 648 3474 δ’
663 3410 774 3491 ὀφρύσι
790 3416 877 3476 νεῦον
893 3411 1021 3496 ἑκάστῳ,

229 3516 354 3578 κλαίειν·
388 3516 458 3578 ἀλλ’
473 3516 621 3579 ἐκέλευσα
636 3519 713 3581 θοῶς
729 3517 911 3597 καλλίτριχα
926 3517 1008 3595 μῆλα

227 3617 320 3681 πόλλ’
336 3620 369 3683 ἐν
384 3619 433 3698 νηί
446 3622 603 3697 βαλόντας
619 3621 760 3682 ἐπιπλεῖν
774 3619 907 3698 ἁλμυρὸν
922 3619 1010 3700 ύδωρ.

228 3723 258 3784 οἱ
273 3719 298 3786 δ’
314 3721 381 3804 αἶψ’
398 3724 557 3804 εἴσβαινον
573 3721 621 3787 καὶ
637 3723 687 3786 ἐπὶ
702 3715 806 3800 κληῗσι
821 3721 962 3799 καθῖζον,
