2758 4228
253 335 318 400 934
653 319 803 380 τοιυοι.

253 488 368 570 τυφλὸς
383 487 467 569 ἀνήρ,
483 489 560 552 οίκεῖ
575 489 607 552 δὲ
626 489 689 570 Χίῳ
706 487 751 552 ένι
766 485 991 574 παιπαλοέσσῃ,

253 599 305 656 τοῦ
320 597 415 656 πᾶσαι
430 592 614 672 μετόπισθεν
629 591 839 673 ἀριστεύουσιν
853 591 958 655 ἀοιδαί.

253 695 338 775 ἡμεῖς
353 691 379 758 δ’
393 693 534 776 ὑμέτερον
550 692 639 760 κλέος
655 699 788 774 οἴσομεν,
807 695 904 758 ὅσσον
919 693 966 758 ἐπ’
981 694 1050 759 αἶαν

254 799 417 880 ἀνθρώπων
432 799 648 879 στρεφόμεσθα
663 799 767 865 πόλεις
784 797 816 860 εὖ
827 799 1026 864 ναιεταώσας·
1157 823 1206 873 175

255 903 284 964 οί
299 899 324 965 δ’
339 902 389 965 ἐπὶ
404 901 440 979 δὴ
456 902 621 975 πείσονται,
638 901 704 964 ἐπεὶ
720 899 769 965 καὶ
785 900 928 979 ἐτήτυμόν
944 901 1037 964 ἔστιν.

255 1003 346 1088 αὐτὰρ
362 1007 440 1088 ἐγὼν
455 1005 489 1068 ού
504 1003 588 1084 λήξω
607 1004 759 1084 ἑκηβόλον
775 1001 958 1067 Ἀπόλλωνα

254 1108 370 1188 ὑμνέων
385 1106 595 1191 ἀργυρότοξον,
610 1106 646 1170 δν
660 1103 787 1188 ἠύκομος
806 1105 873 1172 τέκε
888 1108 985 1185 Λητά.

295 1210 339 1274 Ὦ
353 1211 421 1290 ἀνα,
438 1212 487 1275 καὶ
502 1213 613 1289 Λυκίην
628 1209 677 1275 καὶ
694 1211 832 1297 Μῃονίην
851 1210 1005 1291 ἐρατεινὴν

257 1313 305 1378 καὶ
320 1317 459 1394 Μίλητον
475 1315 566 1397 έχεις,
582 1315 691 1379 ἔναλον
705 1316 798 1379 πόλιν
814 1316 1006 1395 ἱμερόεσσαν,
1156 1329 1209 1378 180

257 1417 344 1484 αὐτὸς
362 1418 388 1481 δ’
403 1418 440 1480 αδ
456 1416 573 1496 Δήλοιο
590 1418 790 1499 περικλύστου
804 1415 870 1499 μέγ’
886 1415 1041 1484 ἀνάσσεις.

257 1522 318 1584 εἶσι
334 1521 366 1584 δὲ
382 1522 537 1602 φορμίζων
553 1526 667 1600 Λητοῦς
684 1521 831 1603 ἐρικυδέος
844 1520 908 1586 υίὸς

207 1681 212 1690 .
257 1625 404 1707 φόρμιγγι
419 1627 560 1711 γλαφυρῇ
576 1623 650 1707 πρὸς
667 1624 760 1688 Πυθιδ
779 1622 981 1704 πετρήεσσαν,
1165 1634 1210 1702 [5]

256 1727 395 1809 ἄμβροτα
414 1728 508 1808 εἵματ’
524 1729 604 1810 ἔχων
618 1727 644 1790 τ’
660 1726 780 1790 εὐωδέα·
805 1731 870 1790 τοῖο
884 1729 917 1789 δὲ
933 1725 1069 1810 φόρμιγξ

256 1829 388 1913 χρυσέου
402 1833 460 1894 ύπδ
476 1829 628 1911 πλήκτρου
643 1829 779 1913 καναχὴν
794 1831 860 1912 ἔχει
878 1831 1068 1911 ἱμερόεσσαν.
1159 1847 1209 1910 185

239 1967 243 1974 ·
258 1935 345 1998 ἔνθεν
360 1937 392 1998 δὲ
407 1935 481 2017 πρὸς
492 1932 654 2014 Ὄλυμπον
669 1934 729 1998 ἀπὸ
743 1935 862 2018 χθονός,
879 1935 919 2001 ὥς
936 1959 969 1998 τε
984 1936 1089 2015 νόημα,

258 2039 319 2102 εἶσι
336 2038 410 2105 Διὸς
426 2045 498 2120 πρὸς
515 2045 597 2119 δῶμα
613 2043 690 2102 θεῶν
704 2038 770 2120 μεθ’
785 2036 928 2120 ὁμήγυριν
944 2039 1056 2103 ἀλλων·

257 2141 361 2206 αὐτίκα
377 2141 402 2205 δ’
417 2139 595 2207 ἀθανάτοισι
608 2141 697 2221 μέλει
716 2143 829 2221 κίθαρις
845 2143 894 2205 καὶ
909 2140 1004 2220 ἀοιδή.
1151 2153 1211 2220 [ιο]

259 2249 383 2309 Μοῦσαι
396 2246 452 2323 μέν
467 2243 494 2308 θ’
508 2245 569 2324 ἅμα
584 2250 681 2309 πᾶσαι
698 2246 895 2324 ἀμειβόμεναι
910 2241 962 2307 ὀπὶ
978 2245 1056 2334 καλή

257 2349 401 2429 ὑμνεῦσίν
414 2350 453 2430 ῥα
468 2353 545 2413 θεῶν
560 2349 627 2430 δῶρ’
642 2348 783 2429 ἄμβροτα
797 2348 842 2426 ἠδ’
858 2349 1022 2429 ἀνθρώπων
1160 2377 1212 2427 190

259 2451 459 2531 τλημοσύνας,
475 2452 521 2514 όσ’
538 2453 658 2536 ἔχοντες
673 2451 721 2514 ὑπ’
738 2451 916 2516 ἀθανάτοισι
936 2456 1034 2516 θεοῖσι

260 2552 365 2632 ζύουσ’
380 2554 530 2637 ἀφραδέες
546 2551 595 2619 καί
609 2553 768 2636 ἀμήχανοι,
785 2557 852 2619 οὐδὲ
866 2555 1006 2621 δύνανται

219 2653 220 2658 ¹
260 2658 414 2740 εὑρέμεναι
430 2659 572 2723 θανάτοιό
586 2655 612 2720 τ’
627 2659 699 2724 ἄκος
716 2655 765 2721 καὶ
781 2657 891 2741 γήραος
907 2658 1013 2740 ἄλκαρ·
1152 2669 1213 2736 [¹5]

261 2759 353 2845 αὐτὰρ
368 2763 551 2842 ἐϋπλόκαμοι
567 2759 696 2841 Χάριτες
712 2757 760 2824 καί
775 2760 919 2843 ἐύφρονες
930 2761 1025 2845 Ὧραι
1270 2824 1275 2830 .

259 2864 401 2947 Ἁρμονίη
418 2867 443 2927 θ’
456 2864 544 2944 Ἥβη
561 2889 593 2927 τε
610 2870 683 2930 Διδς
699 2864 830 2948 θυγάτηρ
845 2866 869 2928 τ’
885 2866 1049 2948 Ἀφροδίτη
1163 2895 1212 2948 19⁵

262 2967 397 3052 ὀρχεῦντ’
412 2965 556 3045 ἀλλήλων
571 2963 621 3032 ἐπὶ
638 2970 740 3053 καρπῷ
756 2973 859 3051 χεῖρας
875 2970 1011 3054 ἔχουσαι·

262 3074 331 3158 τῇσι
346 3075 401 3152 μὲν
417 3071 477 3133 οὔτ’
492 3071 606 3154 αἰσχρή
621 3072 845 3152 μεταμέλπεται
859 3073 918 3136 οὔτ’
935 3073 1069 3158 ἐλάχεια,

262 3176 344 3240 ἀλλά
358 3176 439 3258 μάλα
453 3175 570 3258 μεγάλη
587 3203 619 3242 τε
636 3180 710 3242 ίδεῖν
727 3175 774 3240 καὶ
791 3178 868 3244 εἶδος
884 3177 989 3262 ἀγητή,
1152 3189 1213 3254 [20]

259 3278 399 3361 Ἀρτεμις
416 3279 550 3362 ἰοχέαιρα
566 3281 733 3361 ὁμότροφος
748 3279 935 3345 Ἀπόλλωνι.

262 3421 287 3467 p.
306 3417 363 3467 539.
380 3401 474 3461 Πίσας
498 3401 578 3463 ὑμέων
597 3404 636 3454 vel
655 3403 721 3464 ὑμῶν
739 3405 812 3454 codd.
834 3412 894 3466 σκιή
917 3404 1017 3468 ἀφήμως
1036 3407 1117 3456 Thuc.
1134 3405 1213 3456 codd.

262 3482 419 3546 antiquioreS,
427 3479 536 3542 εὐφήμοις
543 3482 696 3532 recentiores.
719 3482 1142 3543 loeusadhueadmodumdiffieilis‚
1152 3499 1213 3532 nam

261 3558 359 3621 ἀφήμως
367 3557 697 3625 Bergkiivixrecipiendum.
745 3570 791 3625 179
802 3560 1214 3625 hicRuhnkeniuninitiumhymni

261 3636 564 3700 inPythiumApollinem
572 3640 665 3688 statuit.
717 3639 760 3686 181
775 3637 982 3704 περικλύστηςκρ.
1034 3641 1082 3702 184
1092 3638 1215 3688 τεθυωδέα

262 3713 335 3762 codd.
345 3729 352 3772 ;
367 3711 390 3760 τ’
401 3711 490 3762 εδυδία
501 3713 600 3764 Pierson
611 3734 617 3773 ;
634 3714 770 3776 τεθυωμένα
780 3717 879 3765 Bames.
975 3731 1020 3782 ¹9²
1036 3715 1156 3780 ἀμφαδέις
1167 3733 1211 3782 xp.
