2758 4228
546 327 614 386 ΕΙΣ
638 325 794 386 ΕΡΜΗΝ.
1081 335 1143 399 949

198 488 315 570 ἆνέρος,
331 489 366 552 ὄν
384 512 417 551 τε
433 487 553 566 θαμειαὶ
568 487 785 566 ἐπιστρωφῶσι
799 483 944 566 μέριμναι,

198 593 230 654 αί
246 593 280 657 δέ
296 616 330 656 τε
344 595 508 671 δινηθῶσιν
523 589 574 654 ἀπ’
589 591 757 670 ὀφθαλμῶν
773 589 931 670 ἀμαρυγαί,
1110 615 1142 666 45

199 697 239 761 ῶς
255 693 304 772 ἅμ’
321 695 392 760 έπος
406 718 439 758 τε
457 691 507 758 καί
522 692 610 776 ἔργον
629 691 754 772 ἐμήδετο
771 693 890 770 κύδιμος
905 690 1024 772 Ἑρμῆς.

199 798 275 877 πῆξε
291 796 316 862 δ’
327 797 373 879 ἄρ’
390 802 423 864 ἐν
437 799 574 879 μέτροισι
588 798 691 877 τομῶν
705 797 832 862 δόνακας
847 794 1003 876 καλάμοιο,

196 901 337 983 πειρήνας
353 900 402 966 διὰ
416 907 496 968 νῶτα
511 903 560 966 διὰ
574 903 670 984 ῥινοῖο
685 901 831 984 χελώνης.
873 905 876 910 ’

197 1005 275 1086 ἀμφὶ
290 1009 323 1070 δέ
339 1005 430 1088 δέρμα
445 1004 578 1071 τάνυσσε
592 1010 668 1084 βοὸς
683 1006 888 1086 πραπίδεσσιν
903 1004 980 1091 ἑῇσι,

198 1107 245 1173 καί
261 1109 369 1192 πήχεις
388 1106 512 1188 ἐνέθηκ’,
526 1107 575 1172 ἐπὶ
591 1111 623 1172 δέ
639 1109 728 1190 ζυγὸν
742 1107 850 1190 ἤραρεν
866 1108 990 1188 δμφοῖν,

197 1216 321 1277 ἑπτὰδὲ
337 1213 518 1294 συμφῶνους
532 1210 604 1276 ὀίων
620 1211 807 1276 ἐτανύσσατο
823 1210 944 1294 χορδάς.

196 1316 289 1398 αὐτὰρ
304 1318 371 1381 ἐπεὶ
386 1316 422 1396 δὴ
438 1313 524 1394 τεῦξε
538 1314 641 1396 φέρων
658 1314 808 1394 ἐρατεινὸν
823 1315 947 1398 ἄθυρμα,

197 1419 337 1505 πλήκτρῳ
353 1419 517 1501 ἐπειρήτιζε
534 1417 608 1482 κατὰ
621 1417 721 1499 μέρος,
735 1419 753 1498 ἡ
770 1417 795 1482 δ’
812 1420 869 1481 ύπδ
884 1417 985 1501 χειρὸς

160 1509 162 1519 ’
196 1523 382 1605 σμερδαλέον
396 1522 560 1602 κονάβησε·
583 1526 652 1588 θεὸς
667 1523 692 1586 δ’
707 1523 766 1585 ὑπὸ
780 1527 874 1586 καλὸν
889 1523 988 1588 ἄειδεν

197 1624 232 1704 ἐξ
246 1627 443 1710 αὐτοσχεδίης
459 1627 650 1708 τειρόμενος,
665 1623 735 1705 ἠύτε
753 1630 851 1706 κοῦροι

195 1727 310 1810 ἡβηταὶ
326 1732 449 1817 θαλίῃσι
465 1731 643 1812 παραιβόλα
658 1730 878 1812 κερτομέουσιν,

195 1835 274 1915 ἀμφὶ
290 1836 350 1898 Δία
366 1836 512 1916 Κρονίδην
527 1834 576 1898 καὶ
593 1832 717 1896 Μαιάδα
732 1834 961 1908 καλλιπέδιλον,

196 1938 235 2004 ὡς
250 1939 344 2018 πάρος
360 1938 521 2018 ὠρίζεσκον
536 1936 665 2021 ἑταιρείῃ
681 1940 835 2017 φιλότητι,

194 2041 232 2120 ήν
248 2039 273 2104 τ’
288 2042 378 2104 αὐτοῦ
393 2041 499 2123 γενεὴν
514 2039 719 2120 ὀνομακλυτὸν
734 2037 930 2122 ἐξονομάζων·

196 2146 389 2225 ἀμφιπόλους
402 2169 436 2209 τε
450 2143 570 2226 γέραιρε
586 2145 635 2207 καὶ
650 2140 751 2225 ἀγλαὰ
766 2143 886 2221 δώματα
900 2141 1025 2223 νύμφης,

197 2246 245 2312 καὶ
261 2249 401 2329 τρίποδας
417 2250 492 2312 κατὰ
506 2247 590 2314 οἶκον
605 2245 786 2326 ἐπηετανούς
801 2270 833 2310 τε
848 2247 990 2326 λέβητας.

195 2348 245 2415 καὶ
259 2355 297 2414 τὰ
310 2352 365 2430 μὲν
380 2350 433 2415 οὖν
447 2349 539 2430 ήειδε,
554 2353 591 2414 τὰ
606 2354 638 2413 δὲ
654 2345 765 2431 φρεσὶν
779 2347 860 2412 ἄλλο
874 2349 1006 2428 μενοίνα.

196 2456 245 2519 καὶ
260 2455 315 2534 τὴν
328 2459 385 2534 μὲν
400 2455 545 2534 κατέθηκε
558 2453 660 2535 φέρων
676 2454 744 2538 ἱερῷ
756 2450 800 2518 ἐνί
816 2454 910 2536 λίκνῳ

195 2560 351 2640 φόρμιγγα
365 2555 535 2640 γλαφυρήν·
559 2559 576 2619 ὁ
592 2557 616 2619 δ’
631 2557 688 2637 ἄρα
703 2564 810 2638 κρειῶν
825 2556 966 2638 ἐρατίζων

195 2663 270 2725 ἆλτο
287 2658 361 2725 κατὰ
376 2660 508 2739 σκοπιὴν
522 2660 646 2726 εύάδεος
661 2663 694 2724 ἐκ
707 2660 862 2741 μεγάροιο,

196 2768 345 2846 ὁρμαίνων
359 2765 451 2828 δόλον
467 2762 556 2828 αἰπὺν
571 2764 615 2828 ἐνὶ
631 2764 750 2845 φρεσίν,
769 2763 818 2826 οἶά
833 2790 865 2827 τε
881 2769 980 2845 φῶτες

196 2865 330 2949 φηληταὶ
346 2870 484 2933 διέπουσι
497 2867 643 2946 μελαίνης
659 2873 761 2932 νυκτὸς
775 2867 809 2930 ἐν
824 2868 894 2953 ὥρῃ.

239 2971 362 3037 Ἠέλιος
376 2971 432 3051 μὲν
447 2970 532 3034 ἐδυνε
549 2968 622 3033 κατὰ
637 2970 745 3051 χθονὸς
761 2969 925 3034 ὧκεονόνδε

196 3075 333 3141 αὐτοῖσίν
348 3074 374 3138 θ’
389 3075 513 3140 ἵπποισι
528 3069 576 3138 καὶ
592 3071 731 3156 ἅρμασιν,
746 3073 838 3153 αὐτὰρ
853 3073 897 3155 ἄρ’
914 3072 1025 3154 Ἑρμῆς

228 3339 261 3388 44
278 3322 372 3384 θομιναδ
391 3323 484 3383 codd.;
508 3323 616 3383 θαμειναδ
636 3325 739 3388 agnovit
758 3325 947 3375 Choeroboscus
966 3341 1007 3390 ap.
1030 3326 1138 3376 Cramer.

196 3405 245 3452 An.
258 3402 306 3454 Οκ,
318 3403 343 3452 ii.
354 3405 418 3463 18o;
435 3401 530 3464 θαμειαί
542 3403 641 3456 names.
724 3417 755 3466 45
772 3403 797 3452 σί
809 3402 835 3452 δέ
847 3421 874 3451 τε
883 3405 1052 3460 Βτιυιυεὶςὶετς
1068 3403 1084 3462 ἡ
1096 3402 1139 3450 ὅτε

197 3481 243 3540 Μ;
269 3477 295 3528 σί
315 3479 356 3530 ὅτι
374 3497 406 3542 ¹3
430 3479 458 3530 δς
481 3478 524 3529 ὅτε
543 3496 569 3544 p.
591 3496 623 3530 an
641 3477 719 3543 ήύτεθ
832 3482 866 3546 48
893 3479 932 3530 διὰ
953 3483 1030 3544 μνοΐο
1052 3481 1141 3532 frustra

197 3565 360 3623 temptatum
376 3557 484 3610 antur&
494 3560 558 3608 νῶτα
569 3561 591 3609 δ.
602 3559 644 3620 μδ
748 3573 777 3622 51
797 3557 934 3623 θηλυτέρων
945 3576 991 3624 pro
1001 3558 1142 3620 συμφώνους
1223 3607 1225 3612 ,

197 3636 529 3704 Antig.Caryst.hist.mir.
544 3648 593 3707 7¹.
674 3639 714 3702 .58
733 3635 761 3688 δν
772 3635 844 3702 πάρος
855 3638 928 3689 codd.
936 3655 943 3700 ;
960 3639 1097 3688 &armam
1112 3653 1142 3697 2;

197 3713 221 3762 οί
240 3714 339 3766 Clarke.
422 3714 453 3780 65
471 3712 534 3779 ὦρτο
553 3732 596 3780 xp.
