<?xml version="1.0" encoding="UTF-8"?>
<!DOCTYPE html PUBLIC "-//W3C//DTD XHTML 1.0 Transitional//EN"
    "http://www.w3.org/TR/xhtml1/DTD/xhtml1-transitional.dtd">
<html xmlns="http://www.w3.org/1999/xhtml" xml:lang="en" lang="en">
 <head>
  <title>
</title>
<meta http-equiv="Content-Type" content="text/html;charset=utf-8" />
  <meta name='ocr-system' content='tesseract 3.04.00' />
  <meta name='ocr-capabilities' content='ocr_page ocr_carea ocr_par ocr_line ocrx_word'/>
</head>
<body>
  <div class='ocr_page' id='page_1' title='image "./homerioperaetre00homegoog_0535.png"; bbox 0 0 2908 4232; ppageno 0'>
   <div class='ocr_carea' id='block_1_1' title="bbox 554 323 1197 404">
    <p class='ocr_par' dir='ltr' id='par_1_1' title="bbox 554 323 1197 404">
     <span class='ocr_line' id='line_1_1' title="bbox 554 323 1197 404; baseline 0.008 -18"><span class='ocrx_word' id='word_1_1' title='bbox 554 338 584 386; x_wconf 73' lang='grc' dir='ltr'>ι.</span> <span class='ocrx_word' id='word_1_2' title='bbox 605 323 840 388; x_wconf 63' lang='lat' dir='ltr'>omem</span> <span class='ocrx_word' id='word_1_3' title='bbox 864 325 898 390; x_wconf 77' lang='grc' dir='ltr'>Β.</span> <span class='ocrx_word' id='word_1_4' title='bbox 1133 332 1197 404; x_wconf 73' lang='grc' dir='ltr'>κιο</span> 
     </span>
    </p>
   </div>
   <div class='ocr_carea' id='block_1_2' title="bbox 248 488 1198 2542">
    <p class='ocr_par' dir='ltr' id='par_1_2' title="bbox 248 488 949 573">
     <span class='ocr_line' id='line_1_2' title="bbox 248 488 949 573; baseline -0.003 -15"><span class='ocrx_word' id='word_1_5' title='bbox 248 491 329 558; x_wconf 81' lang='grc' dir='ltr'>ἀλλὰ</span> <span class='ocrx_word' id='word_1_6' title='bbox 345 493 422 573; x_wconf 99' lang='grc' dir='ltr'>φίλη</span> <span class='ocrx_word' id='word_1_7' title='bbox 437 489 546 572; x_wconf 75' lang='grc' dir='ltr'>μήτηρ,</span> <span class='ocrx_word' id='word_1_8' title='bbox 559 491 579 570; x_wconf 77' lang='grc' dir='ltr'><em>ἤ</em></span> <span class='ocrx_word' id='word_1_9' title='bbox 594 516 641 556; x_wconf 88' lang='grc' dir='ltr'>τοι</span> <span class='ocrx_word' id='word_1_10' title='bbox 656 488 724 572; x_wconf 84' lang='grc' dir='ltr'>περί</span> <span class='ocrx_word' id='word_1_11' title='bbox 739 491 844 572; x_wconf 87' lang='grc' dir='ltr'>κέρδεα</span> <span class='ocrx_word' id='word_1_12' title='bbox 860 491 949 556; x_wconf 75' lang='grc' dir='ltr'>οἶδεν.</span> 
     </span>
    </p>

    <p class='ocr_par' dir='ltr' id='par_1_3' title="bbox 248 592 1067 677">
     <span class='ocr_line' id='line_1_3' title="bbox 248 592 1067 677; baseline 0.001 -18"><span class='ocrx_word' id='word_1_13' title='bbox 248 594 304 676; x_wconf 86' lang='grc' dir='ltr'>ἤδη</span> <span class='ocrx_word' id='word_1_14' title='bbox 320 600 377 677; x_wconf 79' lang='grc' dir='ltr'>γὰρ</span> <span class='ocrx_word' id='word_1_15' title='bbox 393 597 493 676; x_wconf 86' lang='grc' dir='ltr'>τρίτον</span> <span class='ocrx_word' id='word_1_16' title='bbox 509 592 594 658; x_wconf 76' lang='grc' dir='ltr'>ἐστὶν</span> <span class='ocrx_word' id='word_1_17' title='bbox 608 595 686 672; x_wconf 84' lang='grc' dir='ltr'>ἔτος,</span> <span class='ocrx_word' id='word_1_18' title='bbox 700 594 782 676; x_wconf 98' lang='grc' dir='ltr'>τάχα</span> <span class='ocrx_word' id='word_1_19' title='bbox 796 595 822 660; x_wconf 86' lang='grc' dir='ltr'>δ’</span> <span class='ocrx_word' id='word_1_20' title='bbox 839 595 900 660; x_wconf 81' lang='grc' dir='ltr'>εἶσι</span> <span class='ocrx_word' id='word_1_21' title='bbox 914 594 1067 677; x_wconf 86' lang='grc' dir='ltr'>τέταρτον,</span> 
     </span>
    </p>

    <p class='ocr_par' dir='ltr' id='par_1_4' title="bbox 248 697 1197 990">
     <span class='ocr_line' id='line_1_4' title="bbox 249 697 1197 782; baseline -0.001 -19"><span class='ocrx_word' id='word_1_22' title='bbox 249 698 285 778; x_wconf 88' lang='grc' dir='ltr'>ἐξ</span> <span class='ocrx_word' id='word_1_23' title='bbox 298 701 333 762; x_wconf 79' lang='grc' dir='ltr'>οὗ</span> <span class='ocrx_word' id='word_1_24' title='bbox 349 698 476 779; x_wconf 78' lang='grc' dir='ltr'>ἀτέμβει</span> <span class='ocrx_word' id='word_1_25' title='bbox 492 703 585 778; x_wconf 82' lang='grc' dir='ltr'>θυμὸν</span> <span class='ocrx_word' id='word_1_26' title='bbox 598 700 643 763; x_wconf 82' lang='grc' dir='ltr'>ἐνὶ</span> <span class='ocrx_word' id='word_1_27' title='bbox 659 697 829 778; x_wconf 77' lang='grc' dir='ltr'>στήθεσσιν</span> <span class='ocrx_word' id='word_1_28' title='bbox 843 697 988 782; x_wconf 78' lang='grc' dir='ltr'>Ἀχαιῶν.</span> <span class='ocrx_word' id='word_1_29' title='bbox 1162 729 1197 778; x_wconf 87' lang='lat'>90</span> 
     </span>
     <span class='ocr_line' id='line_1_5' title="bbox 248 799 1068 887; baseline -0.001 -20"><span class='ocrx_word' id='word_1_30' title='bbox 248 803 361 869; x_wconf 79' lang='grc' dir='ltr'>πάντας</span> <span class='ocrx_word' id='word_1_31' title='bbox 375 802 431 878; x_wconf 86' lang='grc' dir='ltr'>μέν</span> <span class='ocrx_word' id='word_1_32' title='bbox 444 799 471 884; x_wconf 82' lang='grc' dir='ltr'>ῥ’</span> <span class='ocrx_word' id='word_1_33' title='bbox 487 803 584 882; x_wconf 85' lang='grc' dir='ltr'>ἔλπει,</span> <span class='ocrx_word' id='word_1_34' title='bbox 601 799 649 866; x_wconf 82' lang='grc' dir='ltr'>καὶ</span> <span class='ocrx_word' id='word_1_35' title='bbox 666 803 826 885; x_wconf 73' lang='grc' dir='ltr'>ὑπίσχεται</span> <span class='ocrx_word' id='word_1_36' title='bbox 842 800 926 884; x_wconf 81' lang='grc' dir='ltr'>ἀνδρὶ</span> <span class='ocrx_word' id='word_1_37' title='bbox 941 801 1068 887; x_wconf 74' lang='grc' dir='ltr'>ἑκάστῳ,</span> 
     </span>
     <span class='ocr_line' id='line_1_6' title="bbox 249 904 990 990; baseline -0.001 -20"><span class='ocrx_word' id='word_1_38' title='bbox 249 908 394 988; x_wconf 87' lang='grc' dir='ltr'>ἀγγελίας</span> <span class='ocrx_word' id='word_1_39' title='bbox 411 911 562 986; x_wconf 53' lang='grc' dir='ltr'>προϊεῖσα</span> <span class='ocrx_word' id='word_1_40' title='bbox 584 909 653 972; x_wconf 84' lang='grc' dir='ltr'>νόος</span> <span class='ocrx_word' id='word_1_41' title='bbox 669 907 704 972; x_wconf 85' lang='grc' dir='ltr'>δέ</span> <span class='ocrx_word' id='word_1_42' title='bbox 718 907 749 970; x_wconf 78' lang='grc' dir='ltr'>οἱ</span> <span class='ocrx_word' id='word_1_43' title='bbox 762 904 845 970; x_wconf 86' lang='grc' dir='ltr'>ἀλλα</span> <span class='ocrx_word' id='word_1_44' title='bbox 858 907 990 990; x_wconf 77' lang='grc' dir='ltr'>μενοινᾷ.</span> 
     </span>
    </p>

    <p class='ocr_par' dir='ltr' id='par_1_5' title="bbox 248 1006 986 1091">
     <span class='ocr_line' id='line_1_7' title="bbox 248 1006 986 1091; baseline 0 -17"><span class='ocrx_word' id='word_1_45' title='bbox 248 1010 268 1090; x_wconf 83' lang='grc' dir='ltr'><em>ἡ</em></span> <span class='ocrx_word' id='word_1_46' title='bbox 284 1013 316 1074; x_wconf 86' lang='grc' dir='ltr'>δέ</span> <span class='ocrx_word' id='word_1_47' title='bbox 332 1011 424 1073; x_wconf 89' lang='grc' dir='ltr'>δόλον</span> <span class='ocrx_word' id='word_1_48' title='bbox 438 1009 518 1074; x_wconf 83' lang='grc' dir='ltr'>τάνδ’</span> <span class='ocrx_word' id='word_1_49' title='bbox 533 1009 632 1074; x_wconf 74' lang='grc' dir='ltr'>ἄλλον</span> <span class='ocrx_word' id='word_1_50' title='bbox 648 1006 692 1074; x_wconf 80' lang='grc' dir='ltr'>ἐνά</span> <span class='ocrx_word' id='word_1_51' title='bbox 706 1007 800 1090; x_wconf 82' lang='grc' dir='ltr'>φρεσὶ</span> <span class='ocrx_word' id='word_1_52' title='bbox 815 1007 986 1091; x_wconf 73' lang='grc' dir='ltr'>μερμήριξε·</span> 
     </span>
    </p>

    <p class='ocr_par' dir='ltr' id='par_1_6' title="bbox 249 1111 1196 1608">
     <span class='ocr_line' id='line_1_8' title="bbox 249 1111 1096 1195; baseline 0.004 -20"><span class='ocrx_word' id='word_1_53' title='bbox 249 1112 424 1194; x_wconf 82' lang='grc' dir='ltr'>στησαμένη</span> <span class='ocrx_word' id='word_1_54' title='bbox 439 1111 535 1195; x_wconf 76' lang='grc' dir='ltr'>μέγαν</span> <span class='ocrx_word' id='word_1_55' title='bbox 555 1113 641 1176; x_wconf 82' lang='grc' dir='ltr'>ἱστὸν</span> <span class='ocrx_word' id='word_1_56' title='bbox 658 1115 706 1176; x_wconf 83' lang='grc' dir='ltr'>ἐνὶ</span> <span class='ocrx_word' id='word_1_57' title='bbox 719 1111 898 1194; x_wconf 78' lang='grc' dir='ltr'>μεγάροισιν</span> <span class='ocrx_word' id='word_1_58' title='bbox 911 1115 1030 1194; x_wconf 77' lang='grc' dir='ltr'>ὕφαινε,</span> <span class='ocrx_word' id='word_1_59' title='bbox 1092 1169 1096 1178; x_wconf 94' lang='grc'>.</span> 
     </span>
     <span class='ocr_line' id='line_1_9' title="bbox 249 1205 1196 1298; baseline 0.003 -19"><span class='ocrx_word' id='word_1_60' title='bbox 249 1218 362 1280; x_wconf 89' lang='grc' dir='ltr'>λεπτὸν</span> <span class='ocrx_word' id='word_1_61' title='bbox 378 1218 425 1282; x_wconf 87' lang='grc' dir='ltr'>καὶ</span> <span class='ocrx_word' id='word_1_62' title='bbox 441 1205 630 1298; x_wconf 42' lang='grc' dir='ltr'>περίμετρον·λ</span> <span class='ocrx_word' id='word_1_63' title='bbox 651 1216 733 1297; x_wconf 84' lang='grc' dir='ltr'>ἄφαρ</span> <span class='ocrx_word' id='word_1_64' title='bbox 747 1217 774 1280; x_wconf 91' lang='grc' dir='ltr'>δ’</span> <span class='ocrx_word' id='word_1_65' title='bbox 790 1215 862 1295; x_wconf 77' lang='grc' dir='ltr'>ἡμῖν</span> <span class='ocrx_word' id='word_1_66' title='bbox 875 1217 1022 1297; x_wconf 72' lang='grc' dir='ltr'>μετέειπε</span> <span class='ocrx_word' id='word_1_67' title='bbox 1157 1244 1196 1294; x_wconf 68' lang='lat'>95</span> 
     </span>
     <span class='ocr_line' id='line_1_10' title="bbox 251 1318 1074 1402; baseline 0.004 -18"><span class='ocrx_word' id='word_1_68' title='bbox 251 1325 359 1401; x_wconf 84' lang='grc' dir='ltr'>κοῦροι,</span> <span class='ocrx_word' id='word_1_69' title='bbox 375 1318 441 1400; x_wconf 81' lang='grc' dir='ltr'>ἐμοὶ</span> <span class='ocrx_word' id='word_1_70' title='bbox 455 1323 633 1402; x_wconf 76' lang='grc' dir='ltr'>μνηστῆρες,</span> <span class='ocrx_word' id='word_1_71' title='bbox 650 1320 715 1385; x_wconf 88' lang='grc' dir='ltr'>ἐπεὶ</span> <span class='ocrx_word' id='word_1_72' title='bbox 731 1319 803 1386; x_wconf 87' lang='grc' dir='ltr'>θάνε</span> <span class='ocrx_word' id='word_1_73' title='bbox 819 1325 882 1386; x_wconf 85' lang='grc' dir='ltr'>δῖος</span> <span class='ocrx_word' id='word_1_74' title='bbox 898 1321 1074 1398; x_wconf 76' lang='grc' dir='ltr'>Ὀδυσσεύς,</span> 
     </span>
     <span class='ocr_line' id='line_1_11' title="bbox 249 1421 1096 1507; baseline 0.007 -21"><span class='ocrx_word' id='word_1_75' title='bbox 249 1425 363 1503; x_wconf 90' lang='grc' dir='ltr'>μίμνετ’</span> <span class='ocrx_word' id='word_1_76' title='bbox 381 1426 569 1506; x_wconf 84' lang='grc' dir='ltr'>ἐπειγόμενοι</span> <span class='ocrx_word' id='word_1_77' title='bbox 585 1429 636 1488; x_wconf 88' lang='grc' dir='ltr'>τδν</span> <span class='ocrx_word' id='word_1_78' title='bbox 652 1425 723 1503; x_wconf 86' lang='grc' dir='ltr'>ἐμδν</span> <span class='ocrx_word' id='word_1_79' title='bbox 738 1421 845 1505; x_wconf 87' lang='grc' dir='ltr'>γάμον,</span> <span class='ocrx_word' id='word_1_80' title='bbox 862 1427 905 1491; x_wconf 85' lang='grc' dir='ltr'>είς</span> <span class='ocrx_word' id='word_1_81' title='bbox 920 1425 937 1486; x_wconf 86' lang='grc' dir='ltr'>ὅ</span> <span class='ocrx_word' id='word_1_82' title='bbox 951 1449 985 1489; x_wconf 83' lang='grc' dir='ltr'>κε</span> <span class='ocrx_word' id='word_1_83' title='bbox 1000 1429 1096 1507; x_wconf 73' lang='grc' dir='ltr'>φάρος</span> 
     </span>
     <span class='ocr_line' id='line_1_12' title="bbox 251 1524 967 1608; baseline 0 -16"><span class='ocrx_word' id='word_1_84' title='bbox 251 1527 411 1602; x_wconf 84' lang='grc' dir='ltr'>ἐκτελέσω,</span> <span class='ocrx_word' id='word_1_85' title='bbox 426 1527 466 1606; x_wconf 87' lang='grc' dir='ltr'>μή</span> <span class='ocrx_word' id='word_1_86' title='bbox 481 1553 532 1608; x_wconf 85' lang='grc' dir='ltr'>μοι</span> <span class='ocrx_word' id='word_1_87' title='bbox 544 1528 715 1606; x_wconf 81' lang='grc' dir='ltr'>μεταμάνια</span> <span class='ocrx_word' id='word_1_88' title='bbox 729 1524 834 1608; x_wconf 82' lang='grc' dir='ltr'>νήματ’</span> <span class='ocrx_word' id='word_1_89' title='bbox 851 1530 967 1608; x_wconf 84' lang='grc' dir='ltr'>ὄληται,</span> 
     </span>
    </p>

    <p class='ocr_par' dir='ltr' id='par_1_7' title="bbox 252 1629 873 1716">
     <span class='ocr_line' id='line_1_13' title="bbox 252 1629 873 1716; baseline 0.006 -24"><span class='ocrx_word' id='word_1_90' title='bbox 252 1630 369 1716; x_wconf 78' lang='grc' dir='ltr'>Λαέρτῃ</span> <span class='ocrx_word' id='word_1_91' title='bbox 382 1631 458 1712; x_wconf 80' lang='grc' dir='ltr'>ἥρωϊ</span> <span class='ocrx_word' id='word_1_92' title='bbox 472 1629 614 1712; x_wconf 81' lang='grc' dir='ltr'>ταφήϊον,</span> <span class='ocrx_word' id='word_1_93' title='bbox 629 1632 673 1696; x_wconf 88' lang='grc' dir='ltr'>είς</span> <span class='ocrx_word' id='word_1_94' title='bbox 688 1631 739 1694; x_wconf 79' lang='grc' dir='ltr'>ὅτε</span> <span class='ocrx_word' id='word_1_95' title='bbox 755 1630 804 1696; x_wconf 85' lang='grc' dir='ltr'>κέν</span> <span class='ocrx_word' id='word_1_96' title='bbox 820 1657 873 1712; x_wconf 83' lang='grc' dir='ltr'>μιν</span> 
     </span>
    </p>

    <p class='ocr_par' dir='ltr' id='par_1_8' title="bbox 249 1733 1198 1926">
     <span class='ocr_line' id='line_1_14' title="bbox 249 1733 1198 1821; baseline 0.001 -24"><span class='ocrx_word' id='word_1_97' title='bbox 249 1735 327 1816; x_wconf 87' lang='grc' dir='ltr'>μοῖρ’</span> <span class='ocrx_word' id='word_1_98' title='bbox 342 1735 417 1814; x_wconf 77' lang='grc' dir='ltr'>ὀλοή</span> <span class='ocrx_word' id='word_1_99' title='bbox 435 1733 578 1821; x_wconf 77' lang='grc' dir='ltr'>καθέλῃσι</span> <span class='ocrx_word' id='word_1_100' title='bbox 593 1733 774 1816; x_wconf 82' lang='grc' dir='ltr'>τανηλεγέος</span> <span class='ocrx_word' id='word_1_101' title='bbox 789 1735 941 1814; x_wconf 70' lang='grc' dir='ltr'>θανάτοιο,</span> <span class='ocrx_word' id='word_1_102' title='bbox 1148 1763 1198 1799; x_wconf 83' lang='grc' dir='ltr'>ιοο</span> 
     </span>
     <span class='ocr_line' id='line_1_15' title="bbox 250 1837 991 1926; baseline 0.003 -26"><span class='ocrx_word' id='word_1_103' title='bbox 250 1837 291 1917; x_wconf 90' lang='grc' dir='ltr'>μή</span> <span class='ocrx_word' id='word_1_104' title='bbox 305 1839 349 1905; x_wconf 86' lang='grc' dir='ltr'>τίς</span> <span class='ocrx_word' id='word_1_105' title='bbox 363 1864 415 1918; x_wconf 91' lang='grc' dir='ltr'>μοι</span> <span class='ocrx_word' id='word_1_106' title='bbox 432 1842 506 1906; x_wconf 80' lang='grc' dir='ltr'>κατὰ</span> <span class='ocrx_word' id='word_1_107' title='bbox 522 1840 614 1914; x_wconf 68' lang='grc' dir='ltr'>δῆμον</span> <span class='ocrx_word' id='word_1_108' title='bbox 630 1837 814 1919; x_wconf 78' lang='grc' dir='ltr'>Ἀχαιϊάδων</span> <span class='ocrx_word' id='word_1_109' title='bbox 828 1839 991 1926; x_wconf 88' lang='grc' dir='ltr'>νεμεσήσῃ,</span> 
     </span>
    </p>

    <p class='ocr_par' dir='ltr' id='par_1_9' title="bbox 250 1942 1005 2023">
     <span class='ocr_line' id='line_1_16' title="bbox 250 1942 1005 2023; baseline 0.001 -18"><span class='ocrx_word' id='word_1_110' title='bbox 250 1944 283 2006; x_wconf 82' lang='grc' dir='ltr'>αί</span> <span class='ocrx_word' id='word_1_111' title='bbox 298 1968 348 2006; x_wconf 88' lang='grc' dir='ltr'>κεν</span> <span class='ocrx_word' id='word_1_112' title='bbox 364 1943 434 2023; x_wconf 85' lang='grc' dir='ltr'>άτερ</span> <span class='ocrx_word' id='word_1_113' title='bbox 452 1942 579 2022; x_wconf 80' lang='grc' dir='ltr'>σπείρου</span> <span class='ocrx_word' id='word_1_114' title='bbox 594 1945 680 2020; x_wconf 83' lang='grc' dir='ltr'>κῆται</span> <span class='ocrx_word' id='word_1_115' title='bbox 695 1944 799 2006; x_wconf 80' lang='grc' dir='ltr'>πολλὰ</span> <span class='ocrx_word' id='word_1_116' title='bbox 815 1943 1005 2010; x_wconf 88' lang='grc' dir='ltr'>κτεατίσσας.</span> 
     </span>
    </p>

    <p class='ocr_par' dir='ltr' id='par_1_10' title="bbox 251 2043 1057 2128">
     <span class='ocr_line' id='line_1_17' title="bbox 251 2043 1057 2128; baseline 0.001 -20"><span class='ocrx_word' id='word_1_117' title='bbox 251 2046 290 2112; x_wconf 77' lang='grc' dir='ltr'>ὣς</span> <span class='ocrx_word' id='word_1_118' title='bbox 306 2045 405 2126; x_wconf 84' lang='grc' dir='ltr'>ἔφαθ’,</span> <span class='ocrx_word' id='word_1_119' title='bbox 421 2044 492 2125; x_wconf 77' lang='grc' dir='ltr'>ἡμῖν</span> <span class='ocrx_word' id='word_1_120' title='bbox 506 2044 534 2108; x_wconf 85' lang='grc' dir='ltr'>δ’</span> <span class='ocrx_word' id='word_1_121' title='bbox 551 2043 613 2108; x_wconf 75' lang='grc' dir='ltr'>αὖτ’</span> <span class='ocrx_word' id='word_1_122' title='bbox 628 2046 807 2116; x_wconf 78' lang='grc' dir='ltr'>ἐπεπείθετο</span> <span class='ocrx_word' id='word_1_123' title='bbox 822 2046 914 2126; x_wconf 83' lang='grc' dir='ltr'>θνμδς</span> <span class='ocrx_word' id='word_1_124' title='bbox 927 2046 1057 2128; x_wconf 82' lang='grc' dir='ltr'>ἀγήνωρ.</span> 
     </span>
    </p>

    <p class='ocr_par' dir='ltr' id='par_1_11' title="bbox 251 2147 1006 2230">
     <span class='ocr_line' id='line_1_18' title="bbox 251 2147 1006 2230; baseline 0.004 -19"><span class='ocrx_word' id='word_1_125' title='bbox 251 2149 322 2214; x_wconf 86' lang='grc' dir='ltr'>ἔνθα</span> <span class='ocrx_word' id='word_1_126' title='bbox 338 2151 387 2212; x_wconf 88' lang='grc' dir='ltr'>καὶ</span> <span class='ocrx_word' id='word_1_127' title='bbox 402 2148 511 2227; x_wconf 84' lang='grc' dir='ltr'>ἠματίη</span> <span class='ocrx_word' id='word_1_128' title='bbox 525 2150 581 2230; x_wconf 78' lang='grc' dir='ltr'>μὲν</span> <span class='ocrx_word' id='word_1_129' title='bbox 596 2148 781 2229; x_wconf 72' lang='grc' dir='ltr'>ὑφαίνεσκεν</span> <span class='ocrx_word' id='word_1_130' title='bbox 794 2147 897 2230; x_wconf 85' lang='grc' dir='ltr'>μέγαν·</span> <span class='ocrx_word' id='word_1_131' title='bbox 907 2151 1006 2229; x_wconf 72' lang='grc' dir='ltr'>ἱστόν,</span> 
     </span>
    </p>

    <p class='ocr_par' dir='ltr' id='par_1_12' title="bbox 251 2249 1198 2440">
     <span class='ocr_line' id='line_1_19' title="bbox 251 2249 1198 2334; baseline 0 -17"><span class='ocrx_word' id='word_1_132' title='bbox 251 2253 357 2318; x_wconf 79' lang='grc' dir='ltr'>νύκτας</span> <span class='ocrx_word' id='word_1_133' title='bbox 373 2252 398 2316; x_wconf 87' lang='grc' dir='ltr'>δ’</span> <span class='ocrx_word' id='word_1_134' title='bbox 416 2252 595 2326; x_wconf 70' lang='grc' dir='ltr'>ἀλλύεσκεν,</span> <span class='ocrx_word' id='word_1_135' title='bbox 610 2253 677 2316; x_wconf 82' lang='grc' dir='ltr'>ἐπεὶ</span> <span class='ocrx_word' id='word_1_136' title='bbox 692 2249 795 2316; x_wconf 75' lang='grc' dir='ltr'>δαίδας</span> <span class='ocrx_word' id='word_1_137' title='bbox 809 2257 980 2334; x_wconf 85' lang='grc' dir='ltr'>παραθεῖτο.</span> <span class='ocrx_word' id='word_1_138' title='bbox 1150 2281 1198 2331; x_wconf 87' lang='lat'>¹05</span> 
     </span>
     <span class='ocr_line' id='line_1_20' title="bbox 251 2352 1060 2440; baseline 0.004 -20"><span class='ocrx_word' id='word_1_139' title='bbox 251 2357 290 2423; x_wconf 85' lang='grc' dir='ltr'>δς</span> <span class='ocrx_word' id='word_1_140' title='bbox 306 2357 418 2438; x_wconf 89' lang='grc' dir='ltr'>τρίετες</span> <span class='ocrx_word' id='word_1_141' title='bbox 433 2361 489 2435; x_wconf 74' lang='grc' dir='ltr'>μὲν</span> <span class='ocrx_word' id='word_1_142' title='bbox 504 2357 596 2434; x_wconf 71' lang='grc' dir='ltr'>ἔληθε</span> <span class='ocrx_word' id='word_1_143' title='bbox 612 2357 692 2440; x_wconf 81' lang='grc' dir='ltr'>δόλῳ</span> <span class='ocrx_word' id='word_1_144' title='bbox 709 2352 758 2420; x_wconf 68' lang='grc' dir='ltr'>καθ</span> <span class='ocrx_word' id='word_1_145' title='bbox 773 2356 893 2422; x_wconf 80' lang='grc' dir='ltr'>ἔπειθεν</span> <span class='ocrx_word' id='word_1_146' title='bbox 908 2356 1060 2440; x_wconf 73' lang='grc' dir='ltr'>Ἀχαιούς</span> 
     </span>
    </p>

    <p class='ocr_par' dir='ltr' id='par_1_13' title="bbox 251 2458 1067 2542">
     <span class='ocr_line' id='line_1_21' title="bbox 251 2458 1067 2542; baseline 0.004 -20"><span class='ocrx_word' id='word_1_147' title='bbox 251 2458 321 2522; x_wconf 83' lang='grc' dir='ltr'>ἀλλ’</span> <span class='ocrx_word' id='word_1_148' title='bbox 339 2461 389 2523; x_wconf 85' lang='grc' dir='ltr'>ὅτε</span> <span class='ocrx_word' id='word_1_149' title='bbox 404 2460 543 2542; x_wconf 85' lang='grc' dir='ltr'>τέτρατον</span> <span class='ocrx_word' id='word_1_150' title='bbox 559 2459 652 2540; x_wconf 81' lang='grc' dir='ltr'>ήλθεν</span> <span class='ocrx_word' id='word_1_151' title='bbox 667 2461 734 2525; x_wconf 82' lang='grc' dir='ltr'>ἔτος</span> <span class='ocrx_word' id='word_1_152' title='bbox 752 2460 801 2522; x_wconf 88' lang='grc' dir='ltr'>καὶ</span> <span class='ocrx_word' id='word_1_153' title='bbox 817 2459 968 2536; x_wconf 79' lang='grc' dir='ltr'>ἐπήλυθον</span> <span class='ocrx_word' id='word_1_154' title='bbox 983 2463 1067 2541; x_wconf 78' lang='grc' dir='ltr'>ὧραι,</span> 
     </span>
    </p>
   </div>
   <div class='ocr_carea' id='block_1_3' title="bbox 249 2560 1199 3270">
    <p class='ocr_par' dir='ltr' id='par_1_14' title="bbox 252 2560 989 2648">
     <span class='ocr_line' id='line_1_22' title="bbox 252 2560 989 2648; baseline 0.003 -22"><span class='ocrx_word' id='word_1_155' title='bbox 252 2562 299 2626; x_wconf 85' lang='grc' dir='ltr'>καὶ</span> <span class='ocrx_word' id='word_1_156' title='bbox 314 2565 382 2628; x_wconf 90' lang='grc' dir='ltr'>τότε</span> <span class='ocrx_word' id='word_1_157' title='bbox 397 2561 433 2642; x_wconf 92' lang='grc' dir='ltr'>δή</span> <span class='ocrx_word' id='word_1_158' title='bbox 449 2589 494 2630; x_wconf 86' lang='grc' dir='ltr'>τις</span> <span class='ocrx_word' id='word_1_159' title='bbox 510 2564 593 2630; x_wconf 81' lang='grc' dir='ltr'>έειτε</span> <span class='ocrx_word' id='word_1_160' title='bbox 608 2569 765 2646; x_wconf 76' lang='grc' dir='ltr'>γυναικῶν,</span> <span class='ocrx_word' id='word_1_161' title='bbox 781 2560 801 2642; x_wconf 74' lang='grc' dir='ltr'>ἣ</span> <span class='ocrx_word' id='word_1_162' title='bbox 821 2562 907 2644; x_wconf 88' lang='grc' dir='ltr'>σάφα</span> <span class='ocrx_word' id='word_1_163' title='bbox 922 2563 989 2648; x_wconf 82' lang='grc' dir='ltr'>ᾔδη,</span> 
     </span>
    </p>

    <p class='ocr_par' dir='ltr' id='par_1_15' title="bbox 252 2664 1032 2749">
     <span class='ocr_line' id='line_1_23' title="bbox 252 2664 1032 2749; baseline 0.005 -20"><span class='ocrx_word' id='word_1_164' title='bbox 252 2664 299 2730; x_wconf 84' lang='grc' dir='ltr'>καὶ</span> <span class='ocrx_word' id='word_1_165' title='bbox 315 2665 370 2746; x_wconf 82' lang='grc' dir='ltr'>τήν</span> <span class='ocrx_word' id='word_1_166' title='bbox 384 2665 414 2749; x_wconf 87' lang='grc' dir='ltr'>γ’</span> <span class='ocrx_word' id='word_1_167' title='bbox 431 2667 607 2734; x_wconf 78' lang='grc' dir='ltr'>ἀλλύουσαν</span> <span class='ocrx_word' id='word_1_168' title='bbox 622 2666 789 2748; x_wconf 72' lang='grc' dir='ltr'>ἐφεύρομεν</span> <span class='ocrx_word' id='word_1_169' title='bbox 803 2667 920 2749; x_wconf 81' lang='grc' dir='ltr'>ἀγλαδν</span> <span class='ocrx_word' id='word_1_170' title='bbox 936 2669 1032 2734; x_wconf 74' lang='grc' dir='ltr'>ἱστόν.</span> 
     </span>
    </p>

    <p class='ocr_par' dir='ltr' id='par_1_16' title="bbox 251 2765 1199 2960">
     <span class='ocr_line' id='line_1_24' title="bbox 251 2765 1199 2855; baseline 0.002 -23"><span class='ocrx_word' id='word_1_171' title='bbox 251 2769 290 2836; x_wconf 86' lang='grc' dir='ltr'>δς</span> <span class='ocrx_word' id='word_1_172' title='bbox 305 2769 339 2832; x_wconf 88' lang='grc' dir='ltr'>τδ</span> <span class='ocrx_word' id='word_1_173' title='bbox 354 2773 410 2848; x_wconf 75' lang='grc' dir='ltr'>μὲν</span> <span class='ocrx_word' id='word_1_174' title='bbox 426 2767 605 2848; x_wconf 84' lang='grc' dir='ltr'>ἐξετέλεσσε</span> <span class='ocrx_word' id='word_1_175' title='bbox 622 2768 670 2834; x_wconf 81' lang='grc' dir='ltr'>καὶ</span> <span class='ocrx_word' id='word_1_176' title='bbox 686 2768 737 2832; x_wconf 68' lang='grc' dir='ltr'>οὐκ</span> <span class='ocrx_word' id='word_1_177' title='bbox 754 2765 893 2834; x_wconf 85' lang='grc' dir='ltr'>ἐθέλονσ’</span> <span class='ocrx_word' id='word_1_178' title='bbox 906 2767 955 2834; x_wconf 81' lang='grc' dir='ltr'>ὑπ’</span> <span class='ocrx_word' id='word_1_179' title='bbox 970 2770 1111 2855; x_wconf 78' lang='grc' dir='ltr'>ἀνάγκης·</span> <span class='ocrx_word' id='word_1_180' title='bbox 1151 2798 1199 2834; x_wconf 84' lang='grc' dir='ltr'>ττο</span> 
     </span>
     <span class='ocr_line' id='line_1_25' title="bbox 251 2871 983 2960; baseline 0.007 -27"><span class='ocrx_word' id='word_1_181' title='bbox 251 2871 300 2937; x_wconf 84' lang='grc' dir='ltr'>σοὶ</span> <span class='ocrx_word' id='word_1_182' title='bbox 316 2874 342 2938; x_wconf 90' lang='grc' dir='ltr'>δ’</span> <span class='ocrx_word' id='word_1_183' title='bbox 357 2877 414 2938; x_wconf 84' lang='grc' dir='ltr'>ὧδε</span> <span class='ocrx_word' id='word_1_184' title='bbox 429 2879 597 2956; x_wconf 82' lang='grc' dir='ltr'>μνηστῆρες</span> <span class='ocrx_word' id='word_1_185' title='bbox 612 2875 831 2954; x_wconf 73' lang='grc' dir='ltr'>ἀποκρίνοντα,</span> <span class='ocrx_word' id='word_1_186' title='bbox 847 2872 886 2940; x_wconf 77' lang='grc' dir='ltr'>ἵν’</span> <span class='ocrx_word' id='word_1_187' title='bbox 901 2877 983 2960; x_wconf 71' lang='grc' dir='ltr'>εἰδῇς</span> 
     </span>
    </p>

    <p class='ocr_par' dir='ltr' id='par_1_17' title="bbox 251 2975 947 3063">
     <span class='ocr_line' id='line_1_26' title="bbox 251 2975 947 3063; baseline -0.001 -22"><span class='ocrx_word' id='word_1_188' title='bbox 251 2979 338 3044; x_wconf 80' lang='grc' dir='ltr'>αὐτὸς</span> <span class='ocrx_word' id='word_1_189' title='bbox 354 2982 399 3063; x_wconf 77' lang='grc' dir='ltr'>σῷ</span> <span class='ocrx_word' id='word_1_190' title='bbox 416 2981 506 3062; x_wconf 79' lang='grc' dir='ltr'>θυμῷ,</span> <span class='ocrx_word' id='word_1_191' title='bbox 523 2981 625 3043; x_wconf 85' lang='grc' dir='ltr'>είδῶσι</span> <span class='ocrx_word' id='word_1_192' title='bbox 643 2980 675 3042; x_wconf 77' lang='grc' dir='ltr'>δὲ</span> <span class='ocrx_word' id='word_1_193' title='bbox 690 2977 803 3046; x_wconf 88' lang='grc' dir='ltr'>πάντες</span> <span class='ocrx_word' id='word_1_194' title='bbox 816 2975 947 3062; x_wconf 87' lang='grc' dir='ltr'>Ἀχαιοί·</span> 
     </span>
    </p>

    <p class='ocr_par' dir='ltr' id='par_1_18' title="bbox 249 3080 1077 3165">
     <span class='ocr_line' id='line_1_27' title="bbox 249 3080 1077 3165; baseline 0.007 -25"><span class='ocrx_word' id='word_1_195' title='bbox 249 3081 362 3162; x_wconf 80' lang='grc' dir='ltr'>μητέρα</span> <span class='ocrx_word' id='word_1_196' title='bbox 380 3083 438 3160; x_wconf 75' lang='grc' dir='ltr'>σήν</span> <span class='ocrx_word' id='word_1_197' title='bbox 453 3083 646 3163; x_wconf 60' lang='grc' dir='ltr'>ἀπόπεμψον,</span> <span class='ocrx_word' id='word_1_198' title='bbox 662 3080 778 3165; x_wconf 85' lang='grc' dir='ltr'>ἀνοιχθι</span> <span class='ocrx_word' id='word_1_199' title='bbox 793 3082 826 3147; x_wconf 92' lang='grc' dir='ltr'>δέ</span> <span class='ocrx_word' id='word_1_200' title='bbox 839 3108 892 3162; x_wconf 91' lang='grc' dir='ltr'>μιν</span> <span class='ocrx_word' id='word_1_201' title='bbox 907 3081 1077 3164; x_wconf 85' lang='grc' dir='ltr'>γαμέεσθαι</span> 
     </span>
    </p>

    <p class='ocr_par' dir='ltr' id='par_1_19' title="bbox 251 3183 979 3270">
     <span class='ocr_line' id='line_1_28' title="bbox 251 3183 979 3270; baseline 0.003 -24"><span class='ocrx_word' id='word_1_202' title='bbox 251 3186 291 3268; x_wconf 75' lang='grc' dir='ltr'>τῷ</span> <span class='ocrx_word' id='word_1_203' title='bbox 308 3184 382 3269; x_wconf 75' lang='grc' dir='ltr'>ὅτεφ</span> <span class='ocrx_word' id='word_1_204' title='bbox 399 3209 431 3250; x_wconf 87' lang='grc' dir='ltr'>τε</span> <span class='ocrx_word' id='word_1_205' title='bbox 446 3185 543 3267; x_wconf 75' lang='grc' dir='ltr'>πατήρ</span> <span class='ocrx_word' id='word_1_206' title='bbox 559 3184 680 3250; x_wconf 88' lang='grc' dir='ltr'>κέλεται</span> <span class='ocrx_word' id='word_1_207' title='bbox 697 3183 744 3250; x_wconf 81' lang='grc' dir='ltr'>καὶ</span> <span class='ocrx_word' id='word_1_208' title='bbox 759 3185 880 3250; x_wconf 80' lang='grc' dir='ltr'>ἁνδάνει</span> <span class='ocrx_word' id='word_1_209' title='bbox 896 3187 979 3270; x_wconf 76' lang='grc' dir='ltr'>αὐτῇ.</span> 
     </span>
    </p>
   </div>
   <div class='ocr_carea' id='block_1_4' title="bbox 249 3285 1200 3788">
    <p class='ocr_par' dir='ltr' id='par_1_20' title="bbox 251 3285 1200 3485">
     <span class='ocr_line' id='line_1_29' title="bbox 251 3285 1200 3371; baseline 0.001 -22"><span class='ocrx_word' id='word_1_210' title='bbox 251 3288 278 3349; x_wconf 81' lang='grc' dir='ltr'>εί</span> <span class='ocrx_word' id='word_1_211' title='bbox 294 3285 318 3349; x_wconf 87' lang='grc' dir='ltr'>δ’</span> <span class='ocrx_word' id='word_1_212' title='bbox 335 3285 374 3350; x_wconf 85' lang='grc' dir='ltr'>ἔτ’</span> <span class='ocrx_word' id='word_1_213' title='bbox 390 3287 508 3366; x_wconf 87' lang='grc' dir='ltr'>ἀνιήσει</span> <span class='ocrx_word' id='word_1_214' title='bbox 524 3314 560 3371; x_wconf 88' lang='grc' dir='ltr'>γε</span> <span class='ocrx_word' id='word_1_215' title='bbox 576 3287 672 3353; x_wconf 74' lang='grc' dir='ltr'>πολὺν</span> <span class='ocrx_word' id='word_1_216' title='bbox 686 3290 798 3371; x_wconf 89' lang='grc' dir='ltr'>χρόνον</span> <span class='ocrx_word' id='word_1_217' title='bbox 812 3290 879 3354; x_wconf 78' lang='grc' dir='ltr'>υἷας</span> <span class='ocrx_word' id='word_1_218' title='bbox 894 3287 1037 3369; x_wconf 76' lang='grc' dir='ltr'>Ἀχαιῶν,</span> <span class='ocrx_word' id='word_1_219' title='bbox 1154 3315 1200 3364; x_wconf 85' lang='lat'>115</span> 
     </span>
     <span class='ocr_line' id='line_1_30' title="bbox 251 3389 1051 3485; baseline 0.004 -34"><span class='ocrx_word' id='word_1_220' title='bbox 251 3389 287 3452; x_wconf 85' lang='grc' dir='ltr'>τὰ</span> <span class='ocrx_word' id='word_1_221' title='bbox 302 3389 461 3485; x_wconf 88' lang='grc' dir='ltr'>φρονέονσ’</span> <span class='ocrx_word' id='word_1_222' title='bbox 476 3394 533 3458; x_wconf 78' lang='grc' dir='ltr'>ἀνὰ</span> <span class='ocrx_word' id='word_1_223' title='bbox 549 3391 642 3473; x_wconf 87' lang='grc' dir='ltr'>θνμδν</span> <span class='ocrx_word' id='word_1_224' title='bbox 657 3391 677 3456; x_wconf 86' lang='grc' dir='ltr'>ἀ</span> <span class='ocrx_word' id='word_1_225' title='bbox 692 3393 721 3454; x_wconf 77' lang='grc' dir='ltr'>οἱ</span> <span class='ocrx_word' id='word_1_226' title='bbox 737 3392 804 3474; x_wconf 92' lang='grc' dir='ltr'>πέρι</span> <span class='ocrx_word' id='word_1_227' title='bbox 820 3398 913 3458; x_wconf 81' lang='grc' dir='ltr'>δῶκεν</span> <span class='ocrx_word' id='word_1_228' title='bbox 928 3390 1051 3471; x_wconf 85' lang='grc' dir='ltr'>Ἀθήνη,</span> 
     </span>
    </p>

    <p class='ocr_par' dir='ltr' id='par_1_21' title="bbox 250 3491 1088 3681">
     <span class='ocr_line' id='line_1_31' title="bbox 250 3491 1088 3578; baseline 0.01 -23"><span class='ocrx_word' id='word_1_229' title='bbox 250 3493 324 3576; x_wconf 82' lang='grc' dir='ltr'>ἔργα</span> <span class='ocrx_word' id='word_1_230' title='bbox 339 3491 364 3556; x_wconf 91' lang='grc' dir='ltr'>τ’</span> <span class='ocrx_word' id='word_1_231' title='bbox 379 3496 562 3562; x_wconf 88' lang='grc' dir='ltr'>ἐπίστασθαι</span> <span class='ocrx_word' id='word_1_232' title='bbox 577 3494 762 3577; x_wconf 87' lang='grc' dir='ltr'>περικαλλέα</span> <span class='ocrx_word' id='word_1_233' title='bbox 777 3494 825 3560; x_wconf 87' lang='grc' dir='ltr'>καὶ</span> <span class='ocrx_word' id='word_1_234' title='bbox 841 3495 956 3578; x_wconf 86' lang='grc' dir='ltr'>φρένας</span> <span class='ocrx_word' id='word_1_235' title='bbox 972 3496 1088 3563; x_wconf 85' lang='grc' dir='ltr'>έσθλδς</span> 
     </span>
     <span class='ocr_line' id='line_1_32' title="bbox 252 3595 1060 3681; baseline 0.006 -19"><span class='ocrx_word' id='word_1_236' title='bbox 252 3595 357 3680; x_wconf 84' lang='grc' dir='ltr'>κέρδεά</span> <span class='ocrx_word' id='word_1_237' title='bbox 373 3597 410 3676; x_wconf 80' lang='grc' dir='ltr'>θ’,</span> <span class='ocrx_word' id='word_1_238' title='bbox 426 3596 465 3662; x_wconf 77' lang='grc' dir='ltr'>οἷ’</span> <span class='ocrx_word' id='word_1_239' title='bbox 480 3600 515 3664; x_wconf 78' lang='grc' dir='ltr'>οὔ</span> <span class='ocrx_word' id='word_1_240' title='bbox 530 3601 577 3666; x_wconf 80' lang='grc' dir='ltr'>πά</span> <span class='ocrx_word' id='word_1_241' title='bbox 593 3597 648 3665; x_wconf 85' lang='grc' dir='ltr'>τιν’</span> <span class='ocrx_word' id='word_1_242' title='bbox 664 3600 811 3681; x_wconf 75' lang='grc' dir='ltr'>ἀκούομεν</span> <span class='ocrx_word' id='word_1_243' title='bbox 825 3601 893 3665; x_wconf 74' lang='grc' dir='ltr'>οὐδὲ</span> <span class='ocrx_word' id='word_1_244' title='bbox 908 3606 1060 3679; x_wconf 72' lang='grc' dir='ltr'>παλαιῶν,</span> 
     </span>
    </p>

    <p class='ocr_par' dir='ltr' id='par_1_22' title="bbox 249 3699 957 3788">
     <span class='ocr_line' id='line_1_33' title="bbox 249 3699 957 3788; baseline 0.006 -24"><span class='ocrx_word' id='word_1_245' title='bbox 249 3701 329 3764; x_wconf 85' lang='grc' dir='ltr'>τάων</span> <span class='ocrx_word' id='word_1_246' title='bbox 344 3701 375 3765; x_wconf 73' lang='grc' dir='ltr'>αδ</span> <span class='ocrx_word' id='word_1_247' title='bbox 391 3699 484 3784; x_wconf 85' lang='grc' dir='ltr'>πάρος</span> <span class='ocrx_word' id='word_1_248' title='bbox 500 3703 577 3782; x_wconf 75' lang='grc' dir='ltr'>ἦσαν</span> <span class='ocrx_word' id='word_1_249' title='bbox 593 3707 810 3784; x_wconf 83' lang='grc' dir='ltr'>ἐϋπλοκαμῖδες</span> <span class='ocrx_word' id='word_1_250' title='bbox 824 3703 957 3788; x_wconf 89' lang='grc' dir='ltr'>Ἀχαιαί,</span> 
     </span>
    </p>
   </div>
   <div class='ocr_carea' id='block_1_5' title="bbox 0 0 1464 4232">
    <p class='ocr_par' dir='ltr' id='par_1_23' title="bbox 0 0 1464 4232">
     <span class='ocr_line' id='line_1_34' title="bbox 0 0 1464 4232; baseline 0 0"><span class='ocrx_word' id='word_1_251' title='bbox 0 0 1464 4232; x_wconf 95' lang='lat' dir='ltr'> </span> 
     </span>
    </p>
   </div>
  </div>
 </body>
</html>
