2792 4232
255 305 317 388 308
578 315 627 380 15.
652 305 823 389 ΙΛΙΑΔΟΣ
847 305 885 366 Ο.

256 472 439 556 Ἀντίλοχον
453 473 478 537 δ’
494 473 603 554 ὤτρυνε
618 473 698 553 βοὴν
713 472 827 554 ἀγαθὸς
844 470 1012 538 Μενέλαος·

207 647 209 653 Ι
258 586 277 611 “
288 574 449 659 Ἀντίλοχ’,
467 576 501 638 ού
516 601 560 642 τις
577 581 643 640 σεῖο
660 575 802 657 νεώτερος
818 576 913 641 ἀλλος
926 574 1070 657 Ἀχαιῶν,

257 679 325 743 οὔτε
340 681 432 743 ποσὶν
448 678 572 741 θάσσων
588 679 648 740 οὔτ’
663 679 789 758 ἄλκιμος
805 678 844 744 ὡς
861 678 899 740 σὺ
912 675 1076 760 μάχεσθαι·
1151 699 1200 754 570

256 782 286 844 εί
298 779 365 842 τινά
380 806 437 843 που
452 781 563 861 Τρώων
578 778 742 859 ἐξάλμενος
756 780 849 862 ἀνδρα
863 778 1046 860 βάλοισθα.”

292 881 355 947 Ὣς
371 884 463 946 εἰπὼν
479 885 494 945 ό
508 883 564 960 μὲν
580 883 661 949 αὖτις
677 882 842 955 ἀπέσσυτο,
859 882 912 948 τὸν
927 880 953 946 δ’
969 883 1119 964 ὀρόθυνεν·

255 986 288 1048 ἐκ
303 985 327 1048 δ’
345 985 431 1066 ἔθορε
445 984 620 1068 προμάχων,
637 987 685 1049 καὶ
701 987 843 1049 ἀκόντισε
857 987 939 1066 δουρὶ
955 985 1069 1069 φαεινῷ

254 1088 332 1168 ἀμφὶ
348 1088 363 1151 ἐ
378 1086 543 1165 παπτήνας·
565 1088 623 1151 ὑπὸ
638 1089 670 1152 δέ
684 1092 785 1170 Τρῶες
801 1088 961 1152 κεκάδοντο

254 1189 360 1270 ἀνδρὸς
376 1191 621 1256 ἀκοντίσσαντος·
647 1195 663 1254 ὁ
679 1189 705 1256 δ’
721 1191 777 1274 οὐχ
793 1193 881 1256 ἅλιον
896 1190 991 1271 βέλος
1006 1191 1086 1270 ήκεν,
1147 1212 1195 1266 575

255 1292 323 1355 ἀλλ’
338 1289 506 1356 Ἱκετάονος
521 1292 596 1365 υἱόν,
613 1287 781 1369 ὑπέρθυμον
796 1286 1010 1360 Μελάνιππον,

258 1393 419 1470 νισόμενον
435 1392 602 1467 πόλεμόνδε
617 1390 700 1470 βάλε
718 1395 828 1468 στῆθος
845 1395 925 1472 παρὰ
939 1395 1043 1472 μαζόν.

256 1489 408 1568 δούπησεν
423 1491 456 1553 δέ
470 1489 582 1563 πεσόν,
598 1487 651 1553 τὸν
666 1491 698 1554 δὲ
714 1491 822 1555 σκότος
839 1493 915 1555 ὄσσε
932 1489 1078 1571 κάλυψεν.

255 1591 436 1676 Ἀντίλοχος
452 1591 477 1656 δ’
494 1594 642 1674 ἐπόρουσε
662 1592 739 1656 κύων
754 1594 802 1666 ὥς,
820 1594 854 1659 ός
868 1594 893 1656 τ’
911 1596 961 1656 ἐπὶ
979 1597 1079 1678 νεβρῷ

257 1694 400 1780 βλημένῳ
418 1694 496 1782 ἀίξῃ,
513 1697 565 1760 τόν
581 1692 606 1757 τ’
622 1693 658 1772 ἐξ
672 1695 779 1775 εὐνῆφι
795 1696 922 1774 θορόντα
1150 1712 1199 1772 580

256 1798 386 1879 θηρητὴρ
402 1799 532 1883 ἐτύχησε
546 1798 662 1878 βαλόν,
679 1796 812 1861 ὑπέλυσε
827 1801 860 1862 δέ
874 1804 954 1881 γυῖα·

256 1903 295 1968 ὣς
311 1905 361 1966 ἐπὶ
377 1904 436 1979 σοί,
454 1902 646 1978 Μελάνιππε,
663 1902 725 1982 θόρ’
741 1902 923 1986 Ἀντίλοχος
936 1901 1125 1987 μενεχάρμης

258 2001 365 2085 τεύχεα
382 2000 533 2082 συλήσων·
557 2004 627 2069 ἀλλ’
644 2007 677 2070 οὗ
692 2006 787 2073 λάθεν
798 2006 928 2090 Ἕκτορα
943 2014 1016 2084 δῖον,

258 2105 290 2169 ὅς
304 2104 342 2186 ῥά
358 2108 386 2168 οἱ
403 2107 503 2173 ἀντίος
518 2107 593 2188 ἦλθε
609 2110 686 2174 θέων
702 2113 759 2174 ἀνὰ
773 2117 924 2191 δηϊοτῆτα.

256 2207 436 2292 Ἀντίλοχος
452 2213 478 2274 δ’
494 2212 528 2275 οὗ
542 2218 627 2292 μεῖνε
643 2216 712 2281 θοός
728 2240 782 2295 περ
799 2216 856 2278 ἔδυ
871 2213 1066 2295 πολεμιστής,
1154 2231 1203 2292 585

258 2311 326 2374 ἀλλ’
343 2311 403 2394 ὅγ’
420 2313 465 2394 ἀρ’
483 2314 587 2396 ἔτρεσε
603 2318 670 2397 θηρὶ
687 2317 778 2381 κακόν
792 2315 913 2399 ῥέξαντι
928 2320 1042 2391 ἐοικός,

256 2414 288 2478 ὅς
303 2440 336 2477 τε
352 2415 424 2477 κύνα
441 2419 557 2484 κτείνας
571 2416 590 2496 ἢ
605 2420 758 2496 βουκόλου
773 2421 852 2501 ἀμφὶ
867 2423 982 2501 βόεσσι

255 2517 361 2598 φεύγει
377 2517 447 2598 πρίν
463 2545 518 2601 περ
534 2521 643 2599 ὅμιλον
658 2519 899 2603 ἀολλισθήμεναι
915 2526 1039 2606 ἀνδρῶν·

258 2627 296 2692 ὣς
311 2622 400 2707 τρέσε
415 2628 611 2705 Νεστορίδης,
627 2626 677 2688 ἐπὶ
693 2627 726 2688 δέ
740 2625 842 2699 Τρῶές
857 2651 890 2689 τε
906 2628 955 2689 καὶ
967 2626 1084 2706 Ἕκτωρ

256 2728 316 2812 ήχῇ
334 2729 484 2814 θεσπεσίῃ
499 2727 598 2808 βέλεα
613 2727 777 2791 στονόεντα
790 2727 910 2809 χέοντο·
1153 2757 1205 2808 590

257 2835 314 2908 στῆ
330 2833 364 2896 δέ
377 2832 624 2912 μεταστρεφθείς,
643 2832 709 2896 ἐπεὶ
726 2834 808 2895 ίκετο
825 2833 911 2897 ἔθνος
927 2834 1061 2913 ἑταίρων.

299 2939 400 3016 Τρῶες
416 2937 448 2997 δέ
462 2935 601 2998 λείουσιν
616 2935 748 3000 ἐοικότες
764 2933 957 3016 ὠμοφάγοισι

256 3039 363 3117 νηυσὶν
379 3037 590 3114 ἐπεσσεύοντο,
607 3038 681 3103 Διὸς
696 3041 721 3101 δ’
738 3038 872 3102 ἐτέλειον
888 3037 1029 3118 ἐφετμάς,

256 3142 274 3202 ὅ
289 3147 400 3221 σφισιν
417 3141 481 3203 αίέν
496 3139 593 3221 έγειρε
607 3138 697 3218 μένος
711 3139 799 3223 μέγα,
816 3139 907 3222 θέλγε
922 3143 954 3204 δὲ
971 3140 1064 3219 θνμδν

255 3240 402 3324 Ἀργείων
418 3243 466 3306 καὶ
483 3247 568 3308 κῦδος
584 3245 736 3318 ἀπαίνυτο,
753 3243 821 3308 τοὺς
836 3243 860 3306 δ’
878 3244 1029 3325 ὀρόθυνεν.
1153 3273 1203 3325 595

253 3343 375 3427 Ἕκτορι
389 3343 446 3427 γάρ
462 3347 491 3407 οἱ
507 3345 599 3425 θυμὸς
614 3346 761 3424 ἐβούλετο
777 3351 861 3412 κῦδος
877 3344 978 3426 ὀρέξαι

256 3447 418 3533 Πριαμίδῃ,
434 3448 483 3512 ἵνα
498 3448 586 3526 νηυσὶ
602 3448 742 3528 κορωνίσι
758 3449 919 3513 θεσπιδαὲς
935 3454 992 3529 πῦρ

252 3547 389 3628 ,ἐμβάλοι
405 3548 566 3630 ἀκάματον,
584 3549 711 3615 Θέτιδος
727 3548 751 3612 δ’
769 3546 905 3626 ἐξαίσιον
922 3551 997 3632 ἀρὴν

257 3654 359 3712 πᾶσαν
374 3649 551 3731 ἐπικρήνειε·
574 3651 609 3715 τό
623 3654 681 3733 γὰρ
695 3650 765 3729 μένε
780 3652 905 3731 μητίετα
921 3655 1004 3734 Ζεύς,
