2848 4296
249 391 314 474 384
565 390 612 455 18.
633 395 804 456 ΙΛΙΑΔΟΣ
828 397 861 457 Σ.

247 569 388 632 πλεκτοῖς
404 567 437 630 ἐν
451 561 612 647 ταλάροισι
628 561 722 648 φέρον
736 563 886 646 μελιηδέα·
897 561 1020 646 καρπόν.
1104 586 1106 592 ’

247 672 347 733 τοῖσιν
362 667 389 732 δ’
407 672 441 734 ἐν
453 670 600 751 μέσσοισι
615 670 686 736 πάϊς
701 671 849 752 φόρμιγγι
863 670 963 755 λιγείῃ

248 772 366 852 ἱμερόεν
378 771 625 855 κιθάριζε,·λίνον
640 767 665 837 δ’
682 776 740 837 ὑπὸ
757 773 852 838 καλὸν
867 765 949 836 ἀειδέ
1146 771 1196 848 57'0

246 875 402 962 λεπταλέῃ
418 879 515 964 φωνῇ·
538 879 585 942 τοὶ
601 879 634 941 δέ
647 876 816 961 ῥήσσοντες
831 879 945 958 ἁμαρτῆ

246 981 349 1066 μολπῇ
366 981 390 1042 τ’
409 983 553 1066 ίυγμῷσε
568 981 642 1045 ποσὶ
655 981 833 1061 σκαίροντες
846 979 968 1044 ἐποντο.
1081 1007 1082 1012 “
1193 999 1199 1034 ὲ

289 1082 346 1146 Ἐν
357 1082 382 1146 δ’
400 1082 515 1165 ἀγέλην
530 1085 642 1162 ποίησε
657 1090 743 1164 βοῶν
758 1083 988 1165 ὀρθοκραιράων·
1036 1081 1040 1089 ’

245 1187 277 1248 αί
293 1189 326 1250 δέ
340 1187 415 1266 βόες
429 1187 733 1269 χρυσοίοτετεύχατο
749 1187 930 1268 κασσιτέρου
947 1212 989 1260 τε,

243 1292 384 1374 μυκηθμῷ
400 1287 426 1354 δ’
443 1290 502 1354 άπδ
519 1291 630 1372 κόπρου
644 1291 850 1355 ἐπεσσεύοντο
866 1291 992 1370 νομόνδε
1144 1315 1194 1370 575

245 1394 305 1473 πὰρ
320 1393 455 1473 ποταμὸν
471 1393 646 1467 κελάδοντα,
661 1397 744 1476 παρὰ
761 1394 889 1476 ῥοδανὸν
904 1391 1056 1474 δονακῆα.Ι
1171 1393 1178 1449 Γ

244 1496 381 1578 χρύσειοι
400 1498 434 1561 δέ
448 1501 557 1578 νομῆες
572 1495 620 1578 ἀμ’
637 1499 821 1580 ἐστιχόωντο
836 1498 951 1577 βόεσσι
977 1521 988 1550 '·

244 1598 400 1680 τέσσαρες,
416 1599 503 1673 ἐννέα
518 1601 553 1664 δέ
568 1609 627 1683 σφι
644 1602 727 1668 κύνες
743 1597 837 1667 πόδας
851 1597 940 1684 ἀργοὶ
950 1602 1074 1670 -έποντο,
1198 1599 1200 1602 ’

245 1703 421 1784 σμερδαλέω
437 1706 470 1768 δέ
485 1704 593 1770 λέοντε
608 1703 659 1769 δύ’
676 1704 709 1769 ἐν
725 1706 863 1790 πριύτῃσι
878 1705 993 1785 βόεσσι
1065 1753 1068 1758 ·
1137 1753 1139 1758 .

244 1812 352 1888 ταῦρον
367 1801 537 1890 ἐρύγμηλον
552 1807 669 1891 ἐχέτην·
694 1811 711 1871 ὁ
726 1811 759 1876 δὲ
773 1811 872 1888 μακρὰ
885 1805 1027 1888 μεμυκὸς
1144 1825 1192 1885 580

245 1910 360 1974 ἕλκετο·
385 1912 438 1975 τὸν
453 1917 484 1976 δὲ
503 1912 588 1978 κύνες
601 1914 780 1992 μετεκίαθον
794 1909 839 1991 ἠδ’
851 1913 964 1990 -αίζηοί,
1076 1975 1080 1983 ,

244 2013 284 2077 τὸ
298 2016 355 2094 μὲν
369 2013 573 2096 ἀναρρήξαντε
588 2021 665 2095 βοὸς
678 2009 826 2098 μεγάλοιο
841 2019 954 2096 βοείην

244 2117 356 2199 ἔγκατα
371 2119 420 2182 καὶ
435 2117 534 2198 μέλαν
549 2121 623 2198 αἶμα
637 2120 845 2201 λαφύσσετον·
871 2122 899 2183 οί
915 2120 948 2183 δέ
963 2120 1071 2199 νομῆες

244 2222 339 2287 αὔτως
354 2222 494 2295 ἐνδίεσαν
510 2221 622 2306 ταχέας
637 2223 725 2290 κύνας
741 2219 922 2304 ὀτρύνοντες.

244 2328 273 2389 οἱ
288 2324 313 2389 δ’
330 2324 349 2405 ή
366 2351 413 2390 τοι
425 2324 547 2390 δακέειν
560 2329 616 2406 μὲν
631 2328 850 2409 ἀπετρωπῶντο
865 2329 1007 2398 λεόντων,
1141 2341 1190 2402 585

245 2427 402 2508 ἱστάμενοι
416 2433 449 2494 δέ
463 2429 535 2510 μάλ’
553 2428 642 2512 ἐγγὺς
656 2430 803 2494 ὑλάκτεον
818 2431 851 2495 ἐκ
867 2431 891 2493 τ’
909 2427 1045 2493 ἀλέοντο.

252 2559 256 2589 s
286 2531 342 2602 ’,Εν
357 2536 390 2597 δέ
406 2533 499 2612 νομὸν
514 2535 626 2610 ποίησε
641 2533 817 2613 περικλυτὸς
836 2531 1016 2616 ἀμφιγυήεις

244 2638 278 2700 ἐν
293 2639 370 2722 καλῇ
384 2634 493 2722 βήσσῃ
509 2635 605 2718 μέγαν
620 2637 691 2701 οίῶν
706 2635 890 2719 ἀργεννάων,
984 2705 986 2712 ῃ

244 2740 395 2820 σταθμούς
409 2766 442 2804 τε
459 2741 580 2806 κλισίας
595 2766 627 2803 τε
643 2739 829 2821 κατηρεφέας
844 2743 888 2809 ίδέ
904 2741 1022 2818 σηκούς.

285 2843 340 2907 Ἐν
356 2846 388 2908 δὲ
402 2845 497 2928 χορὸν
513 2845 654 2908 ποίκιλλε
669 2843 845 2925 περικλυτός
860 2842 1052 2928 ἀμφιγυήεις,
1142 2871 1196 2919 590.

243 2949 284 3030 τῷ
300 2950 404 3012 ίκελον
422 2949 488 3013 οἶόν
503 2948 568 3012 ποτ’
585 2947 630 3011 ἐνὶ
646 2949 761 3031 Κνωσῷ
776 2948 872 3034 εύρείῃ
911 2997 914 3002 2

245 3051 397 3117 Δαιδαλος
413 3051 550 3132 ἤσκησεν
566 3050 804 3137 καλλιπλοκάμῳ
819 3050 971 3137 Ἀριάδνῃ.

244 3152 317 3216 ἔνθα
330 3155 386 3234 μὲν
399 3152 498 3232 ήίθεοι
516 3156 564 3218 καὶ
581 3152 725 3236 παρθένοι
741 3155 943 3236 ἀλφεσίβοιαι

244 3255 395 3340 ὠρχεῦντ’,
412 3256 558 3337 ἀλλήλων
574 3259 624 3322 ἐπὶ
641 3260 741 3343 καρπῷ
757 3263 862 3342 χεῖρας
875 3260 1005 3342 ἔχοντες.

244 3369 303 3426 τῶν
317 3361 342 3427 δ’
359 3365 390 3426 οἱ
404 3365 460 3442 μὲν
474 3365 589 3429 λεπτὰς
605 3364 714 3430 ὀθόνας
729 3364 809 3446 ἔχον,
828 3365 857 3426 οἱ
873 3365 906 3427 δὲ
920 3369 1050 3446 χιτῶνας
1140 3387 1188 3438 595

244 3465 316 3531 είατ’
333 3465 499 3545 ἐϋννήτους,
516 3466 574 3546 ήκα
590 3467 775 3546 στίλβοντας
791 3468 893 3551 ἐλαίῳ·
1188 3467 1191 3474 '

244 3571 295 3634 καί
307 3567 335 3653 ῤ’
351 3572 382 3634 αἱ
396 3573 452 3649 μὲν
467 3570 562 3637 καλὰς
576 3568 730 3653 στεφάνας
745 3571 826 3653 ἔχον,
843 3572 873 3634 οί
888 3572 920 3633 δέ
935 3571 1087 3653 μαχαίρας

245 3673 330 3758 είχον
344 3675 488 3757 χρυσείας
504 3672 540 3754 ἐξ
553 3673 705 3758 ἀργυρέων
718 3675 908 3753 τελαμόινων.
995 3737 997 3742 ,
1114 3671 1117 3678 ’

245 3780 275 3841 οἶ
291 3777 316 3843 δ’
333 3779 383 3842 ότέ
398 3779 455 3858 μέν
469 3776 637 3858 θρέξασκον
652 3777 883 3858 ἐπισταμένοισι
898 3779 1029 3844 πόδεσσι
