2792 4232
278 343 339 405 282
597 357 645 420 14.
670 341 901 406 ΙΛΙΑΔΟΣΞ.

280 507 348 575 τοὺς
361 509 602 590 ὑποταρταρίους,
617 510 646 574 οῖ
660 514 787 588 Τιτῆνες
802 507 971 574 καλέονται.

280 611 372 692 αὐτὰρ
388 613 455 676 έπεί
467 609 501 693 ῥ’
517 610 629 692 ὄμοσέν
644 637 678 678 τε
689 612 872 692 τελεύτησέν
885 637 919 677 τε
934 612 987 676 τὸν
1002 614 1101 695 θρκον,
1173 630 1221 679 280

279 713 319 774 τδ
335 711 434 792 βήτην
448 713 569 794 Λήμνου
583 741 617 780 τε
633 717 682 781 καὶ
694 714 822 797 Ἴμβρου
837 715 914 778 άστυ
927 718 1062 794 λιπόντε,

278 811 353 894 ῆέρα
368 816 535 897 ἑσσαμένω,
549 819 647 902 ῥίμφα
662 816 836 900 πρήσσοντε
854 816 1005 882 κέλευθον.

276 915 359 996 Ἴδην
374 918 398 982 δ’
416 918 540 998 ἱκέσθην
554 922 754 996 πολυπίδακα,
770 917 883 1000 μητέρα
900 923 1007 1000 θηρῶν,

279 1024 401 1098 Λεκτόν,
418 1024 467 1087 ὅθι
482 1029 601 1105 πρῶτον
613 1023 742 1103 λιπέτην
756 1023 826 1087 ὀλα·
849 1023 891 1086 τῶ
907 1022 932 1087 δ’
949 1025 999 1087 ἐπὶ
1013 1021 1126 1106 χέρσου

278 1120 387 1202 βήτην,
403 1125 550 1206 ἀκροτάτη
565 1129 599 1192 δὲ
614 1130 715 1190 ποδῶν
728 1127 787 1189 θπο
803 1125 905 1190 σείετο
919 1126 987 1204 ὕλη.
1173 1140 1220 1203 285

279 1224 339 1288 ἔνθ’
351 1224 466 1294 Ὕπνος
479 1230 535 1308 μέν
550 1228 649 1307 ἔμεινε
664 1227 759 1310 πόρος
775 1228 849 1293 Διὸς
864 1229 943 1291 ὄσσε
958 1223 1086 1301 ἰδέσθω,

279 1330 322 1394 είς
336 1329 448 1408 έλάτην
464 1330 581 1412 ἀναβὰς
596 1329 801 1412 περιμήκετον,
818 1329 837 1408 ή
853 1327 915 1393 τότ’
929 1332 964 1395 έν
975 1330 1040 1418 Ἴδη

278 1431 446 1512 μακροτάτη
462 1437 595 1514 πεφυυῖα
608 1431 647 1497 δι’
662 1433 750 1515 ήέρος
765 1432 857 1514 αἰθέρ’
874 1434 984 1497 ίκανεν·

279 1532 341 1598 ἔνθ’
356 1535 423 1615 ἦστ’
439 1537 556 1613 ὄζοισιν
570 1536 801 1616 πεπυκασμένος
816 1537 1023 1613 εἰλατίνοισιν,

279 1639 375 1718 ὄρνιθι
389 1640 497 1724 λιγυρῇ
514 1639 695 1720 ἐναλίγκιος,
711 1639 750 1717 ἥν
764 1637 789 1701 τ’
807 1641 841 1702 έν
855 1641 964 1720 ὄρεσσι
1174 1666 1223 1718 290

278 1741 410 1823 χαλκίδα
425 1739 624 1820 κικλήσκουσι
640 1741 713 1816 θεοί,
730 1741 835 1822 θνδρες
850 1745 884 1806 δὲ
899 1741 1042 1820 κύμινδιν.

318 1842 400 1923 Ἥρη
416 1847 449 1908 δὲ
465 1849 613 1925 κραιπνῶς
627 1843 841 1926 προσεβήσετο
856 1843 1011 1927 Γάργαρον
1026 1845 1118 1926 όκρον

275 1946 358 2026 Ἴδης
371 1950 503 2029 ὑψηλῆς·
525 1950 572 2014 ἴδε
586 1949 619 2012 δὲ
634 1947 858 2030 νεφεληγερέτα
873 1948 956 2014 Ζεύς.

280 2051 319 2117 ὡς
334 2049 360 2114 δ’
375 2054 454 2127 ίδεν,Ι
468 2052 508 2117 ὥς
521 2075 574 2130 μιν
588 2051 663 2132 έρως
678 2050 803 2117 πυκινὰς
818 2049 932 2132 φρένας
946 2049 1177 2134 άμφεκάλυψεν,

280 2155 346 2218 οῐον
361 2155 411 2219 ὄτε
426 2155 544 2236 πρῶτόν
557 2177 614 2235 περ
630 2153 817 2236 ἐμισγέσθην
831 2154 984 2234 φιλότητι,
1175 2181 1222 2233 295

280 2259 324 2323 είς
338 2256 427 2336 εόνῆν
442 2262 598 2337 φοιτῶντε,
614 2258 725 2337 φίλους
737 2254 867 2336 λήθοντε
881 2260 1000 2336 τοκῆας.

281 2361 336 2435 στῆ
352 2358 376 2422 δ’
394 2359 483 2437 αὐτῆς
498 2357 701 2440 προπάροιθεν
717 2358 789 2424 έπας
803 2357 829 2420 τ’
845 2357 932 2439 ἔφατ’
950 2358 983 2422 έκ
997 2357 1023 2421 τ’
1040 2358 1196 2439 ὀνόμαζεν·

281 2458 396 2541 “Ἥρη,
413 2458 453 2545 τῇ
469 2464 599 2540 μεμαυῖα
614 2457 678 2524 κατ’
693 2460 858 2540 Οὐλύμπου
872 2458 937 2524 τόδ’
954 2458 1086 2540 ίκάνεις;

280 2565 368 2628 ίπποι
383 2560 409 2626 δ’
425 2564 460 2626 οὖ
478 2561 610 2644 παρέασι
625 2564 675 2629 καὶ
690 2562 815 2644 ἅρματα,
831 2569 891 2627 τῶν
907 2561 932 2628 κ’
949 2563 1124 2644 έπιβαίης.”

322 2665 385 2731 Τόν
400 2667 433 2730 δὲ
448 2664 697 2747 δολοφρονέουσα
711 2665 867 2747 προσηύδα
882 2665 989 2730 πότνια
1000 2664 1094 2748 Ἥρη·
1177 2695 1226 2745 3αα

283 2775 300 2804 “
309 2771 435 2852 ἔρχομαι
450 2767 587 2850 ὀψομένη
603 2769 805 2850 πολυφόρβου
820 2767 947 2849 πείρατα
961 2769 1059 2849 γαίης,

279 2873 429 2937 Ὠκεανόν
443 2897 486 2944 τε,
502 2875 579 2934 θεῶν
593 2869 725 2953 γένεσιν,
743 2872 792 2935 καὶ
806 2869 920 2950 μητέρα
933 2870 1043 2948 Τηθύν,

280 2979 311 3038 ot
323 3000 361 3053 με
377 2978 488 3055 σφοῖσι
503 2973 643 3051 δόμοισιν
658 2973 691 3048 έδ
706 2975 820 3058 τρέφον
835 2975 880 3055 ἠδ’
898 2975 1072 3040 ἀτίταλλον·

281 3075 349 3140 τοὺς
365 3074 420 3152 εἶμ’
437 3072 585 3155 ὀψομένη.
602 3072 653 3138 καί
668 3071 722 3152 σφ’
739 3071 845 3152 ἄκριτα
859 3072 960 3136 νείκεα
973 3073 1068 3135 λύσω·

281 3175 336 3255 ήδη
351 3178 409 3256 γὰρ
425 3175 514 3255 δηρὸν
528 3176 640 3258 χρόνον
655 3171 801 3251 ὀλλήλων
814 3170 979 3256 ἀπέχονται
1176 3205 1226 3256 305

282 3279 368 3358 εὐνῆς
384 3279 433 3341 καὶ
448 3278 623 3358 φιλότητος,
639 3277 705 3340 ἐπεὶ
719 3275 815 3359 χόλος
830 3275 945 3356 ἔμπεσε
963 3277 1055 3360 θυμῷ.

282 3385 369 3446 ῖπποι
385 3379 409 3445 δ’
427 3381 460 3444 έν
474 3380 661 3465 πρυμνωρείῃ
680 3380 884 3443 πολυπίδακας
895 3376 977 3456 Ἴδης

282 3482 398 3556 ἑστῶσ’,
414 3484 446 3547 αί
457 3482 487 3564 μ’
505 3483 646 3546 οἴσουσιν
660 3482 710 3546 έπὶ
724 3478 878 3563 τραφερήν
893 3505 926 3544 τε
941 3482 990 3546 καὶ
1005 3481 1107 3566 ὑγρήν.

282 3591 336 3654 νῦν
350 3587 383 3650 δὲ
401 3590 456 3651 σεῶ
470 3586 572 3650 είνεκα
585 3587 672 3664 δεῦρα
688 3582 750 3646 κατ’
766 3581 931 3660 Οὐλύμπου
945 3582 1008 3647 τόδ’
1025 3584 1126 3660 ἱκάνω,

282 3688 323 3769 μή
339 3690 401 3756 πός
415 3713 466 3768 μοι
480 3686 642 3767 μετέπειτα
656 3685 820 3768 χαλόσεαι,
837 3686 871 3749 αῐ
887 3711 920 3752 κε
934 3689 1034 3773 σιωπή
1176 3714 1226 3766 ³¹0
