2792 4232
496 387 544 448 16.
570 391 739 450 ΙΛΙΑΔΟΣ
763 392 803 452 Π.
1059 406 1119 470 321

176 563 276 637 ψαῦον
292 555 318 620 δ’
335 556 496 636 ἱππόκομοι
512 559 633 640 κόρυθες
647 545 815 640 λαμπροῖσι
830 557 961 640 φάλοισι

178 661 333 738 νευόντων,
355 661 395 728 ὣς
411 661 518 728 πυκναὶ
533 660 709 741 ἐφέστασαν
725 660 901 739 ἀλλήλοισι.

178 761 297 826 πάντων
311 765 344 826 δὲ
358 745 541 844 προπάρδιθε
557 764 599 828 δῦ
616 763 703 845 ἀνέρε
719 763 924 844 θωρήσσοντο,

179 863 354 944 Πάτροκλός
368 889 401 928 τε
416 865 465 928 καὶ
480 864 665 943 Αὐτομέδων,
681 865 735 930 ἕνα
750 865 843 943 θυμδν
859 866 993 948 ἔχοντες,

178 966 310 1045 πρόσθεν
326 968 523 1048 Μυρμιδόνων
538 966 744 1046 πολεμιζέμεν.
791 967 882 1048 αὐτάρ
897 965 1061 1048 Ἀχιλλεὺς
1075 994 1123 1031 ατο

178 1071 220 1145 βῆ
234 1069 260 1150 ῥ’
276 1071 343 1149 ίμεν
357 1072 389 1134 ές
404 1070 535 1148 κλισίην,
551 1076 650 1153 χηλοῦ
665 1070 690 1134 δ’
707 1070 767 1134 ἀπὸ
781 1067 860 1149 πῶμ’
877 1069 991 1154 ἀνέῳγε

179 1175 271 1248 καλῆς
286 1172 454 1251 δαιδαλέης,
471 1171 525 1250 τήν
540 1175 568 1235 οἱ
585 1172 677 1238 Θέτις
692 1174 877 1254 ἀργυρόπεζα

179 1271 243 1349 θῆκ’
259 1275 308 1336 ἐπὶ
325 1275 394 1364 νηὸς
410 1276 546 1356 ἄγεσθαι,
564 1275 597 1338 έύ
612 1275 760 1354 πλήσασα
774 1277 912 1357 χιτώνων

179 1377 333 1456 χλαινάων
347 1377 374 1439 τ’
390 1376 620 1457 ἀνεμοσκεπέων
635 1380 733 1442 οὔλων
748 1405 781 1443 τε
796 1379 946 1458 ταπήτων.

180 1481 251 1542 ἔνθα
266 1479 299 1544 δέ
317 1483 346 1543 οῖ
362 1480 454 1548 δέπας
470 1483 541 1547 έσκε
556 1482 745 1564 τετυγμένον,
762 1482 831 1545 οὐδέ
845 1507 891 1547 τις
906 1483 1002 1548 ἄλλος
1076 1505 1124 1558 ²²5

181 1582 239 1644 οὐτ’
255 1584 370 1664 ἀνδρῶν
384 1586 528 1650 πίνεσκεν
542 1583 592 1648 ἀπ’
610 1586 700 1649 αὐτοῦ
711 1588 823 1650 αίθοπα
838 1587 928 1660 οἶνον,

181 1685 247 1750 οὐτε
261 1712 318 1771 τεῳ
335 1686 503 1752 σπένδεσκε
518 1692 604 1760 θεῶν,
618 1687 669 1751 ὅτε
682 1688 723 1767 μή
740 1689 792 1751 Διὶ
807 1689 907 1768 πατρί.

180 1789 216 1851 τό
227 1791 265 1870 ῥα
281 1787 341 1851 τότ’
357 1793 390 1852 ἑκ
405 1795 515 1872 χηλοῖο
529 1791 638 1870 λαβὼν
654 1789 781 1871 ἐκάθηρε
797 1791 883 1874 θεείῳ

180 1898 305 1973 πρῶτον,
322 1892 425 1956 ἔπειτα
438 1891 463 1954 δ’
476 1893 557 1975 ἔνιψ’
570 1893 676 1958 ὕδατος
692 1895 807 1980 καλῇσι
819 1894 918 1978 ῥοῇσι,

181 1995 290 2074 νίψατο
306 1993 331 2058 δ’
348 1995 435 2061 αὐτὸς
449 2001 561 2078 χεῖρας,
578 1995 739 2076 ἀφύσσατο
755 1993 781 2058 δ’
797 1999 909 2058 αίθοπα
925 1995 1018 2059 οῖνου.
1075 2021 1124 2070 ²30

181 2095 277 2180 εὔχετ’
293 2099 397 2162 ἔπειτα
412 2101 486 2164 στδς
500 2097 584 2182 μέσῳ
600 2098 688 2177 ἕρκεϊ,
704 2102 795 2177 λεῖβε
811 2101 844 2161 δὲ
860 2097 943 2161 οῖνον

181 2201 304 2282 οὐρανὸν
319 2202 488 2266 είσανιδάν·
512 2202 573 2264 Δία
588 2198 614 2264 δ’
631 2201 665 2264 οὐ
679 2199 757 2264 λάθε
771 2185 1013 2281 τερπικέραυνον·

182 2313 201 2338 “
210 2309 268 2369 Ζεῦ
282 2305 350 2381 ἀνα,
367 2310 537 2377 Δωδωναῖε,
554 2303 741 2385 Πελασγικέ,
757 2305 871 2382 τηλόθι·
881 2306 981 2376 ναίων,

183 2409 329 2487 Δωδώνης
344 2408 458 2488 μεδέων
473 2406 679 2490 δυσχειμέρου·
702 2408 780 2488 ἀμφὶ
795 2409 828 2470 δὲ
840 2407 953 2470 Σελλοὶ

182 2512 229 2573 σοὶ
245 2509 363 2574 ναίουσ’
380 2513 533 2591 ὑποφῆται
550 2512 748 2576 ἀνιπτόποδες
760 2515 949 2593 χαμαιεῦναι.
1078 2535 1125 2585 235

180 2613 252 2691 ἠμὲν
271 2613 307 2693 δή
324 2615 391 2676 ποτ’
407 2616 479 2693 ἐμὸν
494 2615 566 2680 ἔπος
582 2614 686 2679 ἔκλυες
702 2612 884 2692 εὐξαμένοιο,

181 2716 307 2796 τίμησας
321 2718 377 2797 μὲν
393 2716 454 2795 έμέ,
469 2716 548 2799 μέγα
562 2714 589 2780 δ’
603 2718 680 2797 ίψαο
695 2715 771 2780 λαδν
786 2715 929 2798 Ἀχαιῶν,

180 2817 224 2896 ἠδ’
240 2820 284 2883 ἔτι
300 2819 349 2882 καὶ
366 2825 418 2883 νῦν
431 2845 484 2898 μοι
499 2816 560 2882 τόδ’
576 2818 756 2900 ἐπικρήηνον
771 2818 892 2899 ἐέλδωρ·

181 2921 265 2988 αὐτὸς
279 2924 335 3002 μὲν
350 2925 407 3004 γδρ
424 2924 482 3005 ἐγὼ
498 2921 593 3001 μενέω
609 2906 688 3000 νηῶν
704 2926 737 2986 έν
752 2924 856 3003 ἀγῶνι,

181 3026 248 3090 ἀλλ’
264 3027 370 3107 έταρον
386 3025 494 3105 πέμπω
510 3026 639 3089 πολέσιν
653 3029 729 3106 μετὰ
745 3025 974 3106 Μυρμιδόνεσσι
1078 3049 1126 3098 ²40

179 3129 359 3210 μάρνασθαι·
379 3131 420 3213 τῷ
437 3133 523 3194 κῦδος
539 3128 599 3207 άμα
615 3130 714 3210 πρόες,
734 3128 864 3209 εὐρύοπα
880 3132 946 3205 Ζεῦ,

180 3233 329 3314 θάρσυνον
347 3230 381 3295 δέ
397 3234 425 3295 οἱ
440 3231 512 3313 ήτορ
528 3232 572 3295 ένὶ
589 3232 709 3313 φρεσίν,
727 3233 806 3313 άφρα
822 3232 871 3294 καὶ
883 3229 1001 3312 Ἕκτωρ
1077 3311 1079 3318 Ι

181 3340 293 3400 εἴσεται
309 3333 329 3414 ή
342 3337 381 3418 ῥα
396 3333 445 3396 καὶ
460 3334 523 3400 οῖος
540 3334 699 3412 ἐπίστηται
715 3334 888 3422 πολεμίζειν
1021 3322 1024 3326 ’

181 3438 321 3520 ἡμέτερος
338 3436 483 3516 θεράπων,
501 3436 518 3515 ἦ
535 3438 563 3499 οῖ
578 3436 647 3500 τότε
660 3441 760 3520 χεῖρες
775 3436 884 3498 άαπτοι

180 3540 316 3622 μαίνονθ’
319 3587 328 3616 ,
346 3540 453 3603 ὁππότ’
470 3540 528 3621 έγοί
545 3565 601 3620 περ
616 3541 651 3603 ίω
666 3541 742 3618 μετὰ
756 3543 859 3616 μῶλον
870 3538 991 3618 Ἀρηος.

180 3645 270 3725 αὐτὰρ
288 3644 357 3708 ἐπεί
369 3642 395 3706 κ’
413 3642 471 3706 ἀπδ
488 3647 579 3723 ναῦφι
594 3642 696 3723 μάχην
711 3639 823 3718 ἐνοπήν
838 3665 871 3704 τε
887 3642 994 3719 δίηται,

180 3745 315 3828 ἀσκηθής
328 3772 380 3827 μοι
396 3745 499 3811 ἔπειτα
515 3744 587 3810 θοὰς
603 3746 653 3808 ἐπὶ
669 3748 742 3823 νῆας
756 3745 852 3808 ίκοιτο
928 3723 942 3742 ”

636 3851 664 3899 Μ
