2848 4296
573 917 791 991 ῙΛΙΑΔΟΣ
822 921 865 997 Φ.

632 1133 806 1142 ..—

522 1245 630 1344 Μάχη
648 1248 916 1347 παραποτάμιος.

244 1430 336 1495 Ἀλλ’
352 1434 403 1496 ὅτε
420 1433 456 1512 δή
471 1433 566 1514 πόρον
581 1432 648 1512 ίξον
663 1437 796 1516 ἐϋρρεῖος
811 1440 967 1514 ποταμοῖο,

246 1533 368 1602 Ξάνθου
383 1534 544 1613 δινήεντος,
561 1535 597 1601 δν
613 1533 762 1603 δθάνατος
777 1536 880 1602 τέκετο
896 1539 980 1613 Ζεύς,

246 1639 319 1703 ἔνθα
334 1637 498 1718 διατμήξας
513 1639 581 1706 τοὺς
595 1643 652 1719 μὲν
666 1641 805 1706 πεδίονδε
821 1643 909 1706 δίωκε

246 1745 320 1825 πρδς
335 1748 438 1820 πόλιν,
454 1742 472 1831 ᾗ
489 1770 546 1825 περ
563 1742 684 1827 Ἀχαιοὶ
699 1747 875 1826 ἀτυζόμενοι
891 1745 1047 1827 φοβέοντο

245 1849 390 1933 ἤματιτῷ
407 1846 548 1932 προτέρῳ,
566 1850 616 1911 ὅτε
632 1850 754 1928 μαίνετο
769 1850 913 1930 φαίδιμος
925 1849 1051 1930 Ἕκτωρ·
1178 1877 1193 1926 5

245 1956 281 2038 τῇ
296 1954 322 2036 ῤ’
340 1955 372 2017 οί
385 1979 422 2035 γε
436 1951 605 2034 προχέοντο
619 1954 797 2034 πεφυζότες,
813 1953 887 2035 ἠέρα
903 1952 933 2018 δ’
944 1953 1026 2034 Ἥρη

215 2057 217 2060 ’
247 2058 337 2122 πίτνα
351 2057 467 2139 πρόσθε
482 2061 613 2136 βαθεῖαν
629 2056 779 2136 ἐρυκέμεν·
803 2056 928 2138 ήμίσεες
943 2059 978 2122 δὲ

246 2163 278 2226 ἐς
293 2166 427 2239 ποταμὸν
443 2162 577 2224 εἰλεῦντο
593 2161 764 2242 βαθύρροον
780 2161 984 2244 ἀργυροδίνην,

246 2267 279 2327 ἐν
295 2264 319 2328 δ’
337 2265 450 2330 ἔπεσον
463 2264 586 2349 μεγάλιρ
603 2264 735 2349 πατάγῳ,
752 2264 852 2347 βράχε
867 2265 894 2328 δ’
911 2265 985 2328 αίπδ
999 2263 1116 2346 ῥέεθρα,

247 2372 336 2452 ὄχθαι
351 2367 378 2434 δ’
394 2369 473 2450 ἀμφὶ
488 2370 557 2450 περὶ
572 2366 682 2452 μεγάλ’
698 2371 796 2452 ἴαχον·
820 2371 849 2432 οἱ
865 2368 889 2432 δ’
907 2370 1049 2454 ὀλαλητφ
1163 2395 1195 2431 10

246 2475 349 2538 ἔννεον
364 2473 437 2537 ἔνθα
454 2474 502 2536 καὶ
518 2473 601 2544 ἔνθα,
620 2473 816 2551 ἑλισσόμενοι
832 2472 901 2553 περὶ
916 2473 1008 2538 δίνας.

246 2578 284 2643 ὡς
300 2577 324 2640 δ’
341 2576 385 2640 ὅθ’
401 2576 460 2640 ὑπδ
474 2579 564 2658 ῥιπῆς
580 2576 673 2656 πνρδς
691 2578 808 2658 ἀκρίδες
823 2575 997 2657 ἠερέθονται

245 2678 428 2763 φευγέμεναι
444 2683 622 2759 ποταμόνδε·
647 2680 682 2743 τδ
697 2683 731 2744 δέ
746 2678 858 2760 φλέγει
873 2678 1025 2757 δκάματον
1040 2685 1098 2760 πῦρ

246 2781 372 2861 ὄρμενον
388 2778 542 2862 ἐξαίφνης,
559 2781 608 2844 ταὶ
624 2781 657 2844 δὲ
673 2778 852 2844 πτώσσουσι
869 2777 933 2841 καθ’
952 2780 1039 2859 ὕδωρ·

246 2884 285 2949 ὣς
300 2883 348 2946 ὑπ’
364 2883 534 2967 Ἀχιλλῆος
550 2882 671 2949 Ξάνθου
686 2880 921 2963 βαθυδινήεντος
1163 2909 1173 2944 ι
1179 2911 1193 2960 5

245 2990 344 3065 πλῆτο
358 2987 428 3069 ῥόος
444 2984 584 3052 κελάδων
598 2987 705 3066 ἐπιμὶξ
717 2988 819 3051 ἵππων
834 3010 866 3051 τε
882 2984 931 3050 καὶ
945 2988 1069 3067 ἀνδρῶν.

289 3091 389 3171 Αὐτὰρ
404 3092 421 3152 ό
436 3091 573 3173 διογενής
588 3091 659 3171 δόρυ
673 3093 730 3169 μὲν
744 3091 835 3154 λίπεν
850 3091 940 3154 αὐτοῦ
955 3088 1003 3153 ἐπ’
1019 3091 1096 3176 ὄχθη

246 3192 422 3273 κεκλιμένον
436 3195 606 3280 μυρίκῃσιν,
622 3196 639 3257 ό
654 3193 679 3258 δ’
698 3194 807 3276 ἔσθορε
822 3194 942 3274 δαίμονι
956 3193 1033 3272 ίσος,

245 3295 407 3381 φάσγανον
423 3299 488 3363 οἶον
504 3300 591 3381 ἔχων,
608 3301 684 3360 κακδ
700 3300 733 3362 δέ
749 3299 843 3380 φρεσὶ
858 3297 969 3379 μήδετο
985 3297 1068 3380 ἔργα,

245 3403 336 3466 τύπτε
351 3402 376 3467 δ’
393 3401 629 3486 ἐπιστροφάδην·
654 3409 714 3468 τῶν
729 3405 762 3466 δέ
778 3404 888 3468 στόνος
904 3401 1005 3482 ὤρνυτ’
1024 3401 1127 3480 ἀεικής
1161 3427 1194 3466 20

245 3506 312 3587 άορι
329 3505 519 3587 θεινομένων,
536 3508 708 3588 ἐρυθαίνετο
723 3502 750 3570 δ’
766 3509 870 3586 αίματι
885 3508 973 3587 ὕδωρ.

246 3610 286 3677 ὡς
300 3610 325 3674 δ’
341 3612 399 3673 ὑπὸ
414 3614 558 3687 δελφῖνος
571 3608 757 3692 μεγακήτεος
773 3609 875 3692 ίχθόες
890 3610 982 3674 ἄλλοι

246 3714 410 3797 φεόγουτες
424 3717 579 3792 πιμπλᾶσι
593 3713 706 3797 μυχοὺς
720 3711 843 3794 λιμένος
859 3713 994 3794 εὐόρμου,
