2834 4234
297 325 359 414 692
581 349 630 398 ιι.
653 336 885 396 omnm
916 337 952 398 λ.

335 505 398 572 Ὣς
414 504 543 586 ἐφάμην,
552 507 577 570 ’ὁ
592 505 627 572 δέ
639 504 670 588 μ’
687 505 779 571 αὐτίκ’
796 506 997 586 ἀμειβόμενος
1012 502 1185 586 προσέειπε·

238 620 241 626 ”
298 615 313 642 “
324 611 364 693 τῷ
381 615 434 674 νῦν
447 606 562 689 μήποτε
579 611 628 676 καὶ
644 609 820 693 σδγυναικί
835 635 890 690 περ
904 609 993 688 ἤπιος
1010 609 1095 674 εἶναι·
1194 637 1246 686 441

296 713 364 791 μηδ’
379 714 410 775 οἱ
424 717 519 792 μῦθον
533 713 652 780 ἅπαντα
667 712 885 795 πιφαυσκέμεν,
901 714 937 778 όν
953 713 978 777 κ’
994 710 1027 776 ἐύ
1043 714 1133 798 εἰδῇς,

299 815 380 878 ἀλλὰ
397 822 430 894 τὸ
444 815 642 896 μένιφάσθαι,
657 818 691 881 τδ
706 819 739 881 δέ
755 815 803 880 καί
820 817 1018 897 κεκρυμμένον
1034 817 1118 881 εἶναι.

299 918 368 982 ἀλλ’
386 920 420 983 ού
435 921 488 983 σοί
501 918 538 1002 γ’,
549 919 688 996 Ὀδυσεῦ,
705 922 799 1001 φόνος
815 921 941 985 ἔσσεται
957 921 989 984 ἐκ
1004 946 1040 1002 γε
1054 921 1204 1003 γυναικός·

297 1024 367 1101 λίην
379 1023 435 1106 γὰρ
453 1023 559 1103 πινυτή
575 1050 608 1090 τε
624 1021 673 1088 καί
689 1025 721 1089 εὖ
737 1026 829 1106 φρεσὶ
843 1023 938 1105 μήδεα
954 1025 1018 1090 οἶδε
1193 1053 1248 1102 445

298 1128 385 1209 κούρη
402 1126 550 1209 Ἰκαρίοιο,
561 1129 715 1211 περίφρων
734 1129 934 1208 Πηνελόπεια

296 1230 315 1309 ἦ
329 1232 385 1311 μέν
399 1258 452 1309 μιν
467 1233 588 1313 νύμφην
603 1258 639 1314 γε
655 1232 725 1312 νέην
744 1233 960 1312 κατελείπομεν
974 1231 1060 1313 ῆμεῖς

297 1335 453 1417 ἐρχόμενοι
470 1336 650 1415 πόλεμόνδε·
673 1334 745 1401 πάϊς
760 1335 793 1400 δέ
808 1338 836 1398 οἱ
851 1335 888 1414 ἦν
905 1337 955 1400 ἐπὶ
970 1336 1055 1421 μαζηῖ

297 1437 412 1515 νήπιος,
429 1439 462 1504 ὅς
477 1464 535 1502 που
550 1443 603 1502 νῦν
617 1465 653 1521 γε
667 1439 729 1516 μετ’
747 1441 861 1519 ἀνδρῶν
877 1441 934 1517 ἵζει
949 1440 1073 1525 ἀριθμῷ,

297 1544 414 1621 ὄλβιος·
432 1541 450 1620 ῆ
466 1540 523 1624 γὰρ
538 1542 641 1624 τόνγε
656 1543 754 1626 πατὴρ
769 1545 860 1625 φίλος
876 1546 987 1625 ὄψεται
1003 1544 1110 1621 ἐλθόν,
1193 1570 1248 1621 450

297 1644 345 1708 καὶ
362 1650 458 1714 κείνας
474 1644 586 1726 πατέρα
602 1644 834 1727 προσπτύξεται,
850 1644 868 1724 ἦ
886 1646 971 1726 θέμις
986 1647 1055 1710 ἐστί
1072 1697 1079 1713 .

296 1748 314 1827 ἡ
334 1746 360 1811 δ’
375 1748 430 1828 ἐμῆ
447 1748 515 1812 οὐδέ
530 1775 587 1830 περ
601 1751 665 1817 υίος
680 1753 902 1828 ἐνιπλησθῆναι
918 1751 1031 1817 ἀκοιτις

296 1853 505 1933 ὀφθαλμοῖσιν
520 1853 602 1920 ἔασε·
626 1854 721 1934 πάρος
736 1853 769 1916 δέ
783 1879 820 1932 με
837 1853 934 1933 πέφνε
951 1856 999 1917 καὶ
1015 1855 1113 1918 αὐτόν.

297 1953 391 2042 [ἄλλο
407 1955 440 2021 δέ
455 1983 501 2020 τοι
517 1959 600 2037 ἐρέω,
618 1957 656 2020 σὺ
671 1955 696 2019 δ’
711 1958 755 2023 ἐυὶ
770 1961 864 2038 φρεσὶ
879 1959 1000 2038 βάλλεο
1015 1958 1099 2044 σῇσι·

298 2061 439 2141 κρύβδην,
455 2061 523 2143 μηδ’
539 2059 705 2142 ἀναφανδά,
721 2061 817 2142 φίλην
833 2063 864 2128 ἐς
878 2064 1005 2143 πατρίδα
1021 2066 1111 2144 γαῖαν
1194 2089 1246 2140 455

296 2169 354 2243 νῆα
370 2165 593 2247 κατισχέμεναι·
615 2161 682 2228 ἐπεὶ
698 2164 796 2228 οὐκέτι
812 2164 907 2228 πιστὰ
921 2161 1080 2252 γυναιξίν]

297 2268 367 2331 ἀλλ’
383 2267 440 2350 ἀγε
454 2294 504 2348 μοι
520 2269 589 2331 τόδε
607 2270 673 2332 εἰπὲ
689 2265 737 2331 καὶ
753 2268 898 2348 ἀτρεκέως
913 2267 1091 2347 κατάλεξον,

297 2377 326 2437 εἴ
340 2399 397 2436 που
413 2373 457 2437 ἐτι
474 2374 600 2451 ζόσντος
616 2373 739 2438 ἀκούετε
755 2372 861 2439 παιδὸς
876 2375 968 2450 ἐμοῖο,

296 2475 316 2553 ἤ
331 2501 389 2539 που
405 2477 438 2539 ἐν
453 2475 638 2562 Ὀρχομενῷ,
654 2475 672 2556 ἢ
690 2478 723 2541 ἐν
740 2477 833 2561 Πύλιρ
849 2476 1021 2555 ἠμαθόεντι,

296 2578 315 2656 ἤ
331 2604 389 2642 που
403 2580 464 2661 πὰρ
480 2581 630 2667 Μενελάῳ
646 2582 690 2645 ἐνὶ
705 2580 828 2667 Σπάρτῃ
844 2580 950 2665 εὐρείῃ·
1191 2594 1244 2658 46ο

298 2684 332 2746 οὐ
347 2683 405 2765 γάρ
420 2711 466 2748 πω
485 2685 628 2763 τέθνηκεν
642 2686 692 2749 ἐπὶ
709 2686 797 2768 χθονὶ
812 2689 874 2749 δῖος
889 2679 1064 2764 Ὀρέστης.”

334 2787 397 2854 Ὣς
413 2787 510 2870 ἔφατ’,
526 2789 620 2870 αὐτὰρ
636 2789 694 2871 ἐγώ
712 2814 764 2867 μιν
780 2787 981 2868 ἀμειβόμενος
996 2785 1187 2867 προσέειπον·

297 2898 317 2926 “
330 2890 475 2972 Ἀτρείδη,
491 2894 523 2956 τί
534 2919 571 2971 με
586 2898 679 2956 ταῦτα
694 2892 839 2972 διείρεαι,·
864 2889 932 2956 ούδέ
946 2916 974 2953 τι
989 2891 1067 2968 οἶδα,

299 2997 364 3073 ζόει
380 2996 398 3058 ὅ
412 2996 439 3079 γ’
457 2996 476 3076 ἥ
491 2998 624 3073 τέθνηκε·
648 2998 738 3059 κακὸν
754 2993 779 3059 δ’
794 2995 892 3074 ἀνεμ’
1074 2992 1100 3064 .’

341 3103 409 3163 Νῶϊ
422 3104 478 3180 μὲν
494 3099 533 3164 ὣς
548 3096 691 3162 ἐπέεσσιν
706 2993 1255 3256 ἀμειβομένω

297 3203 427 3283 ἕσταμεν
443 3201 613 3284 ἀχνύμενοι,
628 3202 758 3285 θαλερὸν
773 3207 848 3268 κατὰ
863 3205 955 3286 δάκρυ
970 3205 1099 3289 χέοντες·

297 3306 373 3385 ἦλθε
388 3306 414 3370 δ’
430 3302 478 3369 ἐπὶ
493 3304 580 3388 ψυχὴ
598 3308 779 3386 Πηληϊάδεω
794 3306 939 3392 Ἀχιλῆος

298 3409 346 3473 καὶ
363 3411 559 3489 Πατροκλῆος
575 3406 622 3472 καί
639 3411 786 3490 ἀμύμονος
801 3412 992 3496 Ἀντιλόχοιο

298 3513 425 3578 Αἴαντός
442 3509 478 3589 θ’,
491 3511 524 3578 δς
539 3511 661 3595 ἀριστος
677 3513 730 3592 ἔην
746 3515 825 3581 εἶδός
841 3540 873 3579 τε
889 3515 979 3596 δέμας
994 3541 1026 3580 τε

298 3622 357 3679 τῶν
371 3615 476 3680 ἄλλων
492 3622 622 3682 Δαναῶν
634 3615 698 3696 μετ’
715 3619 850 3698 ἀμύμονα
867 3619 1036 3695 Πηλείωνα.

298 3719 375 3798 ἔγνω
391 3718 423 3782 δέ
437 3717 524 3800 ψυχή
539 3745 577 3796 με
592 3721 743 3786 ποδόκεος
758 3720 912 3797 Αίακίδοο,
