2874 4234
541 378 572 437 4.
596 361 830 422 ΟΔΎΣΣΕΙΑΣ
858 363 894 423 Δ.

231 528 313 594 ἀλλὰ
327 500 399 612 μάλ’
414 529 555 611 ἀφελλες
572 531 626 594 Διί
638 527 664 591 τ’
679 530 823 594 ἄλλοισίν
839 553 871 592 τε
886 532 985 591 θεοῖσι

230 632 320 716 ῥέξας
337 631 401 714 ἱερά
418 631 485 698 κάλ’
501 631 709 715 ἀναβαινέμεν,
725 635 807 714 ὄφρα
821 631 951 716 τάχιστα

232 738 290 817 σὴν
305 739 336 804 ἔς
353 735 469 820 πατρίδ’
484 739 562 802 ίκοιο
578 737 680 802 πλέων
695 738 746 800 ἐπὶ
762 737 869 801 οἴνοπα
884 737 1004 800 πόντον.

230 841 265 904 ού
279 840 337 926 γάρ
353 866 399 904 τοι
414 838 485 923 πρὶν
498 847 589 923 μοῖρα
604 843 714 920 φίλους
729 838 754 902 τ’
770 840 861 907 ἰδέειν
877 841 925 906 καὶ
942 837 1060 902 ίκέσθαι
1164 899 1170 914 ,

230 945 313 1008 οἶκον
329 946 500 1023 ἐϋκτίμενον
516 943 565 1009 καί
580 946 639 1025 σὴν
653 947 690 1012 ἔς
700 946 829 1025 πατρίδα
844 949 943 1026 γαῖαν,

230 1051 301 1127 πρίν
319 1046 346 1128 γ’
361 1046 404 1111 ὅτ’
419 1047 458 1114 ἀν
474 1050 650 1131 Αἰγύπτοιο,
666 1047 814 1115 διιπετέος
829 1051 985 1126 ποταμοῖο,

230 1152 311 1219 αιἰτις
327 1153 406 1235 ύδωρ
424 1153 515 1238 ἔλθῃς
529 1152 619 1240 ῥέξῃς
635 1149 662 1217 θ’
679 1155 760 1233 ἰερδς
776 1152 948 1231 ἑκατόμβας

230 1254 408 1320 ἀθανάτοισι
425 1260 533 1335 θεοῖσι,
548 1255 595 1320 τοὶ
610 1256 737 1338 οὐρανὸν
754 1255 840 1337 εάρὺυ
856 1255 971 1337 ἔχουσι·

231 1358 278 1423 καί
294 1361 362 1424 τότε
377 1385 423 1423 τοι
439 1361 595 1424 δώσουσιν
607 1361 679 1426 ὁδὸν
693 1361 764 1438 θεοί,
778 1357 817 1438 ἣν
832 1359 871 1422 σὺ
886 1355 1037 1442 μενοινᾷς.

229 1465 269 1530 ὣς
283 1461 381 1544 ἔφατ’,
397 1464 490 1545 αὐτὰρ
506 1465 573 1540 ἔμοί
586 1489 622 1547 γε
638 1463 829 1542 κατεκλάσθη
847 1465 942 1544 φίλον
958 1461 1037 1542 ἦτορ,

229 1567 335 1633 ούνεκά
349 1566 379 1647 μ’
394 1569 478 1636 αὖτις
493 1568 610 1652 ἄνωγεν
625 1566 671 1632 ἔπ’
687 1567 838 1651 ἠεροειδέα
854 1569 978 1631 πόντον.

230 1670 409 1754 Αἴγυπτόνδ’
424 1673 511 1746 ἰέναι,
528 1674 656 1756 δολιχὴν
671 1672 741 1737 ὁδὸν
757 1669 908 1756 ἀργαλέην
924 1697 966 1736 τε.

230 1775 312 1839 ἀλλὰ
330 1774 378 1840 καὶ
393 1778 434 1842 ὥς
447 1802 500 1855 μιν
515 1777 644 1842 ἔπεσσιν
659 1777 860 1858 ἀμειβόμενος
874 1776 1067 1855 προσέειπον·

231 1883 325 1943 ταῦτα
339 1883 396 1960 μὲν
410 1882 487 1944 ούτω
502 1881 540 1959 δὴ
553 1879 658 1956 τελέω,
673 1879 771 1961 γέρον,
787 1879 826 1945 ὦς
842 1878 881 1942 σὺ
897 1878 1038 1944 κελεύεις.

227 1980 299 2046 ἀλλ’
313 1983 369 2066 άγε
383 2009 435 2064 μοι
448 1985 518 2048 τάδε
534 1986 602 2048 εἰπὲ
617 1983 666 2046 καὶ
681 1981 826 2064 ἀτρεκέως
842 1981 1015 2060 κατάλεξον,

229 2083 248 2164 ἢ
262 2086 372 2154 πάντες
388 2087 444 2152 σὺν
461 2089 567 2165 νηυσὶν
583 2085 739 2167 ἀπήμονες.
749 2085 845 2165 ἦλθον
858 2084 986 2168 Ἀχαιοί,

230 2189 281 2256 αθς
295 2192 424 2270 Νέστωρ
441 2193 489 2254 καὶ
505 2193 563 2271 ἔγδ
579 2192 709 2271 λίπομεν
724 2193 872 2274 Τροίηθεν
886 2190 993 2267 ἰόντες,

230 2293 264 2372 ἠέ
280 2321 324 2361 τις
340 2293 426 2359 ὤλετ’
441 2294 558 2381 ὀλέθρῳ
573 2294 691 2360 ἀδευκέι·
705 2295 742 2376 ἧς
757 2292 806 2359 ἔτί
822 2295 902 2372 νηός,

229 2397 264 2475 ἠὲ
279 2400 380 2478 φίλων
397 2402 429 2463 ἔν
443 2400 560 2481 χερσίν,
577 2400 643 2464 ἔπεὶ
658 2399 793 2479 πόλεμον
807 2398 1003 2462 τολύπευσεν.

230 2502 270 2568 ὣς
284 2502 415 2583 ἐφάμην,
431 2505 448 2566 ό
463 2503 496 2568 δέ
509 2501 539 2583 μ’
554 2501 647 2566 αὐτίκ’
663 2504 864 2583 ἀμειβόμενος
879 2501 1072 2584 προσέειπεν·
1181 2539 1182 2544 1

229 2602 377 2688 Ἀτρείδη,
393 2609 425 2671 τί
437 2633 475 2687 με
490 2613 581 2670 ταῦτα
597 2607 720 2688 διείρεαι
733 2631 746 2682 ,·
768 2606 839 2671 οὐδέ
853 2609 885 2670 τί
901 2632 938 2670 σε
953 2606 1013 2689 χρὴ

229 2711 355 2787 ἴδμεναι,
372 2710 441 2774 ούδέ
456 2713 563 2788 δαῆναι
578 2712 650 2792 ἔμδν
665 2713 744 2776 νόον·
767 2709 842 2774 ούδέ
852 2709 889 2774 σέ
904 2717 983 2791 φημι

231 2812 287 2892 δὴν
297 2813 447 2878 ἄκλαυτον
462 2816 599 2894 ἔσεσθαι,
616 2815 684 2880 ἕπε-ί
698 2813 723 2879 κ’
739 2815 772 2879 εύ
786 2815 884 2879 πάντα
895 2814 1018 2891 πύθηαι.

230 2919 340 2980 πολλοὶ
355 2919 411 2997 μὲν
425 2918 485 3000 γὰρ
498 2924 558 2982 τῶν
572 2945 609 3001 γε
623 2917 724 2999 δάμεν,
739 2915 851 2983 πολλοὶ
866 2920 899 2981 δέ
917 2918 1053 2981 λίποντο·

230 3019 317 3104 ἀρχοὶ
333 3018 359 3084 δ’
374 3022 411 3085 αὖ
426 3022 478 3086 δύο
492 3029 598 3103 μοῦνοι
612 3021 745 3106 Ἀχαιῶν
760 3022 995 3105 χαλκοχιτώνων

230 3127 262 3188 ἔν
278 3125 377 3209 νόστῳ
394 3127 554 3190 ἀπόλοντο·
578 3125 709 3213 μάχῃδέ
726 3151 758 3190 τε
774 3127 823 3189 καὶ
839 3124 878 3188 σὺ
894 3127 1045 3204 παρῆσθα.

231 3229 275 3294 εἰς
291 3225 316 3292 δ’
331 3228 375 3293 ἔτι
391 3255 449 3294 που
465 3231 538 3308 ζωὸς
555 3231 745 3312 κατερύκεται
761 3228 840 3310 εύρέῖ
856 3229 965 3312 πόντῳ.

230 3334 305 3396 Αἴας
318 3334 373 3411 μὲν
388 3332 463 3413 μετὰ
482 3333 570 3413 νηυσὶ
585 3331 662 3414 δάμη
678 3331 936 3416 δολιχηρέτμοισι·

230 3436 361 3519 Γυρῇσίν
375 3462 427 3516 μιν
442 3442 546 3519 πρῶτα
558 3437 739 3502 Ποσειδάων
754 3437 912 3501 ἐπέλασσε

229 3541 375 3625 πέτρῃσιν
388 3541 549 3627 μεγάλῃσι,
566 3539 614 3604 καί
630 3539 784 3619 ἐξεσάωσε
801 3539 970 3620 θαλάσσης·

179 3689 180 3696 .
228 3643 280 3705 καί
293 3642 329 3707 νύ
344 3667 395 3706 κεν
411 3643 525 3726 ἔκφυγε
541 3647 623 3727 κῆρα,
640 3643 689 3710 καὶ
707 3645 869 3729 ἐχθόμενός
884 3671 940 3725 περ
954 3642 1076 3731 Ἀθήιζη,

229 3747 254 3810 εἰ
266 3745 307 3826 μὴ
323 3747 513 3828 ὑπερφίαλον
528 3749 601 3816 ἔπος
616 3748 732 3829 ἔκβαλε
748 3745 795 3812 καί
810 3746 877 3830 μέγ’
892 3747 1000 3830 άάσθη·
