2908 4232
262 395 330 461 472,
579 395 629 463 οη.
653 382 823 442 ΙΛΙΑΔΟΣ
847 382 884 441 Ψ.

262 549 301 613 ὣς
316 547 374 630 ἄρα
389 548 450 625 σοί,
467 547 618 622 Μενέλαε,
632 552 710 628 ’μετὰ
725 550 818 630 φρεσὶ
835 548 926 629 θυμὸς
937 548 1034 629 ίόνθη.
1159 560 1210 612 6οο

262 655 313 720 καί
323 678 376 732 μιν
391 650 536 735 φωνήσας
552 653 627 717 ἔπεα
641 654 805 734 πτερόεντα
820 651 984 733 προσηύδα·

261 766 281 796 “
290 756 460 838 Ἀντίλοχε,
478 754 601 836 νῢνιμέν
615 781 662 819 τοι
677 756 755 837 ἐγὼν
769 753 947 834 ὑποείξομαι
963 755 1051 822 αὐτὸς

259 861 422 944 χωόμενος,
440 857 507 923 ἐπεὶ
522 859 556 924 ού
571 884 601 922 τι
615 857 766 940 παρήορος
781 858 841 923 οὐδ’
858 860 1015 940 ἀεσίφρων

260 961 341 1043 ήσθο
355 962 458 1045 πόρος·
484 968 537 1029 νύν
552 963 621 1027 αὖτε
638 964 710 1028 νόον
726 963 831 1041 νίκησε
846 963 938 1041 νεοίη.

260 1066 397 1148 δεύτερον
411 1063 475 1128 αὖτ’
491 1065 641 1130 ἀλέασθαι
657 1065 817 1144 ἀμείνονας
832 1064 1038 1146 ἠπεροπεύειν.
1157 1076 1207 1140 605
1243 1127 1246 1141 ,

260 1170 295 1232 ού
308 1168 367 1251 γᾶρ
382 1168 433 1234 κέν
446 1195 483 1249 με
499 1167 568 1252 πόχ’
584 1168 682 1235 ἄλλος
697 1169 773 1251 ἀνὴρ
788 1168 975 1250 παρέπεισεν
988 1167 1132 1250 Ἀχαιῶν

260 1274 342 1336 ἀλλὰ
361 1272 400 1334 σὺ
413 1275 471 1355 γὰρ
487 1273 522 1352 δὴ
538 1269 630 1336 πόλλ’
648 1272 758 1338 ἔπαθες
773 1270 822 1335 καὶ
838 1271 930 1336 πόλλ’
947 1272 1107 1352 ἐμόγησας,
1218 1335 1221 1350 ,

260 1377 315 1442 σός
330 1401 364 1439 τε
379 1375 477 1456 πατὴρ
492 1377 605 1457 ἀγαθὸς
620 1376 670 1440 καὶ
686 1375 835 1455 ἀδελφεὸς
852 1371 940 1439 εἵνεκ’
956 1376 1047 1456 ἐμεῖο·

259 1482 300 1562 τφ
316 1504 362 1542 τοι
377 1478 553 1564 λισσομένῳ
571 1479 777 1559 ἐπιπείσομαι,
793 1479 846 1558 ἠδὲ
862 1480 912 1542 καὶ
926 1480 1021 1544 ἵππον

259 1585 347 1646 δώσω
363 1581 438 1662 ἐμήν
452 1608 508 1664 περ
524 1585 644 1656 ἐοῦσαν,
659 1585 712 1647 ἵνα
726 1583 849 1666 γνώωσι
865 1581 914 1646 καὶ
929 1584 991 1646 οίδε
1158 1593 1207 1642 610

259 1685 299 1750 ώς
315 1686 385 1766 ἐμὸς
400 1686 434 1749 ού
450 1712 524 1751 ποτε
538 1686 629 1766 θομδς
643 1686 833 1768 ’ὑπερφίαλος
848 1685 898 1750 καὶ
913 1680 1056 1764 ἄπηνής.”

298 1787 343 1851 Ἦ
357 1791 404 1872 ῥα,
421 1791 469 1854 καὶ
485 1788 678 1872 Ἀντιλόχοιο
693 1788 832 1871 Νοήμονι
847 1795 941 1853 δῶκεν
956 1790 1063 1872 ἑταίρην

259 1895 352 1957 ίππον
366 1894 462 1976 ἄγειν·
487 1893 543 1958 ὁδ’
561 1895 667 1958 ἔπειτα
679 1893 789 1974 λέβηθ’
806 1894 858 1958 ἔλε
877 1893 1111 1974 παμφανόωντα.

259 1998 414 2078 Μηριόνης
430 1997 454 2062 δ’
470 1996 589 2079 ἀνάειρε
606 1998 664 2062 δύω
678 2001 806 2080 χρυσοῖο
821 1994 957 2062 τθλαντα

259 2100 407 2182 τέτρατος,
425 2101 464 2168 ὡς
480 2102 602 2166 ἔλασεν.
625 2101 762 2181 πέμπτον
776 2099 803 2165 δ’
814 2096 985 2166 ὑπελείπετ’
1002 2099 1123 2174 ἄεθλον,
1156 2109 1205 2171 615

258 2205 425 2286 ἀμφίθετος
440 2205 547 2287 φιόλη·
571 2206 626 2285 τήν
641 2203 775 2286 Νέστορι
791 2209 885 2268 δῶκεν
900 2200 1063 2286 Ἀχιλλεὺς

257 2307 405 2390 Ἀργείων
420 2307 466 2373 ἄν’
483 2311 585 2391 ἀγῶνα
601 2308 711 2390 φέρων,
728 2309 778 2372 καὶ
793 2308 878 2372 ἔειπε
891 2305 1054 2388 παραστάς·

260 2414 324 2489 “τῆ
340 2417 401 2488 νῦν,
418 2414 467 2475 καὶ
484 2413 535 2476 σοὶ
550 2417 647 2485 τοῦτο,
664 2410 763 2495 γέρον,
779 2409 937 2490 κειμήλιον
952 2411 1040 2489 ἔστω,

259 2518 451 2597 Πατρόκλοιο
466 2514 565 2597 τόφοο
579 2514 669 2597 μνῆμ’
686 2516 819 2597 ἔμμεναι·
839 2515 874 2579 ού
889 2517 948 2599 γᾶρ
963 2513 1006 2578 ἔτ’
1022 2513 1112 2582 αύτδν

259 2620 324 2704 όφῃ
340 2621 373 2685 ἐν
386 2618 567 2702 Ἀργείοισι·
591 2620 697 2701 δίδωμι
713 2621 746 2684 δέ
761 2646 809 2684 τοι
823 2618 884 2683 τόδ’
900 2619 1013 2684 ἄεθλον
1157 2628 1207 2679 620

258 2721 362 2789 οὕτως·
386 2723 421 2786 ού
435 2727 493 2807 γὰρ
509 2723 570 2803 πύξ
583 2751 619 2805 γε
633 2723 797 2808 μαχήσεαι,
814 2723 882 2787 ούδέ
897 2725 1067 2800 παλαίσεις,

258 2826 328 2891 οὐδέ
341 2824 369 2890 τ’
385 2828 563 2892 ἀκοντιστὺν
579 2829 731 2904 ἐσδύσεαι,
748 2829 817 2892 οὐδὲ
831 2828 962 2890 πόδεσσι

258 2931 389 2995 θεύσεαι·
412 2930 468 3011 ήδη
484 2934 542 3014 γὰρ
557 2933 696 3014 χαλεπὸν
711 2930 787 2996 κατὰ
801 2934 895 3013 γῆρας
911 2927 1053 3012 ἐπείγ,ει.”

294 3033 358 3101 Ὠς
373 3035 466 3101 εἰπὼν
482 3039 515 3100 ἐν
529 3036 620 3117 χερσὶ
635 3036 721 3098 τίθει·
746 3036 762 3097 ό
778 3033 804 3098 δ’
819 3032 943 3112 ἐδέξατο
958 3034 1082 3116 χαίρων,

259 3137 309 3200 καί
322 3162 374 3216 μιν
389 3135 535 3218 φωνήσας
552 3137 626 3202 ἔπεα
642 3138 805 3219 πτερόεντα
820 3136 985 3219 προσηύδα·
1156 3147 1205 3210 625

259 3249 276 3277 “
286 3241 335 3305 ναὶ
351 3241 387 3320 δή
402 3241 496 3305 ταΰτό
509 3267 545 3324 γε
561 3240 667 3317 πάντα,
683 3241 778 3316 τέκος,
794 3243 869 3304 κατδ
883 3245 992 3322 μοῖραν
1006 3238 1114 3312 ἔειπες·
1151 3295 1153 3300 .

258 3344 292 3407 ού
306 3347 365 3426 γδρ
380 3342 422 3408 ἔτ’
438 3345 553 3425 ἔμπεδα
569 3350 648 3428 γυῖα,
665 3345 767 3426 φίλος,
782 3345 884 3420 πόδες,
899 3344 970 3408 ούδέ
984 3368 1013 3406 τι
1027 3347 1127 3426 χεῖρες

258 3449 346 3527 ὤμων
361 3447 575 3530 ἄμφοτίρωθεν
592 3447 792 3514 ἐπαΐσσονται
807 3448 949 3529 ἐλαφραί·

258 3552 312 3617 εἴθ’
328 3553 368 3617 ὣς
383 3551 515 3633 ἡβώοιμι
529 3555 585 3634 βίη
602 3551 635 3616 τέ
650 3579 702 3633 μοι
717 3553 845 3633 ἔμπεδος
859 3553 905 3632 εἵη

258 3655 297 3722 ὡς
312 3655 404 3720 ὁπότε
420 3652 546 3734 κρείοντ’
562 3654 750 3738 Ἀμαρυγκέα
765 3654 880 3719 θάπτον
893 3651 1012 3718 Ἐπειοὶ
1156 3659 1219 3730 6ηοῖ

259 3760 448 3846 Βούπρασίιρ,
464 3763 569 3826 παῖδες
584 3757 610 3823 δ’
626 3759 737 3826 ἔθεσαν
751 3760 905 3839 βασιλῆος
920 3759 1027 3825 ἄεθλα·
