2788 4230
480 324 529 372 21.
553 310 785 370 οΔυνΣιςιΑΣ
811 311 848 370 ψ.
1083 307 1142 386 851

198 480 316 557 πρῶτον
330 477 386 557 μὲν
402 477 549 544 πελέκεας
566 479 689 555 στῆσεν,
704 476 753 540 διά
769 475 885 558 τάφρον
901 475 1009 559 ὀρύξας
1069 563 1070 568 ¹
1098 505 1146 540 120

197 583 273 644 πᾶσι
288 581 359 658 μίαν
373 578 497 662 μακρήν,
514 581 563 644 καὶ
579 579 629 644 ἐπὶ
646 579 781 658 στάθμην
797 583 905 657 ίθυνεν,

197 683 276 763 ἀμφὶ
290 686 323 746 δὲ
339 688 429 766 γαῖαν
446 682 542 764 ἔναξε·
565 682 662 765 τάφος
677 681 702 748 δ’
718 684 771 748 ἔλε
787 682 901 749 πάντας
917 684 1043 762 ἰδόντας,

160 851 163 860 ,
196 785 236 852 ὣς
252 786 404 867 εὐκόσμως
421 791 526 866 στῆσε·
549 786 643 870 πόρος
659 787 683 851 δ’
700 787 735 850 οὔ
751 787 797 850 πό
813 786 879 850 ποτ’
896 787 1022 852 ὀπώπει.

195 893 252 969 στῆ
270 887 295 953 δ’
311 887 357 971 ἀρ’
372 887 419 956 ἐπ’
435 891 522 955 οάδδν
540 892 592 955 ίιδν
607 889 656 956 καὶ
670 889 759 970 τόξου
774 890 932 973 πειρήτιζε.

194 993 257 1076 τρὶς
271 993 327 1073 μέν
340 1019 392 1073 μιν
408 992 570 1074 πελέμιξεν
586 995 773 1076 ἐρύσσασθαι
787 994 962 1073 μενεαίνων,
1099 1023 1144 1072 125

195 1095 257 1179 τρίς
273 1099 307 1161 δέ
319 1101 432 1177 μεθῆκε
446 1100 527 1179 βίης,
547 1099 766 1177 ἐπιελπόμενος
782 1099 817 1160 τό
831 1125 867 1180 γε
883 1099 974 1183 θυμῷ,

195 1201 301 1283 νευρὴν
317 1203 469 1268 ἐντανύειν
485 1203 684 1268 διοϊστεύσειν
699 1227 732 1266 τε
747 1200 882 1284 σιδήρου.

194 1306 247 1368 καί
259 1306 294 1368 νύ
309 1332 342 1370 κε
357 1304 394 1386 δή
408 1304 440 1389 ῥ’
456 1304 603 1370 ἐτάνυσσε
616 1307 673 1392 βίῃ
689 1311 723 1368 τδ
740 1305 881 1386 τέταρτον
896 1303 1041 1384 ἀνέλκων,

194 1405 264 1472 ἀλλ’
278 1406 422 1476 Ὀδυσεὺς
438 1409 557 1474 ἀνένευε
574 1410 622 1472 καὶ
638 1410 766 1492 ἔσχεθεν
783 1407 901 1491 ἱέμενόν
917 1435 983 1492 περ.

192 1516 256 1578 τοῖς
271 1509 296 1576 δ’
310 1513 392 1579 αὖτις
405 1510 539 1594 μετέειφ’
557 1512 620 1594 ἱερὴ
633 1512 663 1579 ἲς
677 1511 880 1594 Τηλεμάχοιο·
1093 1541 1144 1590 ¹30

193 1613 243 1678 “δ
259 1617 363 1694 πόποι,
381 1616 400 1696 ῆ
419 1617 467 1680 καὶ
483 1617 588 1682 ἔπειτα
604 1618 694 1684 κακός
710 1613 736 1679 τ’
753 1617 861 1696 ἔσομαι
879 1613 928 1681 καί
943 1616 1056 1694 ἀκικυς,

192 1717 228 1798 ἠὲ
242 1720 385 1802 νεότερός
401 1722 459 1800 είμι
476 1721 525 1786 καὶ
541 1721 574 1786 ού
589 1747 636 1784 πω
651 1718 739 1804 χερσὶ
755 1721 885 1786 πέποιθα

192 1821 274 1904 ἄνδρ’
290 1823 512 1902 ἀπαμύνασθαι,
530 1825 581 1887 ὅτε
596 1849 640 1889 τις
655 1825 798 1904 πρότερος
812 1822 980 1910 χαλεπήνῃ.

193 1923 263 1988 ἀλλ’
278 1925 373 2008 ἄγεθ’,
388 1928 419 1990 οἵ
433 1951 487 2006 περ
503 1927 584 2005 ἐμεῖο
602 1926 659 2013 βίῃ
675 1926 914 2007 προφερέστεροί
931 1928 1011 2003 ἐστε,

191 2027 281 2106 τόξον
296 2028 496 2111 πειρήσασθε,
514 2029 561 2093 καὶ
577 2029 762 2108 ἐκτελέωμεν
777 2027 918 2094 ἀεθλον.”

228 2130 292 2198 Ὣς
308 2133 401 2196 εἰπὼν
416 2131 504 2212 τόξον
520 2134 575 2211 μέν
591 2133 650 2198 ἀπὸ
665 2132 697 2196 ἔα
714 2137 786 2212 θῆκε
800 2134 924 2216 χαμάζε,

191 2237 298 2302 κλίνας
315 2237 503 2321 κολλητῇσιν
519 2234 663 2323 ἐϋξέστῃς
678 2237 868 2315 σανίδεσσιν,

190 2339 279 2403 αὐτοῦ
295 2337 321 2403 δ’
336 2339 396 2404 ὠκὺ
411 2338 507 2420 βέλος
524 2340 600 2428 καλῆ
617 2341 799 2422 προσέκλινε
815 2340 940 2427 κορύνῃ,

190 2441 238 2524 ἀφ
253 2440 279 2506 δ’
294 2444 377 2510 αὖτις
395 2440 457 2508 κατ’
472 2441 517 2526 ἀρ’
532 2443 606 2521 ἕζετ’
622 2445 671 2508 ἐπὶ
688 2444 794 2525 θρόνου
810 2445 896 2509 ἔνθεν
911 2443 1032 2524 ἀνέστη.

190 2551 288 2611 τοῖσιν
303 2545 329 2611 δ’
344 2547 499 2614 Ἀντίνοος
512 2547 641 2629 μετέφη,
658 2548 824 2614 Εὐπείθεος
840 2549 913 2615 υἱός·
1091 2578 1140 2630 ¹4⁰

189 2655 206 2684 “
219 2652 339 2732 ὄρνυσθ’
356 2651 452 2730 ἑξείης
468 2650 602 2731 ἐπιδέξια
616 2652 726 2718 πάντες
741 2655 864 2732 ἑταῖροι,

190 2752 349 2835 ἀρξόμενοι
365 2761 419 2820 τοῦ
433 2756 535 2838 χόρου
551 2757 621 2820 ὅθεν
635 2754 669 2820 τέ
684 2781 739 2836 περ
755 2753 950 2839 οίνοχοεύει.”

225 2855 290 2924 Ὣς
308 2857 395 2939 ἔφατ’
409 2855 570 2936 Ἀντίνοος,
587 2863 685 2924 τοῖσιν
700 2859 724 2923 δ’
743 2858 902 2938 ἐπιήνδανε
915 2864 1017 2941 μῦθος.

188 2962 322 3038 Λειόδης
339 2964 371 3026 δέ
386 2968 503 3043 πρῶτος
517 2963 672 3037 ἀνίστατο,
687 2965 821 3029 Οίνοπος
836 2965 909 3041 υἱός,

191 3065 209 3126 ὅ
222 3072 282 3145 σφι
298 3065 444 3132 θυοσκόος
459 3065 539 3144 ἔσκε,
554 3068 635 3149 παρὰ
651 3069 780 3148 κρητῆρα
795 3068 828 3130 δέ
843 3065 938 3130 καλὸν

188 3169 233 3246 ἶζε
247 3169 424 3251 μυχοίτατος
440 3168 513 3234 αἰέν·
550 3170 733 3234 ἀτασθαλίαι
748 3168 782 3236 δέ
797 3171 826 3234 οἱ
842 3170 895 3253 οἵῳ

188 3269 294 3353 ἐχθραὶ
310 3276 393 3349 ἔσαν,
411 3276 507 3338 πᾶσιν
523 3275 555 3336 δέ
571 3272 706 3353 νεμέσσα
720 3272 957 3354 μνηστήρεσσιν·

188 3375 222 3440 ὅς
235 3377 275 3457 ῥα
289 3376 357 3440 τότε
372 3383 489 3459 πρῶτος
503 3373 593 3455 τόξον
608 3374 690 3456 λόβε
705 3377 755 3440 καὶ
769 3375 865 3456 βέλος
881 3376 949 3440 ὠκύ.

188 3481 247 3556 στῆ
263 3475 288 3542 δ’
304 3475 350 3560 ἀρ’
365 3477 411 3544 ἐπ’
427 3481 515 3544 οὐδὸν
533 3480 585 3543 ίιλν
603 3479 652 3543 καὶ
667 3477 756 3558 τόξου
771 3477 949 3562 πειρήτιζεν,

188 3578 255 3644 ούδέ
267 3608 320 3662 μιν
335 3581 488 3647 ἐντάνυσε·
511 3580 582 3665 πρὶν
598 3581 656 3667 γὰρ
673 3581 747 3663 κόμε
761 3588 865 3668 χεῖρας
880 3582 1018 3652 ἀνέλκων

188 3685 347 3766 ἀτρίπτους
362 3687 491 3756 ἀπαλός·
513 3692 589 3770 μετὰ
605 3691 637 3754 δέ
648 3690 835 3772 μνηστῆρσιν
851 3689 962 3755 ἔειπεν·
