2758 4228
462 327 512 392 ιη.
536 313 772 374 ΟΔΎΣΣΕΙΑΣ
794 315 831 374 ψ.
1066 312 1128 392 887

179 482 224 560 ἠδ’
240 482 298 544 ὅσα
315 482 452 562 Κύκλωψ
468 479 547 562 ἔρξε,
564 483 613 545 καὶ
630 481 668 547 ὡς
684 483 847 546 ἀπετίσατο
862 483 972 562 ποινὴν
1003 489 1005 494 ’

179 587 311 667 ἰφθίμων
327 585 448 667 ἑτάρων,
464 585 514 652 οὓς
528 584 637 664 ἤσθιεν
652 586 713 649 οὐδ’
729 585 874 667 ἐλέαιρεν·

178 690 222 768 ἠδ’
239 691 277 757 ὣς
295 692 406 754 Αἴολον
421 689 506 764 ἵκεθ’,
522 690 539 752 ό
554 716 606 771 μιν
622 691 766 770 πρόφρων
781 689 926 754 ὑπέδεκτο

179 792 227 857 καὶ
243 792 345 873 πέμπ’,
362 793 431 858 οὐδέ
446 821 492 858 πω
509 793 583 857 αἶσα
598 794 694 875 φίλην
710 796 742 859 ές
756 793 873 873 πατρίδ’
890 791 1009 857 ἱκέσθαι
1078 822 1127 873 3¹5

178 897 244 975 ήην,
259 892 342 961 ἀλλά
355 923 408 976 μιν
422 897 505 964 αάτις
521 894 719 978 ἀναρπάξασα
737 897 852 962 θύελλα

177 1000 288 1065 πόντον
303 1001 350 1064 ἐπ)
365 1002 524 1084 ἰχθυόεντα
540 1001 633 1082 φέρεν
647 999 743 1082 βαρέα
759 1000 958 1085 στενάχοντα·

177 1100 224 1182 ἠδ’
238 1104 277 1169 ὡς
292 1104 471 1183 Τηλέπυλον
484 1106 728 1187 Λαιστρυγονίην
744 1106 901 1186 ἀφίκανεν,

177 1208 205 1271 οἳ
220 1207 293 1288 νῆάς
308 1210 334 1273 τ’
349 1212 464 1273 ὄλεσαν
479 1207 527 1274 καὶ
542 1209 719 1289 ἐϋκνήμιδας
735 1209 870 1290 ἑταίρους

178 1306 315 1398 [πάντος’
338 1313 506 1379 Ὀδυσσεὺς
522 1312 548 1376 δ’
564 1312 627 1377 οἶος
641 1311 795 1393 ὑπέκφυγε
812 1309 861 1389 νηί
874 1311 1030 1398 μελοίνῃ].
1076 1339 1126 1388 320

178 1413 225 1479 καὶ
242 1417 352 1498 Κίρκης
368 1413 511 1494 κατέλεξε
526 1418 618 1479 δόλον
634 1416 861 1499 πολυμηχανίην
876 1441 921 1492 τε,

176 1518 220 1596 ἠδ’
237 1519 276 1584 ὡς
292 1520 336 1584 είς
350 1516 458 1582 Ἀίδεω
473 1520 564 1599 δόμον
579 1517 690 1597 ήλυθεν
705 1519 860 1599 εὐρώεντα,

176 1624 261 1708 ψυχῇ
277 1623 464 1706 χρησόμενος
480 1624 623 1701 Θηβαίου
637 1623 810 1703 Τειρεσίαο,

176 1725 225 1804 νηὶ
239 1724 429 1805 πολυκλήϊδι,
445 1727 493 1790 καὶ
509 1729 604 1790 είσιδε
620 1725 734 1791 πάντας
750 1726 885 1806 ἑταίρους

175 1829 289 1912 μητέρα
304 1829 342 1908 θ’,
357 1829 377 1909 ή
390 1857 442 1908 μιν
458 1831 554 1894 ἔτικτε
570 1830 619 1892 καὶ
634 1829 742 1909 ἔτρεφε
757 1829 864 1892 τυτθὸν
883 1830 983 1894 ε’όντα·
1076 1857 1124 1907 3²⁵

175 1933 222 2012 ἠδ’
236 1934 276 1999 ὣς
291 1932 442 2013 Σειρήνων
457 1931 586 1996 ἁδινάων
601 1931 740 2013 φθόγγον
755 1930 893 2010 ἀκουσεν,

176 2038 216 2102 ὥς
232 2034 258 2099 θ’
273 2039 354 2100 ίκετο
369 2039 533 2118 Πλαγκτὰς
548 2034 656 2115 πέτρας
673 2032 773 2113 δεινήν
789 2059 821 2099 τε
835 2035 996 2118 Χάρυβδιν

176 2141 317 2218 Σκύλλην
332 2137 367 2216 θ’,
382 2137 419 2219 ἣν
435 2140 469 2202 ού
484 2141 531 2205 πό
547 2138 611 2202 ποτ’
627 2137 744 2219 ἀκήριοι
759 2138 864 2220 ἀνδρες
879 2139 1003 2218 ἄλυξαν·

175 2244 220 2322 ἠδ’
236 2244 275 2309 ὣς
289 2243 429 2308 Ἠελίοιο
444 2245 522 2323 βόας
538 2241 726 2323 κατέπεφνον
740 2246 869 2322 ἑταῖροι·-

174 2347 219 2426 ήδ’
237 2349 276 2414 ὡς
292 2351 349 2425 νῆα
365 2350 438 2428 θοήν
455 2349 550 2428 έβαλε
566 2349 714 2429 ψολόεντι
730 2348 862 2430 κεραυνῷ
1072 2377 1123 2425 330

176 2452 250 2519 Ζεὺς
265 2453 480 2534 ὑψιβρεμέτης,
497 2454 557 2516 ἀπὸ
572 2451 597 2514 δ’
613 2451 739 2531 ἔφθιθεν
755 2453 862 2515 ἐσθλοὶ
878 2455 991 2535 ἑταῖροι

175 2555 285 2622 πάντες
304 2557 391 2635 ὁμῶς,
406 2555 494 2620 αὐτὸς
509 2557 542 2618 δὲ
558 2556 649 2619 κακάς
663 2555 721 2617 ὑπὸ
737 2557 828 2634 κῆρας
843 2553 964 2634 ἀλυξεν·

175 2659 215 2725 ὥς
232 2659 258 2722 θ’
274 2659 347 2723 ἵκετ’
361 2658 509 2741 Ὠγυγίην
525 2661 617 2736 νῆσον
633 2657 752 2737 νύμφην
767 2683 800 2721 τε
815 2661 961 2740 Καλυψώ,

173 2759 193 2839 ἢ
209 2761 244 2839 δή
260 2788 312 2842 μιν
328 2763 467 2842 κατέρυκε
482 2759 658 2840 λιλαιομένη
674 2761 766 2826 πόσιν
782 2761 861 2826 εἶναι

175 2869 208 2930 έν
223 2864 338 2930 σπέσσι
351 2871 547 2949 γλαφυροῖσι,
562 2862 610 2928 καὶ
626 2865 754 2946 έτρεφεν
768 2865 820 2944 ἠδὲ
835 2867 952 2946 ἔφασκε
1070 2896 1120 2948 335

176 2969 280 3049 θήσειν
295 2969 445 3034 ἀθάνατον
460 2967 508 3033 καὶ
525 2969 642 3050 ἀγήρων
657 2967 755 3046 ἤματα
769 2967 877 3032 πάντα·
908 3032 910 3038 s

175 3074 255 3138 ἀλλά
271 3079 323 3137 τοῦ
339 3073 373 3136 ού
388 3098 462 3138 ποτε
478 3079 569 3151 θυμὸν
584 3074 629 3137 ἐνὶ
644 3070 813 3150 στήθεσσιν
828 3075 957 3138 ἔπειθεν·

175 3177 218 3256 ἠδ’
234 3180 273 3244 ὡς
290 3179 320 3243 ές
335 3180 469 3256 Φαίηκας
486 3177 611 3257 ἀφίκετο
627 3175 730 3240 πολλὰ
744 3176 893 3259 μογήσας,

175 3282 203 3345 οἳ
219 3281 254 3359 δή
269 3307 321 3360 μιν
337 3284 403 3363 περὶ
420 3285 485 3362 κῆρι
502 3285 571 3344 θεὸν
586 3282 625 3347 ὣς
640 3279 806 3359 τιμήσαντο

175 3388 224 3450 καὶ
239 3386 364 3468 πέμψαν
379 3387 435 3450 σὺν
450 3385 500 3464 νηὶ
514 3386 612 3465 φίλην
627 3385 657 3452 ές
672 3386 800 3465 πατρίδα
813 3391 914 3467 γαῖαν,
1069 3415 1120 3466 340

174 3492 290 3574 χαλκόν
305 3515 339 3554 τε
352 3491 468 3572 χρυσόν
481 3514 514 3553 τε
529 3489 598 3554 ἃλις
613 3487 726 3566 ἐσθῆτά
740 3514 773 3552 τε
787 3489 901 3554 δόντες.

174 3591 252 3658 τοῦτ’
267 3593 324 3675 ἄρα
339 3594 479 3659 δεύτατον
494 3594 578 3657 εἶπεν
594 3592 675 3670 ἔπος,
690 3593 740 3656 ὅτε
756 3594 784 3655 οί
799 3592 909 3674 γλυκὺς
924 3595 1018 3660 ύτνος

173 3698 340 3779 λυσιμελὴς
356 3696 513 3779 ἐπόρουσε,
527 3693 813 3776 λύωνιμελεδήματα
831 3702 932 3777 θυμοῦ.
