2760 4232
434 373 861 434 ΒΑΤΡΑΧΟΜὙΘΜΑΧἹΑ.
1035 385 1119 454 1035

173 537 194 577 θ
214 537 261 603 καὶ
277 540 425 621 τράγλαις
442 541 592 605 ἐνέδυσαν·
615 543 632 603 ὁ
648 537 674 604 δ’
687 539 803 620 ἠπητάς
818 566 872 619 μοι
884 539 996 620 ἐπέστη
1021 577 1024 583 ·

174 645 223 707 καὶ
238 644 370 726 πράσσει
386 671 423 724 με
438 644 535 710 τόκον
559 645 592 708 τὸ
608 647 640 708 δὲ
650 645 751 728 ῥίγιον
764 644 959 713 ἀθανάτοισιν
1071 663 1116 722 185

74 799 79 810 .
175 744 238 836 [καὶ
254 749 333 811 πολύ
348 775 386 827 με
400 747 559 830 πράσσειν·
583 747 688 813 τούτου
702 748 791 831 χάριν
807 745 1017 838 έξόργισμαι]·

172 849 345 934 χρησαμένη
359 854 418 934 γὰρ
437 852 532 929 ένησα
548 849 596 914 καὶ
612 853 663 916 οὐκ
680 852 741 935 έχω
760 853 987 917 ἀνταποδοῦναι.

174 955 245 1019 ἀλλ’
262 955 322 1019 οὐδ’
338 956 377 1022 ὣς
391 955 595 1040 βατράχοισιν
610 957 758 1037 ἀρηγέμεν
773 956 825 1019 οὐκ
843 955 989 1034 ἐθελήσω.
1016 964 1023 994 ·”

173 1059 236 1124 εἰσὶ
250 1059 308 1141 γὰρ
323 1059 383 1123 οὐδ’
399 1060 481 1123 αὐτοὶ
498 1058 611 1140 φρένας
628 1060 761 1138 ἔμπεδοι,
776 1059 860 1124 ἀλλά
875 1085 914 1140 με
930 1057 1032 1146 πρηίην
1106 1093 1109 1098 ·

173 1165 205 1226 ἐκ
221 1163 357 1241 πολέμου
373 1164 528 1242 ἀνιοῦσαν,
543 1163 609 1227 ἐπεὶ
623 1163 695 1240 λίην
710 1163 876 1242 έκοπάθην,

159 1268 265 1330 ’ὕπνου
281 1265 442 1348 δευομένην
457 1266 508 1330 οὐκ
525 1269 844 1348 είασανθορυβαῦνττς
1023 1303 1026 1308 ·
1053 1297 1117 1348 '¹90

172 1370 232 1433 οὐδ’
247 1372 353 1452 ἀλίγον
368 1375 545 1448 καταμῢσαι·
573 1371 631 1452 ἐγδ
648 1370 673 1434 δ’
683 1373 801 1436 ,άῢπνος
818 1372 1001 1450 κατεκείμην,

173 1473 227 1552 τὴν
242 1474 541 1556 κεφαλὴνάλγοΰσα,
558 1473 613 1539 έως
631 1475 762 1552 ἐβόησεν
778 1473 921 1555 ἀλέκτωρ.

172 1578 242 1642 ἀλλ’
256 1579 312 1661 άγε
329 1579 543 1657 παυσώμεσθα,
560 1579 632 1654 θεοί,
648 1577 798 1643 τούτοισιν
813 1577 945 1662 ἀρήγειν,

171 1680 211 1762 μή
228 1709 273 1749 τις
290 1684 337 1745 καὶ
351 1682 451 1768 λόγχη
468 1685 564 1768 τρωθῇ
582 1682 672 1760 δέμας
688 1682 878 1770 ἠὲμαχαίρη·

172 1783 232 1849 εἰσὶ
247 1789 305 1868 γὰρ
321 1785 500 1870 ἀγχέμαχοι,
518 1788 545 1849 εί
560 1783 607 1848 καὶ
625 1787 692 1852 θεὸς
708 1787 809 1850 ἀντίον
823 1786 917 1849 ἔλθοι·
1071 1817 1116 1866 ¹95

171 1888 280 1954 πάντες
296 1887 320 1953 δ’
339 1889 498 1969 οὐρανόθεν
513 1890 689 1969 τερπώμεθα
704 1892 788 1969 δῆριν
808 1890 943 1970 ὁρῶντες.

209 1991 272 2058 Ὣς
288 1990 334 2073 ἀρ’
351 1992 421 2072 ἐφη·
446 2017 481 2076 τῃ
497 1992 522 2054 δ’
537 1991 601 2056 αὖτ’
618 1993 815 2056 ἐπεπείθοντο
829 1993 894 2056 θεοὶ
912 1993 1015 2071 ἄλλοι,

172 2094 281 2162 πάντες
296 2093 321 2158 δ’
337 2092 399 2159 αὖτ’
415 2097 560 2172 εἰσῆλθον
576 2093 704 2162 ἀολλέες
719 2097 762 2160 είς
778 2095 830 2158 ένα
844 2103 952 2180 χῶρον.

172 2196 220 2262 καὶ
235 2198 303 2262 τότε
320 2193 458 2264 κώνωπες
473 2197 608 2281 μεγάλας
624 2198 798 2281 σάλπιγγας
815 2201 938 2281 ἔχοντες

171 2285 270 2366 δεινόν
284 2300 477 2384 ἑσάλπιγξαν
492 2301 622 2382 πολέμου
639 2303 757 2366 κτύπον·
782 2303 940 2383 οὐρανόθεν
956 2306 989 2368 δὲ
1064 2334 1115 2368 200

172 2406 246 2472 Ζεὺς
262 2406 407 2488 Κρονίδης
421 2405 582 2487 βρόντησε,
598 2405 685 2486 τέρας
701 2405 846 2484 πολέμοιο
861 2413 974 2472 κακοῖο.

158 2498 161 2502 ,
214 2515 338 2590 Πρῶτος
353 2509 378 2572 δ’
393 2507 547 2588 Ὕψιβόας
563 2507 732 2591 Λειχάνορα
748 2509 856 2574 οὔτασε
872 2508 953 2591 δουρὶ

171 2613 288 2677 ἑσταότ’
300 2615 338 2676 ἐν
352 2611 520 2696 προμάχοις
533 2612 609 2678 κατὰ
624 2612 759 2695 γαστέρα
773 2615 804 2678 ές
819 2614 913 2692 μέσον
928 2615 1018 2698 ἦπεφ·

171 2717 224 2781 κὰδ
241 2717 266 2781 δ’
283 2717 392 2781 ἔπεσεν
407 2714 531 2797 πρηνής,
543 2716 668 2786 ἁπαλὰς
683 2715 708 2780 δ’
725 2716 861 2782 ἐκόνισεν
877 2720 1002 2799 ἐθείρας.

172 2817 337 2909 [δούπησεν
353 2822 386 2884 δὲ
398 2821 513 2898 πεσών,
529 2821 668 2902 ἀράβησε
684 2823 716 2884 δὲ
731 2821 827 2904 τεύχε’
843 2821 889 2884 ἐπ’
905 2819 1009 2910 αὐτῷ]
1066 2854 1112 2902 205

168 2923 351 3007 Τρωγλήτης
367 2927 400 2990 δέ
414 2924 479 3004 μετ’
492 2925 583 2990 ἀὐτὸν
593 2925 741 2990 ,ἀκόντισε
756 2926 943 3003 Πηλείωνας,

169 3025 262 3104 πῆξεν
281 3027 306 3091 δ’
322 3030 355 3091 ἐν
370 3028 484 3113 στέρνῳ
500 3033 648 3108 στιβαρὸν
663 3029 742 3110 δόρυ·
766 3035 819 3094 τὸν
833 3032 865 3094 δέ
880 3032 1014 3096 πεσόντα

169 3133 235 3194 εἶλε
249 3130 345 3210 μέλας
359 3130 496 3206 θάνατος,
511 3130 597 3212 ψυχὴ
616 3128 642 3194 δ’
656 3133 690 3194 ἐκ
706 3132 843 3214 σώματος
857 3133 944 3212 έπτη.

144 3277 145 3280 =
169 3238 333 3298 Σευτλαῖον
349 3235 375 3318 δ’
389 3233 428 3316 δρ
445 3234 559 3314 ἔπεφνε
574 3235 683 3313 βαλὼν
698 3235 769 3316 κέαρ
784 3235 1039 3322 Ἐμβασίχυτρος,

170 3333 372 3424 [Ἀρτοφόγος
389 3340 422 3400 δέ
437 3337 626 3418 Πολύφωνον
641 3341 716 3404 κατὰ
731 3339 863 3422 γαστέρα
878 3340 982 3422 τύψεν·
1067 3369 1113 3406 ιτο

167 3439 256 3520 ἤριπε
271 3443 303 3504 δέ
319 3438 441 3522 πρηνής,
457 3440 544 3523 ψυχὴ
555 3439 593 3502 δέ
605 3440 725 3520 μελέων
739 3441 858 3520 ἐξέπτη.

167 3546 351 3629 Λιμνόχαρις
366 3543 391 3610 δ’
407 3545 446 3610 ὣς
462 3544 541 3610 εἶδεν
556 3543 766 3626 ἀπολλύμενον
782 3547 992 3628 Πολύφημον,

166 3649 384 3730 Τρωγλοδότην
470 3668 491 3712 *
599 3670 620 3714 ¹=1=
730 3655 845 3730 τρῶσεν
860 3651 990 3733 ἐπιφθάς

166 3751 274 3836 πέτρῳ,
289 3753 343 3816 τὸν
358 3752 384 3816 δ’
400 3753 529 3835 ἐκάλυψ’
545 3755 622 3842 όσσε
638 3754 754 3819 σκότος·
799 3773 819 3817 ιε
928 3776 951 3816 ιι
