2788 4230
423 904 812 980 οαυῑῑοικῑ
854 904 897 978 ο.

525 1257 642 1349 Τόξον
670 1260 781 1338 θέσις.

187 1436 231 1519 Τῆ
252 1432 277 1497 δ’
294 1431 338 1515 ἄρ’
353 1431 403 1497 ἐπὶ
419 1431 511 1515 φρεσὶ
526 1436 599 1511 θῆκε
615 1436 669 1496 θεὰ
684 1437 857 1514 γλαυκῶπις
872 1429 996 1510 Ἀθήνη,

189 1535 441 1624 κοόρῃἾκαρίοιο,
458 1537 617 1618 περίφρονι
633 1536 837 1622 Πηνελοπείῃ,
920 1589 923 1598 .

188 1639 277 1718 τόξον
290 1640 499 1724 μνηστήρεσσι
515 1640 606 1722 θέμεν
619 1640 730 1704 πολιόν
746 1665 779 1704 τε
793 1640 918 1722 σίδηρον

188 1747 221 1809 ἓν
234 1744 376 1828 μεγάροις
390 1743 548 1823 Ὀδυσῆος,
564 1743 673 1809 ἀέθλια
692 1744 740 1807 καὶ
756 1744 852 1824 φόνου
868 1741 973 1825 ἀρχήν.

188 1849 318 1928 κλίμακα
333 1848 357 1912 δ’
374 1848 497 1930 ὑψηλήν
514 1847 729 1930 προσεβήσετο
745 1847 792 1908 oto
808 1846 921 1925 δόμοιο,
959 1838 964 1853 “
1118 1874 1132 1924 5

187 1952 286 2015 είλετο
302 1953 334 2014 δὲ
350 1946 445 2031 κληῗδ’
462 1948 610 2028 εὐκαμπέα
625 1946 704 2034 χειρὶ
719 1949 829 2034 παχείῃ

189 2054 284 2133 καλῆν
299 2055 455 2137 χαλκείην·
480 2053 563 2130 κόπη
582 2051 607 2116 δ’
628 2051 796 2133 ἐλέφαντος
816 2053 916 2129 ἐπῆεν.

192 2159 235 2237 βῆ
252 2156 278 2221 δ’
292 2153 391 2238 ίμὲιαι
406 2156 578 2235 θόλαμόνδε
594 2153 651 2220 σὺν
666 2141 873 2235 ἀμφιπόλοισι
888 2152 1025 2237 γυναιξὶν

187 2262 327 2345 ἔσχατον·
339 2261 424 2326 -ένθα
439 2260 471 2324 δέ
480 2263 514 2345 ,οἱ
530 2258 669 2339 κειμήλια
685 2263 763 2324 κεῖτο
779 2258 917 2336 ἄνακτος,

187 2366 302 2447 χαλκός
321 2389 353 2429 τε
368 2365 482 2447 χρυσός
497 2389 530 2428 τε
545 2363 737 2444 πολύκμητός
752 2388 784 2426 τε
799 2363 931 2442 σίδηρος.
1102 2389 1132 2425 10

187 2469 259 2532 ἔνθα
274 2471 307 2532 δὲ
322 2466 412 2548 τόξον
427 2475 506 2548 κεῖτο
522 2470 703 2532 παλίντονον
718 2466 771 2545 ῆδὲ
786 2467 917 2547 φαρέτρη

187 2573 312 2650 ἰοδόκος,
328 2572 440 2636 πολλοὶ
456 2568 481 2636 δ’
497 2572 605 2637 ἔνεσαν
620 2570 917 2648 στονόεντεςόϊστοί,

187 2681 265 2756 δῶρα
279 2675 317 2741 τό
332 2677 361 2739 οἱ
377 2675 474 2754 ξεῖνος
488 2675 690 2754 Λακεδαίμονι
705 2678 780 2737 δῶκε
795 2671 930 2756 τυχήσας

184 2777 300 2858 Ἴφιτος
315 2779 485 2860 Εὐρυτίδης,
503 2779 669 2844 ἐπιείκελος
684 2774 872 2840 όθανότοισι.

187 2881 227 2943 τὼ
243 2879 268 2944 δ’
286 2883 318 2945 ἓν
332 2880 482 2968 Μεσσήνη
498 2879 675 2961 ξυμβλήτην
690 2878 852 2958 ἀλλήλοιϊν
1102 2905 1131 2954 15

187 2985 259 3068 οἴκῳ
275 2985 308 3046 ἐν
322 2982 515 3068 Ὀρτιλόχοιο
531 2982 701 3066 δαΐφρονος.
746 2982 765 3062 ή
779 3008 825 3046 τοι
840 2981 1009 3050 Ὀδυσσεὺς

186 3087 262 3167 ήλθε
276 3086 351 3169 μετὰ
366 3092 476 3170 χρεῖος,
492 3088 527 3150 τό
540 3086 579 3170 ῥό
593 3089 622 3150 οἱ
636 3091 696 3156 πᾶς
711 3089 803 3167 δῆμος
820 3088 947 3169 ὄφελλε·

186 3194 268 3271 μῆλα
283 3193 341 3273 γὰρ
356 3189 392 3268 ἐξ
404 3188 522 3268 Ἰθόκης
541 3188 715 3268 Μεσσήνιοι
731 3189 835 3270 ἄνδρες
850 3187 953 3270 ἄειραν

186 3293 274 3371 νηυσὶ
289 3293 472 3374 πολυκλήϊσι
489 3291 635 3375 τριηκόσι’
654 3292 706 3371 ἠδὲ
721 3296 842 3373 νομῆας.

186 3404 246 3461 τῶν
261 3397 336 3463 ἕνεκ’
352 3397 475 3478 ἐξεσίην
490 3397 610 3476 πολλῆν
626 3398 695 3462 ὁδὸν
711 3395 804 3477 ἦλθεν
819 3395 987 3464 Ὀδυσσεὺς
1100 3423 1130 3460 ιο

186 3507 309 3567 παιδνὸς
325 3503 390 3565 ἑόν·
407 3509 464 3584 πρὸ
480 3500 537 3585 γὰρ
552 3501 606 3581 ήκε
621 3500 718 3582 πατῆρ
733 3499 825 3566 ἄλλοι
839 3524 873 3564 τε
887 3499 1032 3582 γέροντες.

183 3603 298 3686 Ἴφιτος
315 3604 379 3669 αὖθ’
396 3607 503 3673 ἵππους
519 3604 684 3686 διζήμενος,
699 3606 733 3668 αί
747 3607 776 3667 οἱ
792 3605 900 3668 ὄλοντο

186 3709 300 3774 δώδεκα
315 3707 445 3789 θήλειαι,
461 3709 519 3776 ὑπὸ
535 3709 559 3772 δ’
574 3709 691 3790 ἡμίονοι
707 3709 880 3790 ταλαεργοί·
