2792 4232
495 341 543 403 16.
569 346 739 406 ΙΛΙΑΔΟΣ
764 350 803 407 Π.
1057 363 1120 430 325

173 509 261 590 ἤριπε
277 511 302 575 δ’
319 510 356 591 ἐξ
367 511 473 596 ὀχέων,
491 517 564 577 κατὰ
580 515 605 578 δ’
622 515 790 595 ὀφθαλμῶν
807 513 905 597 κέχυτ’
923 516 1029 598 ἀχλύς.

174 612 340 692 Ἰδομενεὺς
355 614 381 678 δ’
395 616 565 697 Ἐρύμαντα
580 620 656 681 κατὰ
672 618 771 697 στόμα
790 616 876 694 νηλέϊ
890 619 995 702 χαλκῷ
1071 647 1119 698 345

174 713 253 793 νύξε·
276 717 311 780 τὸ
326 716 352 780 δ’
368 718 488 800 ἀντικρὺ
504 720 574 801 δόρυ
589 719 723 803 χάλκεον
739 718 904 800 ἐξεπέρησε
973 737 978 748 “
1039 737 1040 744 ’

176 819 279 900 νέρθεν
293 820 341 884 ὑπ’
357 821 551 903 ἐγκεφάλοιο,
568 824 684 887 κέασσε
698 827 724 888 δ’
740 823 785 905 ἄρ’
802 823 895 887 ὀστέα
908 824 1011 912 λευκά·

176 925 208 984 ἐκ
223 923 249 986 δ’
266 925 424 1006 ἐτίναχθεν
438 927 566 1006 ὀδόντες,
583 926 772 1006 ἐνέπλησθεν
788 926 821 992 δέ
836 930 865 990 οἱ
883 928 974 1009 ἄμφω

175 1029 298 1104 αἵματος
314 1028 478 1108 ὀφθαλμοί·
502 1029 536 1094 τδ
552 1027 579 1094 δ’
595 1032 652 1094 ἄνδ
668 1031 766 1110 στόμα
782 1032 831 1094 καὶ
847 1033 922 1094 κατὰ
936 1034 1020 1113 ῥῖνας

175 1133 271 1210 πρῆσε
287 1132 399 1212 χανών·
421 1131 550 1196 θανάτου
563 1135 598 1197 ’δέ
612 1133 710 1213 μέλαν
722 1133 815 1216 νέφος
830 1134 1059 1216 ἀμφεκάλυψεν.
1071 1161 1119 1210 350

218 1235 311 1296 Ούτοι
326 1234 371 1315 ἄρ’
387 1234 533 1317 ἡγεμόνες
550 1241 679 1302 Δαναῶν
695 1238 767 1303 ἔλον
783 1237 877 1319 ἄνδρα
892 1237 1029 1306 ἕκαστος.

176 1335 214 1400 ὡς
229 1336 261 1398 δὲ
275 1336 362 1400 λύκοι
378 1337 523 1419 ἄρνεσσιν
539 1339 689 1422 ἐπέχραον
703 1338 722 1418 ἢ
739 1341 874 1422 ἐρίφοισι

176 1439 284 1511 σίνται,
299 1441 373 1503 ὑπὲκ
388 1438 493 1519 μήλων
510 1443 687 1522 αἱρεύμενοι,
705 1446 738 1507 αἰ
751 1443 776 1505 τ’
793 1445 826 1506 έν
842 1445 950 1524 ὄρεσσι

175 1541 315 1622 ποιμένος
331 1544 499 1629 ἀφραδίῃσι
514 1543 680 1627 διέτμαγεν
703 1548 732 1609 οἱ
748 1548 781 1609 δέ
797 1547 911 1612 ἰδόντες

176 1646 254 1727 αἶψα
268 1644 481 1726 διαρπάζουσιν
498 1646 644 1712 ἀνάλκιδα
660 1648 753 1728 θυμδν
769 1649 910 1731 ἐχούσας·
1069 1675 1117 1726 555

176 1750 214 1813 ῶς
230 1749 345 1812 Δαναοὶ
359 1749 518 1830 Τριόεσσιν
534 1749 692 1833 ἐπέχραον·
715 1754 744 1814 οἰ
760 1753 793 1816 δέ
808 1753 922 1832 φόβοιο

175 1851 359 1916 δυσκελάδου
373 1849 537 1930 μνήσαντο,
552 1851 685 1916 λάθοντο
701 1857 735 1918 δέ
751 1854 887 1934 θούριδος
902 1856 1022 1932 ἀλκῆς,

217 1957 292 2020 Αίας
307 1953 333 2018 δ’
349 1956 365 2016 ὁ
380 1954 473 2036 μέγας
489 1957 554 2018 αἰὲν
569 1953 619 2036 ἐφ’
631 1955 754 2038 Ἕκτορι
769 1960 1002 2044 χαλκοκορυστῇ

175 2055 228 2122 ἵετ’
244 2058 432 2122 ἀκοντίσσαι·
457 2059 522 2121 όδέ
538 2059 631 2144 ἰδρείῃ
647 2058 804 2139 πολέμοιο,

176 2163 279 2224 ἀσπίδι
294 2161 412 2246 ταυρείῃ
429 2160 649 2240 κεκαλυμμένος
664 2161 766 2241 εὐρέας
782 2163 888 2242 ὤμους,
1067 2175 1117 2238 56ο

176 2261 311 2328 σκέπτετ’
327 2265 438 2326 ὀϊστῶν
453 2289 486 2326 τε
499 2265 600 2345 ῥοῖζον
615 2263 664 2326 καὶ
680 2269 792 2329 δοῦπον
808 2267 951 2332 ἀκόντων.

175 2367 193 2444 ἦ
206 2367 260 2446 μὲν
275 2367 311 2445 δὴ
326 2367 478 2448 γίγνωσκε
492 2366 592 2450 μάχης
607 2365 770 2449 ἑτεραλκέα
786 2369 879 2447 νίκην·

176 2473 254 2533 ἀλλὰ
270 2472 318 2533 καὶ
334 2471 373 2534 ῶς
389 2469 538 2550 ἀνέμιμνε,
556 2469 621 2533 σάω
636 2469 663 2535 δ’
678 2471 796 2552 ἐρίηρας
812 2472 956 2552 ἑταίρους.

214 2572 270 2638 Ὡς
286 2571 311 2636 δ’
327 2570 370 2635 ὅτ’
386 2573 436 2636 ἀπ’
451 2573 616 2652 Ούλύμτον
632 2573 726 2654 νέφος
741 2575 861 2656 ἔρχεται
877 2575 1003 2656 οὐρανὸν
1019 2579 1092 2640 είσω

174 2676 290 2757 αἰθέρος
302 2677 334 2738 ἐκ
350 2675 422 2753 δίης,
439 2676 490 2738 ὅτε
504 2700 538 2738 τε
553 2673 627 2742 Ζεὺς
642 2677 780 2740 λαίλαπα
795 2677 887 2762 τείνῃ,
1066 2691 1114 2755 3⁶5

173 2784 212 2846 ῶς
227 2785 286 2842 τῶν
301 2780 334 2841 ἐκ
350 2784 429 2857 νηῶν
442 2777 546 2861 γένετο
563 2777 635 2861 ἰαχή
651 2803 683 2842 τε
699 2779 801 2858 φόβος
816 2804 858 2853 τε,

174 2885 240 2946 οὐδὲ
256 2882 330 2945 κατὰ
345 2887 452 2962 μοῖραν
467 2881 579 2963 πέραον
594 2881 697 2946 πάλιν.
731 2881 862 2964 Ἕκτορα
877 2881 903 2952 δ’
921 2884 1009 2954 ἵπποι

173 2986 301 3066 ἔκφερον
316 2984 466 3049 ὠκύποδες
481 2982 537 3048 σὺν
552 2984 686 3067 τεύχεσι,
701 2989 789 3050 λεῖπε
805 2986 838 3050 δὲ
852 2984 928 3048 λαὸν

171 3089 315 3169 Τρωϊκόν,
332 3086 382 3153 οὓς
397 3087 541 3153 ἀέκοντας
555 3088 663 3170 ὀρυκτὴ
679 3088 794 3170 τάφρος
809 3089 906 3170 ἔρυκε.

172 3191 283 3254 πολλοὶ
299 3187 325 3253 δ’
345 3189 377 3252 ἐν
392 3189 497 3274 τάφριρ
515 3189 716 3272 ἐρυσάρματες
732 3189 822 3258 ὠκέες
837 3192 926 3255 ίπποι
1064 3217 1114 3271 370

173 3290 273 3372 ἄξαντ’
289 3295 323 3357 έν
338 3293 443 3376 πρότιρ
458 3294 539 3377 ῥυμῷ
554 3295 646 3356 λίπον
661 3291 767 3374 ἅρματ’
785 3292 929 3366 ἀνάκτων,

172 3397 348 3477 Πάτροκλος
363 3393 389 3459 δ’
406 3395 495 3458 έπετο
512 3395 666 3476 σφεδανὸν
682 3401 832 3461 Δαναοῖσι
848 3397 987 3474 κελεύων,

173 3500 273 3580 Τρωσὶ
289 3500 365 3561 κακά
379 3496 526 3579 φρονέων·
548 3501 576 3561 οί
592 3501 624 3562 δέ
641 3499 713 3585 ἰαχῇ
728 3523 762 3562 τε
777 3500 870 3588 φόβῳΙ
884 3524 917 3565 τε

172 3601 272 3667 πάσας
287 3604 410 3680 πλῆσαν
426 3600 519 3678 ὁδούς,
537 3601 604 3665 ἐπεὶ
619 3600 655 3682 ἀρ
671 3599 793 3682 τμάγεν·
814 3603 872 3683 θψι
887 3599 914 3667 δ’
929 3603 1027 3667 ἄελλα

173 3705 307 3769 σκίδναθ’
323 3687 380 3767 ύπδ
396 3702 522 3783 νεφέων,
539 3703 680 3768 τανύοντο
696 3706 729 3768 δέ
742 3705 878 3790 μύννχες
893 3707 981 3770 ἰππυι
1062 3727 1110 3781 575
