2848 4296
528 355 578 402 20.
604 340 773 399 ΙΛΙΑΔΟΣ
796 340 831 400 T.
1095 361 1156 418 401

213 507 333 590 ἔρχεσθ’
350 507 419 589 ὄφρ’
443 506 481 570 ἀν
495 509 602 586 ἵκησθε
617 509 693 585 μετὰ
707 511 813 591 Τρῶας
829 506 878 568 καὶ
894 503 1047 588 Ἀχαιούς,

212 609 413 692 ἀμφοτέροισι
429 611 453 674 δ’
472 609 604 692 ἀρήγεθ’,
625 612 685 696 ὅπῃ
701 611 770 675 νόος
786 611 871 673 ἐστὶν
888 607 1026 672 ἑκάστου.
1131 635 1160 682 25

213 717 239 777 εί
254 717 311 796 γὰρ
325 713 491 795 Ἀχιλλεὺς
506 713 570 779 οἶος
585 710 635 776 ἐπὶ
649 713 791 794 Τρώεσσι
805 716 956 794 μαχεῖται,

213 817 280 880 οὑδὲ
295 817 410 895 μίνυνθ’
428 815 532 895 ἕξουσι
547 817 685 881 ποδώκεα
701 814 873 895 Πηλείωνα.

213 922 262 984 καὶ
279 919 312 984 δέ
327 920 360 984 τέ
375 946 427 999 μιν
444 918 492 983 καὶ
507 923 641 1001 πρόσθεν
656 919 898 1000 ὑποτρομέεσκον
914 920 1047 998 ὁρῶντες

213 1029 265 1090 νῦν
279 1021 306 1087 δ’
324 1025 375 1088 ὅτε
389 1024 426 1103 δὴ
451 1025 499 1087 καὶ
514 1022 608 1101 θυμὸν
624 1025 741 1102 ἑταίρου
755 1023 867 1105 χώεται
883 1024 983 1092 αἰνῶς,

213 1127 300 1192 δείδω
316 1127 356 1207 μή
373 1129 423 1191 καὶ
439 1131 541 1210 τεῖχος
556 1125 724 1208 ὑπέρμορον
740 1122 945 1211 ἐξαλαπάξῃ.”
1130 1149 1162 1194 5ο

257 1223 313 1296 Ως
330 1231 426 1312 ἔφατο
443 1234 597 1312 Κρονίδης,
614 1228 789 1309 πόλεμονδ’
807 1230 953 1293 ἀλίαστον
964 1229 1075 1310 ἔγειρε.

213 1333 275 1413 βὰν
291 1332 317 1398 δ’
331 1337 432 1416 ἴμεναι
448 1336 618 1413 πόλεμόνδε
634 1335 708 1406 θεοί,
724 1335 796 1416 δίχα
812 1331 906 1412 θυμὸν
921 1333 1054 1414 ἔχοντες·

209 1437 291 1520 Ἥρη
306 1441 362 1519 μὲν
377 1464 433 1519 μετ
432 1438 563 1522 ’ἀγῶνα
577 1444 654 1503 νεῶν
669 1462 718 1501 και
707 1439 863 1502 Παλλάς
881 1433 993 1515 Ἀθήνη

214 1542 266 1617 ήδέ
281 1540 462 1606 Ποσειδάων
476 1541 625 1625 γαιήοχος
640 1541 715 1619 ήδ”
702 1541 835 1622 εριούνης

213 1644 360 1725 Ερμείας,
378 1644 411 1712 δς
426 1647 477 1709 ἐπὶ
493 1647 587 1727 φρεσὶ
603 1646 807 1731 πευκαλίμῃσι
823 1643 977 1708 κέκασται·
1130 1667 1161 1716 55

210 1749 387 1830 Ἥφαιστος
402 1747 429 1813 δ’
445 1749 507 1828 ἅμα
522 1754 603 1812 τοῖσι
621 1749 666 1812 κίε
681 1747 784 1812 σθένεϊ
798 1749 1001 1828 βλεμεαίνων,
1116 1757 1118 1760 ’

214 1852 366 1934 χωλεύων,
382 1855 440 1916 ὑπὸ
455 1854 488 1918 δέ
507 1854 614 1933 κνῆμαι
628 1852 741 1934 ῥόοντο
758 1853 869 1933 ἀραιαί.

213 1956 245 2020 ἐς
261 1957 294 2018 δέ
310 1961 416 2038 Τρῶας
428 1955 521 2038 Ἀρης
537 1956 741 2036 κορυθαίολος,
757 1955 849 2036 αὐτὰρ
865 1953 916 2035 ἀμ’
934 1955 1011 2038 αὑτῷ

216 2062 331 2137 Φοῖβος
346 2061 549 2141 ἀκερσεκόμης
565 2059 609 2139 ἠδ’
624 2057 764 2140 Ἀρτεμις
780 2058 917 2141 ίοχέαιρα

218 2164 302 2240 Λητό
319 2189 351 2226 τε
367 2162 487 2230 Ξάνθος
502 2188 534 2228 τε
550 2161 752 2244 φιλομμειδής
768 2160 794 2225 τ’
810 2161 986 2243 Ἀφροδίτη.
1130 2187 1163 2234 ⁴0

252 2264 331 2332 Ἥος
345 2266 402 2346 μὲν
416 2267 443 2350 ῥ’
460 2267 610 2332 ἀπάνευθε
626 2268 689 2332 θεοὶ
706 2270 821 2346 θνητῶν
838 2267 913 2330 ἔσαν
929 2267 1053 2347 ἀνδρῶν,

219 2374 288 2448 τῆος
304 2370 426 2453 Ἀχαιοὶ
444 2370 498 2450 μὲν
514 2370 593 2452 μέγα
609 2371 744 2443 κύδανον,
764 2369 860 2435 οὕνεκ’
876 2369 1041 2452 Ἀχιλλεὺς

217 2473 359 2555 ἐξεφάνη,
376 2474 466 2553 δηρὸν
481 2476 514 2537 δέ
528 2474 628 2556 μάχης
644 2473 784 2537 ἐπέπαυτ’
802 2475 970 2556 ἀλεγεινῆς·

216 2582 320 2658 Τρῶας
335 2581 367 2641 δὲ
383 2580 490 2658 τρόμος
506 2577 588 2643 οίνδς
604 2575 739 2655 ὑπήλυθε
754 2582 824 2660 γυῖα
840 2578 977 2655 ἑκαστον,

217 2681 373 2756 δειδιότας,
390 2681 433 2743 ὅθ’
451 2681 563 2761 ὁρῶντο
579 2681 717 2744 ποδόκεα
733 2680 896 2759 Πηλεΐωνα
1133 2705 1163 2754 45

214 2785 338 2869 τεύχεσι
354 2785 557 2864 λαμπόμενον,
574 2790 764 2868 βροτολοιγῷ
779 2784 850 2848 ἶσον
861 2784 962 2867 Ἀρηῖ.

219 2888 308 2970 αὑτάρ
324 2890 390 2954 ἐπεὶ
405 2888 470 2968 μεθ’
487 2890 596 2969 ὅμιλον
610 2889 777 2967 Ὀλύμπιοι
788 2888 902 2968 ήλυθον
916 2890 1041 2970 ἀνδρῶν,

219 2989 295 3072 ὦρτο
310 2992 334 3055 δ’
347 2992 433 3073 Ἔρις
450 2992 575 3074 κρατερή
592 2993 759 3065 λαοσσόος,
777 2993 830 3056 αὑε
845 2990 871 3056 δ’
886 2990 1013 3071 Ἀθήνη,

218 3095 306 3158 στάσ’
322 3097 373 3159 ὁτὲ
386 3097 443 3176 μὲν
459 3099 540 3178 παρά
555 3096 673 3178 τάφρον
687 3097 814 3179 ὀρυκτήν
829 3098 947 3180 τείχεος
963 3097 1056 3173 ἐκτός,

218 3199 323 3262 ἄλλοτ’
341 3199 387 3264 ἐπ’
405 3198 523 3263 ἀκτάων
539 3202 704 3282 ἐριδούπων
718 3201 832 3283 μακρὸν
849 3199 942 3264 ἀύτει.
1133 3225 1165 3274 5ο

217 3303 271 3368 αὑε
293 3301 319 3369 δ’
336 3304 430 3386 Ἀρης
445 3303 599 3385 ἑτέρωθεν,
616 3306 724 3390 ἐρεμνῇ
740 3307 870 3368 λαίλαπι
885 3304 962 3380 ἶσος,

217 3406 271 3485 ἀξὺ
287 3405 351 3471 κατ’
367 3409 532 3490 ἀκροτάτης
547 3410 655 3475 πόλιος
672 3409 814 3489 Τρόεσσι
830 3409 969 3486 κελεύων,

218 3511 332 3576 ἄλλοτε
347 3515 408 3593 πὰρ
423 3511 564 3592 Σιμόεντι
579 3509 656 3575 θέων
672 3512 722 3576 ἐπὶ
739 3512 970 3597 Καλλικολιύνη.

255 3615 319 3682 *Ως
333 3617 405 3692 τοὺςΙ
419 3614 607 3697 ἀμφοτέρους
621 3613 751 3696 μάκαρες
766 3615 831 3678 θεοὶ
847 3614 1022 3696 ὀτρύνοντες

218 3721 389 3802 σύμβαλον,
406 3721 440 3783 ἐν
455 3718 479 3782 δ’
495 3719 596 3785 αὑτοῖς
611 3718 694 3799 ἐριδα
707 3716 854 3801 ῥήγνυντο
869 3722 1006 3799 βαρεῖαν·
1133 3741 1164 3790 55
