2758 4228
474 367 523 434 23·
546 353 781 414 οουννπικν
803 357 840 415 υ.
1071 353 1134 439 883

187 525 233 591 τίς
250 523 283 588 δέ
298 549 349 604 μοι
364 522 481 586 άλλοσε
497 525 569 600 θῆκε
585 521 699 605 λέχος,·
722 528 861 605 χαλεπὸν
875 524 909 589 δέ
924 552 976 591 κεν
992 530 1037 606 είη

187 624 235 691 καὶ
250 624 322 706 μάλ’
339 624 539 710 ἐπισταμένῳ,
554 626 605 690 ὅτε
619 625 660 704 μὴ
677 625 745 692 θεδς
764 626 853 694 αὐτὸς
867 628 1003 694 ἐπελθὸν
1080 647 1132 708 ρ85

185 731 305 811 ῥηϊδίως
321 731 436 794 ἐθέλων
451 731 516 807 θείη
533 729 615 815 άλλη
631 728 676 794 ἐνὶ
691 731 786 816 χάρη.

185 835 302 914 ἀνδρῶν
319 831 344 897 δ’
360 832 395 895 ού
410 831 462 895 κέν
477 857 522 898 τις
538 833 611 910 ζωδς
625 833 746 914 βροτός,
764 835 831 898 οιίδέ
846 833 917 914 μάλ’
933 833 1031 915 ἡβῶν,

185 942 252 1022 ῥεῖα
266 941 511 1022 μετοχλίσσειεν,
527 939 593 1003 ἐπεὶ
608 937 688 1020 μέγα
702 941 786 1017 σῆμα
801 939 936 1003 τέτυκται

185 1045 218 1106 ἐν
233 1042 320 1126 λέχει
336 1043 469 1127 ἀσκητῷ·
493 1041 528 1104 τδ
543 1038 570 1104 δ’
585 1043 643 1123 έγδ
661 1041 755 1120 κάμον
770 1041 840 1105 ούδέ
853 1067 898 1108 τις
913 1043 1018 1110 ἀλλος.

185 1146 296 1226 θάμνος
312 1147 371 1226 έφυ
386 1145 578 1225 τανύφυλλος
595 1146 699 1223 ἐλαίης
716 1145 818 1227 έρκεος
834 1147 926 1224 έντάὶς,
1083 1175 1131 1228 ¹90

186 1251 315 1330 ἀκμηυδς
331 1249 477 1313 θαλέθων·
501 1248 634 1330 πάχετος
649 1245 675 1312 δ’
689 1247 727 1327 ήν
740 1246 813 1326 ἠύτε
829 1251 908 1314 κίων.
1128 1265 1130 1270 ’

183 1353 266 1438 τῷδ’
283 1353 341 1435 ἐγδ
359 1352 548 1432 ἀμφιβαλὼν
563 1350 700 1431 θάλαμον
714 1351 814 1433 δέμον,
831 1352 901 1434 ὄφρ’
918 1353 1078 1432 ἐτέλεσσα,

183 1455 331 1544 πυκνῇσιν
346 1454 517 1533 λιθάδεσσι,
535 1457 583 1518 καὶ
600 1455 632 1520 εά
649 1456 833 1537 καθύπερθεν
848 1448 956 1537 έρεήια,

184 1562 336 1640 κολλητὰς
355 1557 379 1623 δ’
398 1557 529 1638 ἐπέθηκα
545 1559 643 1638 θύρας,
659 1566 790 1626 πυκινῶς
806 1562 957 1641 ἀραρυίας.

185 1664 232 1725 καὶ
249 1662 309 1726 τότ’
322 1660 415 1727 ἔπειτ’
431 1661 572 1743 ἀπέκοψα
588 1663 682 1740 κόμην
697 1663 894 1744 τανυφύλλου
910 1666 1024 1741 ἐλαίης,
1083 1693 1130 1743 195

187 1771 294 1845 κορμδν
312 1764 338 1829 δ’
353 1768 385 1829 ἐκ
400 1766 483 1848 ῥίζης
502 1766 663 1845 προταμὼν
679 1765 839 1846 ἀμφέξεσα
854 1767 959 1852 χαλκῷ

183 1867 215 1931 εὖ
231 1866 280 1931 καὶ
295 1868 511 1949 ἐπισταμένως,
528 1869 576 1930 καὶ
592 1869 642 1932 ἐπὶ
658 1869 796 1947 στάθμην
809 1869 906 1944 ἴθυνα,

183 1970 277 2050 ἑρμῖν’
292 1970 440 2048 ἀσκήσας,
457 1969 632 2052 τέτρηναδέ
648 1970 745 2035 πάντα
761 1971 896 2053 τερέτρῳ.

183 2077 216 2138 ἐκ
232 2077 265 2138 δὲ
279 2081 331 2138 τοῦ
347 2077 512 2158 ἀρχόμενος
527 2073 618 2157 λέχος
636 2072 732 2152 έξεον,
747 2074 816 2156 ὄφρ’
834 2075 992 2155 ἐτέλεσσα,

183 2177 355 2243 δαιδάλλων
370 2180 471 2262 χρυσῷ
486 2204 519 2241 τε
536 2175 584 2242 καὶ
600 2178 716 2262 ἀργύρῳ
731 2178 778 2256 ἠδ’
789 2179 946 2259 ἐλέφαντι·
1081 2211 1130 2244 ιοο

182 2283 216 2344 ἐν
231 2281 257 2344 δ’
275 2281 416 2346 έτάνυσσ’
433 2279 538 2363 ἱμάντα
556 2288 631 2360 βοδς
646 2284 762 2361 φοίνικι
778 2285 913 2363 φαεινόν.

184 2386 259 2447 οὕτω
275 2411 321 2448 τοι
340 2386 408 2449 τάδε
425 2388 507 2464 σῆμα
523 2385 744 2466 πιφαύσκομαι·
769 2385 837 2448 ούδέ
850 2412 879 2449 τι
894 2387 969 2465 οἶδα,

182 2487 201 2565 ή
215 2514 267 2566 μοι
284 2486 324 2552 ἔτ’
340 2490 471 2568 ἔμπεδόν
486 2491 562 2567 ἐστι,
578 2490 674 2572 γύναι,
691 2490 791 2573 λέχος,
808 2489 842 2570 ήέ
858 2515 903 2556 τις
918 2489 973 2571 ήδη

184 2593 298 2671 ἀνδρῶν
314 2593 432 2657 άλλοσε
448 2595 531 2669 θῆκε,
547 2594 648 2673 ταμὼν
662 2595 721 2656 ύπο
737 2592 859 2673 πυθμέν’
876 2592 1010 2673 ἐλαίης.”

221 2695 284 2762 Ὣς
300 2697 389 2775 φάτο,
405 2699 458 2773 τῆς
474 2695 499 2759 δ’
517 2698 606 2760 αὐτοῦ
621 2697 695 2760 λύτο
710 2698 842 2778 γούνατα
858 2694 906 2760 καὶ
921 2699 1017 2777 φίλον
1032 2699 1112 2781 ήτορ,

182 2797 291 2879 σήματ’
307 2801 479 2885 ἀναγνούσῃ
495 2799 533 2862 τά
548 2802 577 2862 οἱ
593 2800 708 2880 έμπεδα
722 2799 851 2881 πέφραδ’
867 2800 1043 2868 Ὀδυσσεύς·
1080 2817 1128 2866 20⁶

184 2902 358 2984 δακρύσασα
373 2903 399 2967 δ’
418 2903 509 2966 ἔπειτ’
527 2903 591 2970 ίθδς
607 2903 726 2984 δράμεν,
744 2905 821 2983 ἀμφὶ
837 2907 869 2967 δὲ
883 2909 988 2987 χεῖρας

184 3009 265 3091 δειρῇ
280 3006 376 3086 βάλλ’
392 3007 528 3086 Ὀδυσῆϊ,
545 3009 619 3088 κάρη
636 3005 661 3070 δ’
676 3004 757 3071 έκυσ’
772 3007 824 3086 ἠδὲ
839 3009 1004 3088 προσηύδα·

182 3115 200 3145 “
211 3109 253 3188 μή
267 3136 326 3190 μοι,
342 3109 503 3186 Ὀδυσσεῦ,
519 3111 636 3188 σκύζευ,
653 3107 719 3174 ἐπεὶ
737 3109 775 3173 τά
789 3137 846 3191 περ
861 3111 944 3176 άλλα
958 3112 1092 3191 μάλιστα

182 3215 346 3295 ἀνθρώπων
362 3215 508 3279 πέπνυσο·
530 3211 593 3278 θεολ
610 3214 635 3278 δ’
651 3215 770 3292 ὤπαζον
785 3215 876 3292 ὀϊζύν,
1079 3246 1127 3284 210

181 3317 209 3380 οἳ
226 3324 297 3383 νῶϊν
313 3318 468 3400 ἀγάσαντο
483 3315 553 3397 παρ’
569 3316 737 3395 ἀλλήλοισι
755 3317 880 3398 μένοντε

180 3421 259 3501 ἥβης
274 3424 421 3501 ταρπῆναι
437 3421 487 3484 καὶ
500 3420 612 3502 γήραος
628 3421 714 3484 ούδδν
730 3421 856 3484 ἱκέσθαι.

181 3523 272 3603 ούτάρ
286 3524 327 3602 μὴ
343 3528 396 3587 νῦν
409 3550 461 3602 μοι
477 3526 547 3588 τάδε
561 3525 642 3606 χάεο
657 3525 732 3601 μηδὲ
747 3522 892 3604 νεμέσσα,

181 3626 287 3690 ούνεκά
303 3624 333 3688 α’
349 3626 382 3690 ού
398 3634 432 3690 τδ
448 3633 574 3708 πρῶτον,
591 3627 656 3690 ἐπεὶ
671 3629 746 3704 ἴδον,
762 3627 811 3691 ὧδ’
827 3626 980 3709 ἀγάπησα.

180 3728 239 3794 αἰεὶ
254 3729 311 3811 γάρ
325 3741 377 3809 μὀι
392 3735 482 3810 θυμδς
498 3733 544 3796 ἐνὶ
563 3729 712 3810 στήθεσσι
727 3732 867 3812 φίλοισιν
1079 3758 1125 3807 ²¹5
