2788 4230
502 328 549 396 17.
574 321 805 380 οΔυΣΣαιιΣ
831 323 861 381 ν.
1091 315 1152 402 797

207 481 454 560 εἰλαπινάζουσιν
469 485 593 548 πίνουσί
607 510 640 548 τε
655 485 765 548 αἴθοπα
781 485 864 550 οἶνον

205 589 366 667 μαψιδίως·
389 590 426 651 τὰ
442 589 474 651 δέ
490 586 593 652 πολλὰ
609 586 777 652 κατάνεται·
801 588 907 671 οὐγὰρ
924 589 971 654 ἔπ’
987 590 1071 673 άνήρ,

205 691 267 756 οἶος
283 689 451 757 Ὀδυσσεὺς
467 691 566 769 ἔσκεν,
582 692 657 773 ἀρήν
673 691 732 757 ἀπὸ
748 694 831 756 οἴκου
846 693 963 770 άμΰναι.

205 795 233 856 εί
248 792 273 857 δ’
288 794 433 860 Ὀδυσεὺς
449 796 534 859 έλθοι
550 793 598 858 καὶ
614 795 700 864 ἵκοιτ’
716 797 746 862 ἐς
763 795 888 878 πατρίδα
902 802 1000 879 γαῖαν,

205 894 284 978 αἶψά
300 924 332 962 κε
348 897 404 961 σὺν
420 895 539 983 ᾧπαιδὶ
557 899 628 978 βίας
644 899 820 963 ἀποτίσεται
836 897 981 980 ἀνδρῶν’
1100 928 1150 978 540

242 1001 305 1068 Ὣς
320 1002 409 1083 φάτο,
425 1001 607 1086 Τηλέμαχος
622 1005 655 1067 δέ
668 1003 735 1084 μέγ’
751 1004 887 1084 ἔπταρεν,
903 1005 981 1085 ἀμφὶ
997 1007 1030 1068 δέ
1045 1010 1129 1084 δῶμα

205 1107 390 1188 σμερδαλέον
407 1105 571 1188 κονάβησε·
594 1105 732 1190 γέλασσε
748 1109 780 1170 δέ
796 1109 999 1186 Πηνελόπεια,

204 1210 283 1290 αἶψα
302 1207 327 1274 δ’
342 1209 387 1290 ἄρ’
405 1211 538 1289 Εὔμαιον
553 1211 628 1274 ἔπεα
644 1210 807 1291 πτερόεντα
821 1212 986 1292 προσηύδα·

203 1319 222 1349 “
232 1314 322 1396 ἔρχεό
336 1340 398 1392 μοι,
414 1320 466 1378 τὸν
482 1312 581 1392 ξεῖνον
596 1315 730 1379 ἐναντίον
746 1317 802 1380 ὧδε
819 1313 981 1380 κάλεσσαν.

203 1416 258 1500 οὐχ
275 1416 366 1502 ὁράᾳς
382 1419 400 1480 ό
413 1444 464 1497 μοι
480 1419 542 1483 υἱὸς
558 1418 708 1498 ἐπέπταρε
723 1421 818 1483 πᾶσιν
833 1419 943 1483 ἔπεσσι
959 1445 970 1494 ,·
1102 1449 1148 1498 545

201 1523 242 1604 τῷ
255 1547 288 1585 κε
305 1518 352 1584 καὶ
368 1521 420 1585 οὐκ
436 1521 545 1599 ἀτελὴς
562 1521 690 1587 θάνατος
703 1526 874 1602 μνηστῆρσι
888 1521 1008 1605 γένοιτο

203 1628 279 1688 πᾶσι
294 1623 376 1704 μάλ’,
393 1624 461 1689 οὐδέ
477 1624 510 1688 κέ
524 1649 569 1690 τις
584 1622 713 1688 θάνατον
729 1623 777 1689 καὶ
796 1630 887 1707 κῆρας
902 1625 1017 1706 ἀλύξει.

202 1728 281 1790 ἄλλο
298 1727 331 1791 δέ
345 1754 392 1791 τοι
407 1728 488 1809 ἐρέω,
505 1728 543 1792 σὺ
559 1728 584 1792 δ’
601 1725 644 1790 ἐνὶ
660 1727 752 1808 φρεσὶ
767 1729 886 1806 βάλλεο
906 1733 1010 1816 σῇσιν·

201 1831 234 1892 αἴ
248 1829 273 1893 κ’
290 1831 380 1895 αὐτὸν
395 1833 482 1912 γνώω
498 1830 644 1912 νημερτέα
659 1830 745 1896 πάντ’
762 1831 919 1908 ἐνέποντα,

201 1935 286 1998 ἐσσω
301 1961 353 2014 μιν
368 1934 498 2016 χλαῖνάν
513 1961 546 1998 τε
561 1934 674 2018 χιτῶνά
689 1961 732 2012 τε,
749 1937 855 2013 εἵματα
871 1933 979 1999 καλά.”
1097 1963 1147 2013 550

238 2037 301 2104 Ὣς
318 2039 408 2119 φάτο,
423 2040 465 2118 βῆ
482 2039 515 2102 δὲ
531 2039 698 2119 συφορβός,
715 2037 780 2101 ἐπεὶ
794 2038 848 2102 τὸν
862 2043 955 2119 μῦθον
971 2039 1110 2118 ἄκουσεν,

201 2139 297 2220 ἀγχοῦ
312 2136 337 2201 δ’
355 2137 513 2216 ἱστάμενος
529 2136 603 2200 ἔπεα
619 2137 779 2214 πτερόεντα
794 2138 958 2218 προσηύδα·

201 2246 222 2276 “
232 2241 312 2320 ξεῖνε
328 2239 431 2320 πάτερ,
448 2240 550 2306 καλέει
566 2267 602 2304 σε
617 2240 771 2321 περίφρων
787 2243 992 2321 Πηνελόπεια,

199 2343 295 2426 μήτηρ
309 2345 514 2428 Τηλεμάχοιο·
537 2345 733 2423 μεταλλῆσαί
743 2346 774 2409 τί
790 2349 804 2409 ἐ
821 2350 913 2424 θυμὸς

200 2447 278 2529 ἀμφὶ
291 2450 383 2513 πόσει
399 2449 529 2528 κέλεται,
546 2447 594 2512 καὶ
611 2447 700 2527 κήδεά
716 2475 771 2530 περ
787 2453 946 2536 πεπαθυίῃ.
1098 2478 1145 2528 555

201 2552 276 2616 εἶδέ
292 2553 325 2618 κε’
341 2578 377 2617 σε
393 2553 475 2638 γνόῃ
493 2551 641 2634 νημερτέα
656 2551 743 2618 πάντ’
761 2551 915 2629 ἐνέποντα,

198 2656 285 2720 ἕσσει
301 2682 338 2720 σε
352 2655 484 2740 χλαῖνάν
499 2683 532 2720 τε
547 2656 660 2740 χιτῶνά
676 2683 718 2732 τε,
734 2663 792 2721 τῶν
812 2657 850 2720 σὺ
864 2657 999 2736 μάλιστα

199 2759 340 2841 χρηΐζεις·
365 2766 450 2824 σῖτον
466 2763 499 2824 δὲ
515 2762 563 2824 καὶ
579 2760 699 2838 αίτίζων
716 2763 790 2824 κατὰ
805 2765 898 2839 δῆμον

198 2864 329 2946 γαστέρα
344 2862 521 2945 βοσκήσεις·
543 2864 635 2928 δύσει
651 2863 743 2928 δέπαι
758 2866 792 2930 ὅς
808 2865 833 2928 κ’
849 2863 1004 2951 ἐθέλῃσι.”

241 2969 302 3032 Τὸν
318 2967 343 3031 δ’
359 2967 429 3031 αθτε
444 2966 607 3046 προσέειπε
622 2968 776 3034 πολύτλας
790 2973 852 3032 δῖος
867 2967 1046 3036 Ὀδυσσεύς·
1096 2981 1145 3046 560

198 3075 216 3103 “
227 3071 343 3152 Εὔμαι’,
358 3072 438 3153 αἶψά
454 3071 479 3134 κ’
498 3071 556 3152 ἐγὼ
573 3071 718 3152 νημερτέα
732 3071 820 3136 πάντ’
836 3071 971 3151 ἐνέποιμι

198 3175 286 3262 κούρῃ
300 3176 450 3256 Ἰκαρίοιο,
466 3175 626 3258 περίφρονι
642 3177 843 3260 Πηνελοπείῃ·

197 3279 264 3342 οἶδα
280 3282 338 3362 γὰρ
354 3279 386 3344 εὖ
401 3280 469 3360 περὶ
486 3280 594 3362 κείναν,
610 3279 686 3358 ὁμὴν
701 3279 727 3342 δ’
743 3278 915 3361 ἀνεδέγμεθ’
933 3280 1021 3357 ὀϊζύν.

199 3381 281 3446 ἀλλὰ
295 3381 476 3465 μνηστήρων
490 3388 636 3466 χαλεπῶν
650 3384 795 3448 ὑποδείδι’
811 3384 928 3466 ὅμιλον,

196 3493 257 3550 τῶν
271 3488 359 3568 ὕβρις
373 3512 406 3552 τε
421 3489 475 3565 βίη
491 3512 524 3551 τε
540 3487 680 3567 σιδήρεον
696 3486 822 3568 οὗρανδν
837 3491 907 3553 ἵκει.
1095 3502 1142 3568 565

197 3593 319 3673 καὶγὰρ
336 3595 396 3666 νῦν,
413 3593 462 3656 ὅτε
477 3591 507 3672 μ’
522 3591 608 3657 οὗτος
623 3589 698 3673 άνηρ
714 3594 789 3655 κατὰ
804 3597 887 3671 δῶμα
903 3595 1005 3658 κιόντα

196 3693 231 3756 ού
246 3720 275 3758 τι
291 3693 382 3758 κακδν
395 3693 522 3777 ῥέξαντα
536 3696 646 3776 βαλὼν
660 3695 804 3782 ὀδύνῃσιν
820 3696 938 3774 ἔδωκεν,
