2874 4234
287 329 351 402 ιιι
577 337 606 404 7.
636 323 870 385 οιννναιιν
902 325 942 385 ιι.

286 496 428 578 χείματος
444 494 513 557 ούδέ
528 492 640 575 θέρευς,
657 491 824 572 ἐπετήσιος·
869 491 952 556 ἀλλὰ
964 491 1036 572 μάλ’
1051 495 1110 557 αῖεὶ

286 597 417 678 Ζεφυρίη
434 599 578 662 πνείουσα
593 595 630 660 τά
644 600 700 677 μὲν
715 596 796 677 φύει,
813 595 895 658 ἄλλα
909 597 942 658 δὲ
957 594 1077 660 πέσσει.

287 703 381 781 ὄγχνη
398 698 444 764 ἔπ’
459 702 555 786 ὄγχνῃ
569 699 724 781 γηράσκει,
740 704 839 779 μῆλον
855 697 879 764 δ’
895 701 945 763 ἐπὶ
960 698 1057 784 μήλῳ,
1189 726 1234 762 120

286 803 377 883 αὐτὰρ
394 805 444 868 ε’πὶ
461 805 603 889 σταφυλῇ
621 802 772 885 σταφυλή,
788 809 882 868 σῢκον
896 801 921 866 δ’
937 805 987 867 ἐπὶ
1003 803 1093 888 σύκῳ.

285 909 357 971 ένθα
373 905 406 970 δέ
419 909 448 970 οἱ
463 907 655 986 πολύκαρπος
670 905 754 985 ἀλωὴ
770 906 933 986 ἐρρίζωται,

286 1015 338 1088 τῆς
353 1009 453 1091 ἕτερον
469 1011 524 1090 μὲν
540 1011 717 1074 θειλόπεδον
731 1009 829 1094 λευρῷ
846 1010 891 1072 ένὶ
904 1011 992 1094 χώρῳ

285 1116 421 1194 τέρσεται
437 1114 539 1197 ἠελίῳ,
557 1113 658 1194 ἑτέρας
674 1111 699 1175 δ’
715 1113 771 1194 άρα
786 1138 819 1177 τε
835 1114 1009 1194 τρυγόωσιν,

285 1218 383 1285 ἄλλος
399 1220 431 1281 δὲ
447 1215 621 1298 τραπέουσι·
644 1215 769 1298 πάροιθε
784 1214 816 1280 δέ
829 1215 855 1279 τ’
870 1216 1100 1298 ὄμφακέςείσιν
1186 1243 1234 1292 1²5

285 1321 375 1387 ὄνθος
391 1323 542 1403 ἀφιεῖσαι,
557 1321 656 1401 έτεραι
672 1318 698 1384 δ’
711 1321 978 1401 ὑποπερκάζουσιν.

286 1427 357 1489 ἔνθα
373 1428 406 1490 δὲ
423 1426 569 1504 κοσμηταὶ
584 1424 711 1505 πρασιαὶ
727 1423 807 1504 παρὰ
821 1425 939 1488 νείατον
955 1426 1047 1508 ὄρχον

285 1533 426 1592 παντοῖαι
441 1528 607 1608 πεφύασιν,
622 1528 787 1606 έπηετανδν
801 1529 964 1609 γανόωσαι·

285 1633 318 1697 ἓν
333 1634 366 1695 δὲ
381 1631 439 1695 δύω
456 1633 560 1712 κρῆναι
575 1631 593 1709 ἡ
608 1631 664 1710 μέν
681 1629 705 1693 τ’
722 1632 779 1694 άνδ
795 1633 891 1707 κῆπον
906 1630 1023 1694 ἅπαντα

285 1736 452 1812 σκίδναται,
466 1736 484 1814 ή
502 1733 526 1798 δ’
544 1735 687 1815 ἑτέρωθεν
701 1733 750 1798 ὑπ’
765 1735 858 1811 αὐλῆς
874 1734 962 1799 ούδδν
977 1736 1042 1812 ἵησι
1188 1763 1236 1812 130

285 1845 359 1920 πρὸς
374 1840 466 1918 δόμον
480 1840 612 1920 ύφηλόν,
628 1840 699 1903 ὄθεν
713 1839 869 1919 ὑδρεύοντο
885 1843 1018 1901 πολῖται.

286 1941 342 2006 τοῖ’
357 1941 402 2023 ἄρ’
420 1946 452 2008 έν
466 1941 639 2008 Ἀλκινόοιο
656 1949 732 2006 θεῶν
747 1943 822 2005 έσαν
838 1941 938 2023 όγλαδ
953 1947 1041 2024 δῶρα.

328 2045 424 2110 Ἔνθα
440 2050 514 2112 στὰς
530 2051 630 2124 θηεῖτο
646 2047 800 2112 πολύτλας
815 2051 877 2111 δῖος
891 2044 1068 2114 Ὀδυσσεύς.

286 2149 378 2231 αὐτὰρ
394 2147 459 2214 έπεὶ
474 2149 511 2230 δὴ
526 2148 623 2215 πάντα
639 2153 678 2234 έῷ
695 2149 828 2228 θηήσατο
844 2151 937 2232 θυμῷ,

286 2255 482 2334 καρπαλίμως
497 2256 572 2335 ὑπὲρ
588 2254 677 2318 οὐδὸν
692 2252 824 2331 ἐβήσετο
840 2253 974 2331 δόματος
990 2255 1071 2317 εἴσω.
1188 2280 1234 2328 135

287 2359 354 2439 εὗρε
369 2359 401 2420 δὲ
417 2356 558 2436 Φαιήκων
571 2355 719 2438 ἡγήτορας
734 2356 787 2434 ἠδὲ
802 2356 946 2436 μέδοντας

289 2463 471 2528 σπένδοντας
487 2459 654 2525 δεπάεσσιν
670 2461 810 2544 έϋσκόπῳ
827 2461 1018 2546 ἆργειφόντῃ,

289 2563 312 2649 ᾧ
328 2564 451 2648 πυμάτῳ
468 2563 665 2640 σπένδεσκον,
681 2564 732 2627 ὄτε
746 2564 914 2642 μνησαίατο
931 2565 1038 2629 κοίτου.

290 2668 381 2748 αὐτὰρ
396 2671 412 2731 ό
427 2671 471 2749 βῆ
487 2670 536 2730 διδ
552 2672 635 2746 δῶμα
650 2666 803 2735 πολύτλας
819 2673 879 2733 δῖος
893 2665 1071 2747 Ὀδυσσεύς,

289 2774 410 2850 πολλὴν
425 2769 485 2852 ἠέρ’
501 2772 591 2853 ἔχων,
605 2770 642 2848 ἥν
658 2772 687 2834 οἱ
702 2773 860 2853 περίχευεν
874 2770 996 2852 Ἀθήνη,
1188 2799 1237 2849 ¹40

291 2874 359 2958 ὄφρ’
374 2873 445 2939 ἵκετ’
459 2871 587 2952 Ἀρήτην
603 2899 635 2938 τε
652 2875 700 2937 καὶ
715 2873 874 2939 Ἀλκίνοον
889 2880 1038 2955 βασιλῆα.

291 2981 368 3060 ἀμφὶ
383 2976 409 3042 δ’
424 2974 468 3058 ἄρ’
482 2976 608 3058 Ἀρήτης
624 2977 705 3058 βάλε
720 2979 848 3060 γούνασι
863 2985 968 3061 χεῖρας
983 2978 1160 3056 Ὀδυσσεύς,

290 3081 338 3146 καὶ
354 3083 422 3145 τότε
437 3079 473 3159 δή
488 3079 513 3163 ῤ’
529 3081 629 3144 αι’ντοῖο
644 3081 739 3144 πόλιν
753 3080 828 3162 χύτο
844 3082 998 3163 θέσφατος
1013 3081 1078 3162 όιήρ.

290 3187 318 3247 οῖ
335 3182 361 3248 δ’
375 3184 452 3268 άνεῳ
468 3186 607 3267 ἐγένοντο
623 3186 715 3264 δόμον
731 3184 807 3249 κάτα
822 3192 909 3266 φῶτα
925 3187 1049 3265 ἰδόντες,

290 3288 441 3367 θαύμαζον
456 3287 482 3351 δ’
497 3289 650 3370 ὁρόωντες·
674 3290 690 3350 ό
706 3291 738 3352 δὲ
754 3287 910 3354 λιτάνευεν
923 3287 1100 3357 Ὀδυσσεύς·
1192 3319 1236 3369 ¹45

334 3397 349 3424 “
361 3390 481 3473 Ἀρήτη,
498 3394 625 3474 θύγατερ
638 3389 815 3473 Ῥηξήνορος
831 3394 988 3466 ἀντιθέοιο,

293 3497 349 3559 σόν
364 3520 398 3559 τε
412 3495 505 3559 πόσιν
521 3496 562 3559 σά
577 3521 610 3561 τε
625 3494 745 3579 γούναθ’
763 3499 853 3561 ἱκάνω
869 3500 971 3561 πολλὰ
986 3495 1134 3580 μογήσας,

291 3600 400 3663 τούσδε
414 3624 448 3664 τε
463 3601 649 3678 δαιτυμόνας,
665 3605 766 3665 τοῖσιν
781 3596 843 3664 θεοὶ
859 3602 953 3678 ὄλβια
969 3606 1050 3666 δοῖεν

292 3702 444 3784 ζωέμεναι,
461 3701 509 3767 καὶ
524 3700 630 3768 παισὶν
645 3703 835 3785 ἐπιτρέψειεν
850 3704 977 3771 ἕκαστος
