2746 4228
284 331 325 390 42
620 308 649 377 ν’.
674 315 843 376 ΙΛΙΑΔΟΣ
867 317 901 377 Β.

283 483 362 564 αἶψα
377 483 409 546 δέ
425 483 497 559 νῆας
518 479 619 560 ἔπηξε,
636 481 732 546 πολὺν
746 483 771 546 δ’
788 484 856 566 ὅγε
874 482 950 547 λαὸν
965 484 1086 565 ἀγείρας

281 588 323 665 βῆ
340 585 460 668 φεύγων
475 586 525 650 ἐπὶ
548 586 668 649 πόντον·
692 587 864 666 ἀπείλησαν
877 586 935 670 γάρ
950 589 980 650 οῖ
999 587 1091 650 ἄλλοι
1171 600 1216 661 665

281 688 359 756 υῖέες
373 689 477 753 υἱωνοί
490 712 523 751 τε
537 689 610 768 βίης
624 687 836 769 Ἡρακληείης.

282 793 373 873 αὐτὰρ
389 794 407 855 ό
421 791 448 875 γ’
462 796 493 858 ἐς
507 791 612 856 Ῥόδον
626 790 690 870 ίξεν
706 793 868 871 ὀλόμενος,
885 793 982 876 άλγεα
996 791 1133 876 πάσχων·

281 899 389 980 τριχθὰ
404 899 437 960 δέ
452 894 566 981 ᾤκηθεν
581 896 802 976 καταφυλαδόν,
817 896 861 974 ἠδ’
878 897 1025 976 ἐφίληθεν

281 1000 314 1061 ἐκ
331 1000 414 1072 Διός,
430 999 464 1065 ὅς
477 1024 511 1063 τε
526 1003 623 1062 θεοῖσι
639 998 687 1061 καὶ
703 998 906 1079 ἀνθρώποισιν
921 996 1058 1076 ἀνάσσει,

281 1101 331 1163 καί
345 1109 422 1182 σφιν
436 1101 602 1166 θεσπέσιον
615 1106 748 1165 πλοῦτον
764 1098 906 1183 κατέχευε
921 1102 1066 1181 Κρονίων.
1169 1103 1200 1176 6ή

322 1204 432 1285 Νιρεὺς
447 1203 484 1266 οῦ
499 1203 636 1284 Σύμηθεν
651 1204 707 1286 άγε
721 1209 799 1286 τρεῖς
815 1208 888 1283 νῆας
902 1202 996 1283 ἐίσας,

281 1306 391 1388 Νιρεὺς
406 1303 553 1388 Ἀγλαΐης
568 1305 631 1372 υίὸς
646 1306 803 1388 Χαρόποιό
817 1305 841 1369 τ’
858 1307 993 1379 άνακτος,

280 1410 399 1490 Νιρεύς,
416 1407 450 1474 δς
464 1407 630 1475 κάλλιστος
644 1410 718 1491 ἀνὴρ
733 1409 791 1474 ὑπὸ
803 1409 900 1475 Ἴλιον
915 1410 991 1490 ἦλθε

279 1518 337 1576 τῶν
352 1513 456 1575 ἀλλων
472 1518 600 1576 Δαναῶν
614 1513 678 1592 μετ’
695 1513 829 1593 ἀμύμονα
843 1512 1015 1594 Πηλείωνα·

279 1614 348 1680 ἀλλ’
366 1615 538 1681 ἀλαπαδνὸς
553 1616 614 1693 ἐην,
629 1620 741 1698 παῦρος
756 1616 789 1681 δέ
804 1619 832 1681 οί
848 1619 949 1681 εἵπετο
963 1617 1048 1681 λαός.
1168 1620 1210 1690 675

320 1719 361 1782 Οῖ
376 1719 400 1782 δ’
418 1719 475 1800 ἄρα
489 1719 625 1799 Νίσυρόν
639 1719 664 1781 τ’
683 1719 769 1803 εῖχον
784 1718 946 1800 Κράπαθόν
960 1745 993 1784 πε
1008 1717 1112 1782 Κάσον
1128 1743 1160 1782 τε

277 1823 326 1886 καὶ
342 1826 411 1886 Κῶν
426 1822 614 1904 Εὐρυπύλοιο
629 1822 721 1886 πόλιν
736 1821 846 1902 νήσους
860 1849 894 1888 τε
910 1823 1076 1895 Καλύδνας,

277 1932 335 1991 τῶν
351 1926 387 1988 αῦ
402 1926 568 1991 Φείδιππός
583 1950 616 1989 τε
631 1927 680 1989 καὶ
692 1924 838 2007 Ἀντιφος
852 1925 1043 2009 ἡγησάσθην,

277 2033 444 2094 Θεσσαλοῦ
459 2029 505 2092 υῖε
519 2028 577 2092 δύω
592 2027 795 2109 Ἡρακλεΐδαο
811 2029 946 2096 ἄνακτος·

275 2138 338 2199 τοῖς
353 2135 386 2196 δέ
401 2130 559 2214 τριήκοντα
572 2133 726 2214 γλαφυραὶ
742 2131 807 2199 νέες
823 2134 1018 2216 ἐστιχόωντο.
1166 2147 1217 2196 680

318 2241 384 2300 Νῦν
399 2236 436 2298 αῦ
451 2235 519 2302 τοὺς
534 2237 625 2299 όσσοι
640 2235 674 2299 τὸ
690 2236 887 2320 Πελασγικὸν
900 2236 1011 2321 Ἀργος
1027 2235 1135 2309 ἔναιον,

276 2341 306 2403 σί
319 2339 344 2401 τ’
357 2337 454 2403 Ἀλον
469 2341 501 2402 οί
513 2339 537 2401 τ’
553 2339 691 2418 Ἀλόπην
707 2343 737 2404 οἵ
750 2366 782 2406 τε
796 2339 922 2426 Τρηχῖν’
937 2341 1087 2422 ἐνέμοντο,

276 2445 306 2506 οί
319 2441 344 2504 τ’
361 2443 446 2524 εῖχον
460 2443 558 2520 Φθίην
573 2440 619 2521 ἠδ’
634 2441 772 2508 Ἑλλάδα
787 2445 1013 2528 καλλιγύναικα,

276 2545 464 2626 Μυρμιδόνες
478 2547 512 2609 δέ
527 2551 671 2611 καλεῦντο
687 2549 736 2612 καὶ
747 2546 898 2628 Ἕλληνες
913 2548 962 2611 καὶ
975 2547 1107 2630 Ἀχαιοί,

275 2655 334 2714 τῶν
349 2648 385 2711 αῦ
399 2646 585 2728 πεντήκοντα
602 2656 677 2714 νεῶν
692 2651 729 2730 ἦν
744 2652 836 2735 ἀρχὸς
850 2651 1022 2734 Ἀχιλλεύς.
1165 2663 1214 2726 685

275 2751 344 2814 ἀλλ’
362 2753 392 2815 οί
405 2751 432 2834 γ’
451 2753 484 2816 οῦ
500 2752 645 2832 πολέμοιο
661 2753 809 2837 δυσηχέος
825 2755 984 2833 ἐμνώοντο·

275 2856 380 2939 οὐγὰρ
397 2856 449 2935 ἔην
465 2857 498 2923 ὅς
512 2857 558 2923 τίς
574 2865 650 2938 σφιν
665 2859 715 2922 ἐπὶ
731 2859 839 2939 στίχας
853 2855 1011 2941 ἡγήσαιτο·

274 2965 354 3023 κεῖτο
368 2963 426 3042 γάρ
442 2963 475 3025 ἐν
490 2959 598 3039 νήεσσι
614 2959 762 3040 ποδάρκης
777 2965 840 3026 δῖος
855 2960 1026 3044 Ἀχιλλεύς,

274 3062 379 3144 κούρης
393 3065 546 3148 χωόμενος
562 3061 721 3145 Βρισηΐδος
735 3062 886 3143 ἠϋκόμοιο,

273 3168 328 3247 τὴν
342 3171 375 3230 ἐκ
390 3171 569 3250 Λυρνησσοῦ
584 3163 718 3242 ἐξείλετο
733 3170 837 3229 πολλὰ
850 3164 995 3249 μογήσας,
1163 3182 1213 3244 690

273 3269 452 3353 Λυρνησσὸν
467 3264 672 3348 διαπορθήσας
688 3267 737 3330 καὶ
751 3269 855 3352 τείχεα
870 3267 989 3348 Θήβης,

274 3378 327 3438 κάδ
343 3378 377 3438 δέ
393 3371 507 3449 Μύνητ’
524 3371 640 3449 ἔβαλεν
655 3372 703 3435 καί
717 3369 930 3452 Ἐπίστροφον
946 3373 1176 3456 ἐγχεσιμώρους,

272 3477 353 3542 υἱέας
368 3475 496 3552 Εὐηνοῖο
512 3473 703 3552 Σεληπιάδαο
722 3473 858 3540 ἀνακτος·

272 3583 324 3658 τῆς
339 3580 407 3659 ὅγε
422 3575 492 3640 κεῖτ’
509 3575 617 3659 ἀχέιυν,
634 3575 713 3660 τάχα
729 3575 755 3640 δ’
772 3575 980 3655 ἀνστήσεσθαι
996 3579 1134 3657 ἔμελλεν.

315 3679 355 3741 Οῖ
370 3677 395 3741 δ’
413 3679 497 3762 εῖχον
512 3679 656 3758 Φυλάκην
671 3681 719 3744 καὶ
735 3680 879 3762 Πύρασον
894 3682 1084 3762 ἀνθεμόεντα,
1162 3695 1211 3758 ⁶9⁵
