2760 4232
566 316 713 416 κιιιιοι.

588 604 699 681 XVI.

481 797 542 875 Εἰς
567 793 807 893 Ἀσκληπιόν.

210 961 328 1043 Ἰητῆρο
344 963 444 1028 νόσων
457 961 646 1043 Ἀσκληπιὸν
662 962 768 1046 ἄρχομ’
784 965 903 1040 ἀείδειν,

168 1068 234 1129 υἱὸν
248 1063 455 1146 Ἀπόλλωνος,
472 1074 525 1132 τὸν
541 1069 677 1148 ἐγείνατο
694 1073 742 1132 δῖα
758 1065 889 1150 Κορωνὶς

169 1172 275 1255 Δωτίῳ
292 1172 324 1235 έν
338 1173 440 1255 πεδίῳ,
457 1172 545 1253 κούρη
560 1173 700 1254 Φλεγύου
713 1176 877 1251 βασιλῆος,

167 1272 268 1355 χάρμα
282 1271 349 1355 μέγ’
365 1275 559 1355 ἀνθρώποισι,
576 1280 674 1340 κακῶν
689 1275 825 1358 θελκτῆρ’
843 1274 985 1340 ὀδυνάων.

212 1375 271 1440 Καὶ
286 1378 326 1441 σὺ
340 1379 395 1456 μὲν
410 1379 487 1442 οὕτω
502 1384 598 1462 χοῖρε,
615 1377 700 1458 ἄναξ·
727 1378 847 1460 λίτομαι
863 1379 896 1443 δέ
911 1376 941 1441 α’
956 1380 1051 1465 ἀοιδῇ.
1103 1409 1115 1444 κ
1146 1389 1149 1397 “

584 1673 715 1747 XVII.

468 1859 528 1937 Εἰς
554 1860 815 1959 Διοσκούρους.

213 2025 355 2106 Κάστορα
371 2027 419 2089 καὶ
435 2023 618 2090 Πολυδεύκέ
633 2026 745 2103 ἀείσεο,
762 2031 873 2089 Μοῦσα
888 2028 998 2110 λίγεια,

169 2131 361 2211 Τυνδαρίδας,
376 2129 404 2192 οδ
420 2133 517 2204 Ζηνὸς
531 2130 702 2209 Ὀλυμπίου
718 2127 899 2212 ἐξεγένοντο·

169 2233 238 2300 τοὺς
253 2233 311 2297 ὑπὸ
327 2232 482 2315 Ταϋγέτου
498 2233 629 2319 κορυφῇς
645 2232 711 2297 τέκε
726 2233 835 2297 πότνια
849 2232 932 2312 Λήδη

169 2335 267 2422 λάθρῃ
282 2339 489 2416 ὑποδμηθεῖσα
505 2337 679 2418 κελαινεφέϊ
696 2337 852 2417 Κρονίωνι.

213 2443 351 2520 Χαίρετε,
367 2441 556 2521 Τυνδαρίδαι,
571 2440 690 2523 ταχέων
704 2439 883 2521 ἐπιβήτορες
905 2442 1013 2506 ἵππων.
1103 2469 1116 2517 5

570 2733 724 2808 XVIII.

522 2923 583 3001 οῖς
608 2918 756 3023 Ἑρμῆν.

214 3089 327 3172 Ἑρμῆν
343 3092 433 3155 ἀείδω
450 3090 631 3168 Κυλλήνιον,
646 3089 878 3173 Ἀργειφόντην,

173 3193 333 3273 Κυλλήνης
347 3193 491 3274 μεδέοντα
506 3191 554 3256 καὶ
569 3191 727 3274 Ἀρκαδίης
743 3191 929 3270 πολυμήλου,

171 3297 304 3380 ἄγγελον
320 3297 475 3361 ἀθανάτων
491 3295 646 3378 ἐριούνιον,
663 3295 698 3360 δν
713 3295 781 3360 τέκε
797 3299 883 3358 Μαῖα

167 3399 333 3467 Ἀτλαντος
349 3402 479 3483 θυγάτηρ
496 3400 571 3467 Διὸς
587 3403 619 3463 ἔν
635 3401 779 3481 φιλότητι
795 3405 932 3482 μιγεῖσα,

172 3507 277 3585 αἰδοίη·
299 3506 440 3587 μακάρων
454 3509 488 3569 δὲ
504 3509 581 3570 θεῶν
597 3503 734 3568 ἀλέεινεν
749 3505 858 3582 ὅμιλον

171 3608 267 3692 ἀντρῳ
284 3607 463 3673 ναιετάουσα
478 3609 640 3693 παλισκίῳ·
663 3608 737 3671 ἔνθα
753 3609 888 3688 Κρονίων

472 3743 571 3794 xv111.
589 3762 606 3808 4
622 3744 663 3794 hic
674 3744 758 3793 deficit
770 3743 805 3794 M.
