2848 4296
509 345 560 390 21.
585 330 755 389 ΙΛΙΑΔΟΣ
778 330 816 388 Φ.
1070 351 1138 411 419

182 502 235 559 ποῖ
249 492 276 560 δ’
291 494 345 578 ἔχε
357 492 506 578 θυγατέρα
519 496 667 578 Πρίαμος,
683 497 802 564 πολλὰς
818 499 850 562 δέ
867 499 915 560 καὶ
931 499 1038 566 ἄλλος·

182 604 235 678 τῆς
250 601 284 662 δὲ
299 598 359 662 δύω
375 599 560 680 γενόμεσθα,
577 597 616 662 σὺ
632 599 657 664 δ’
675 600 769 682 άμφω
785 600 1020 683 δειροτομήσεις.

183 701 202 780 ἦ
219 728 266 766 τοι
282 701 335 765 τδν
349 703 497 782 πρώτοισι
511 704 588 780 μετὰ
602 703 771 784 πρυλέεσσι
786 704 953 783 δάμασσας,

183 807 321 870 ἀντίθεον
336 805 529 885 Πολύδωρον,
548 807 615 869 ἐπεὶ
630 805 729 885 βάλες
744 805 809 886 ὀξέϊ
824 808 916 888 δουρί·

184 914 235 974 νῖν
250 910 283 972 δὲ
299 909 336 987 δὴ
353 907 451 972 ἐνθάδ’
469 909 536 988 ἐμοὶ
552 908 644 972 κακδν
660 910 794 974 ἔσσεται·
826 909 932 993 οὐγὰρ
947 909 1001 974 όίω

184 1017 242 1078 σδς
256 1018 360 1095 χεῖρας
376 1009 554 1093 φεύξεσθαι,
571 1013 639 1076 ἐπεί
652 1013 678 1095 ῥ’
695 1012 853 1078 ἐπέλασσέ
866 1041 902 1098 γε
918 1015 1041 1094 δαίμων.

184 1119 264 1180 ἄλλο
280 1115 313 1180 δέ
327 1141 374 1180 τοι
390 1115 472 1197 ἐρέω,
490 1113 571 1182 σὺ,δ’
588 1115 632 1181 ἐνὶ
649 1117 741 1198 φρεσὶ
756 1117 877 1198 βάλλεο
893 1120 987 1205 σῇσι,

183 1219 223 1299 μή
239 1246 277 1299 με
292 1218 392 1296 κτεῖν’,
408 1220 474 1283 ἐπεὶ
488 1219 544 1301 οὐχ
561 1219 762 1301 ὁμογάστριος
774 1219 918 1301 Ἕκτορός
935 1223 1003 1301 εἶμι,
1097 1247 1130 1298 95

184 1324 218 1388 ὅς
232 1348 279 1386 τοι
294 1327 413 1402 ἑταῖρον
423 1322 560 1403 ’ἔπεφνεν
576 1322 665 1401 ἐνηέα
679 1349 714 1388 τε
730 1325 872 1405 κρατερόν
886 1323 948 1388 τε.”

223 1425 284 1491 Ὠς
300 1425 357 1505 άρα
371 1451 422 1504 μιν
438 1424 588 1505 Πριάμοιο
604 1427 760 1506 προσηύδα
775 1427 917 1506 φαίδιμος
932 1427 996 1494 υἱὸς

184 1531 368 1608 λισσόμενος
384 1526 536 1605 ἐπέεσσιν,
555 1531 728 1608 ἀμείλικτον
743 1530 768 1594 δ’
785 1530 833 1596 ὄπ’
850 1531 971 1595 άκουσε·

186 1639 203 1667 “
214 1631 310 1710 νήπιε,
325 1629 366 1711 μή
380 1658 433 1709 μοι
448 1631 559 1696 ἄποινα
574 1634 745 1714 πιφαύσκεο
760 1633 827 1713 μηδ’
844 1634 978 1715 ἀγόρευε·

184 1737 255 1816 πρὶν
268 1738 324 1815 μὲν
339 1737 396 1816 γὰρ
414 1733 593 1817 Πάτροκλον
608 1739 751 1800 ἐπισπεῖν
767 1739 890 1815 αίσιμον
906 1736 993 1819 ἦμαρ,
1084 1765 1131 1800 ιοο

184 1838 283 1918 τόφρα
297 1839 327 1900 τί
340 1863 392 1917 μοι
408 1837 592 1919 πεφιδέσθαι
608 1837 652 1904 ἐνὶ
669 1841 760 1920 φρεσὶ
775 1841 921 1920 φίλτερον
937 1839 991 1918 ἦεν

183 1941 303 2021 Τρόων,
320 1942 368 2005 καὶ
385 1941 517 2007 πολλοὺς
533 1941 623 2018 ζωοὺς
640 1943 712 2006 έλον
727 1942 771 2021 ἠδ’
788 1944 956 2025 ἐπέρασσα·

185 2039 276 2104 τοῖνδ’
294 2040 346 2103 ούκ
363 2041 427 2104 ἐσθ’
445 2043 478 2107 ὅς
493 2068 539 2108 τις
551 2040 680 2106 θάνατον
696 2042 788 2128 φύγῃ,
803 2044 839 2108 όν
855 2070 888 2108 κε
903 2043 1023 2125 θεόςγε

183 2144 278 2209 Ἰλίου
293 2143 495 2228 προπάροιθεν
510 2146 582 2231 ἐμῇς
598 2148 631 2212 ἐν
646 2148 736 2229 χερσὶ
751 2144 880 2233 βάλῃσι,

185 2252 234 2314 καὶ
250 2249 370 2316 πάντων
383 2251 503 2332 Τρόων,
516 2249 584 2332 πέρι
599 2248 626 2316 δ’
642 2250 679 2317 αῖ
694 2250 846 2333 Πριάμοιό
860 2277 896 2332 γε
912 2253 1035 2316 παίδων.
1084 2277 1129 2326 ιο5

186 2353 276 2427 ἆλλά,
293 2356 393 2436 φίλος,
410 2352 483 2421 θάνε
499 2356 547 2418 καὶ
563 2356 610 2418 σύ·
644 2357 690 2434 τίη
707 2356 872 2438 ὀλοφύρεαι
889 2356 1006 2429 ούτως;

186 2457 313 2523 κάτθανε
328 2459 376 2522 καὶ
392 2458 578 2541 Πάτροκλος,
594 2462 612 2522 ό
628 2486 683 2541 περ
699 2458 754 2522 σέο
770 2461 889 2526 πολλὸν
905 2461 1043 2542 ἀμείνων.

186 2561 241 2644 ούχ
257 2561 348 2646 ὁράᾳς
362 2564 425 2628 οἶος
441 2564 490 2626 καὶ
506 2564 565 2645 ἐγὼ
582 2565 673 2629 καλός
689 2589 722 2628 τε
736 2562 830 2646 μέγας
844 2589 899 2637 τε,Ι

186 2667 296 2748 πατρὸς
314 2665 341 2731 δ’
357 2668 414 2746 εἶμ’
432 2668 567 2749 ἀγαθοῖο,
584 2670 639 2732 θεὰ
654 2666 688 2730 δέ
702 2694 740 2748 με
755 2669 878 2751 γείνατο
891 2667 998 2748 μήτηρ·

186 2771 257 2834 ἁλλ’
270 2772 320 2836 ἐπι
335 2797 382 2835 τοι
398 2773 446 2836 καὶ
460 2772 526 2850 ἐμοὶ
542 2770 670 2837 θάνατος
686 2774 735 2836 καὶ
750 2777 840 2853 μοῖρα
858 2769 992 2852 κραταιή·
1084 2797 1130 2834 ιιο

187 2874 310 2939 ἐσσεται
324 2873 343 2954 ἢ
358 2875 418 2953 ἠὼς
433 2872 451 2953 ἢ
467 2876 554 2953 δείλη
570 2873 588 2953 ἢ
604 2873 701 2955 μέσον
716 2874 804 2955 ἦμαρ,

187 2978 301 3044 ὁππότε
314 3004 360 3046 τις
375 2980 424 3043 καὶ
439 2981 522 3059 ἐμεῖο
534 2978 611 3065 Ἀρῃ
629 2981 661 3042 ἐκ
677 2979 771 3059 θυμὸν
785 2979 901 3057 ἕληται,

185 3079 204 3160 ἢ
220 3083 238 3144 ό
251 3109 286 3174 γε
301 3084 383 3165 δουρὶ
398 3081 540 3162 βαλὼνῆ
557 3083 616 3146 ἀπὸ
631 3087 775 3165 νευρῆφιν
790 3079 914 3164 ὀϊστῷ.”

185 3291 276 3375 ἔγχος
289 3291 346 3371 μέν
355 3291 382 3374 ῥ’
399 3291 541 3373 ἀφέηκεν,
558 3294 581 3356 θ
591 3290 617 3355 δ’
633 3292 716 3369 ἕζετο
730 3297 814 3375 χεῖρε
830 3289 988 3356 πετάσσας
1085 3317 1110 3352 ιι
1115 3318 1130 3366 5

185 3394 365 3477 ἀμφοτέρας·
394 3396 538 3478 Ἀχιλεὺς
551 3397 587 3459 δέ
602 3394 806 3477 ἐρυσσάμενος
822 3393 910 3476 ξίφος
926 3392 980 3473 ὀξὺ

185 3499 262 3581 τύψε
278 3503 354 3563 κατὰ
368 3495 476 3577 κληῗδα
492 3498 560 3580 παρ’
576 3496 697 3581 αὐχένα,
713 3502 774 3564 πᾶν
788 3497 821 3563 δέ
836 3501 866 3561 οῖ
884 3501 957 3562 είσω

185 3608 220 3668 διῖ
235 3602 325 3686 ξίφος
341 3603 488 3685 ἄμφηκες·
518 3604 535 3668 ὁ
550 3601 576 3666 δ’
591 3603 649 3683 ἄρα
663 3603 777 3684 πρηνὴς
793 3603 842 3665 ἐπὶ
857 3603 929 3688 γαίῃ

185 3713 265 3772 κεῖτο
280 3709 392 3780 ταθείς,
408 3708 441 3769 ἐκ
457 3705 485 3772 δ’
501 3709 575 3786 οἶμα
587 3705 686 3786 μέλαν
695 3704 754 3788 ῥέε,
771 3710 838 3770 δεΰε
853 3707 886 3768 δὲ
901 3710 1000 3788 γαῖαν.

636 3810 656 3858 Ρ
674 3821 691 3865 2
