2874 4234
551 346 578 409 9.
602 328 840 389 ολυννυικν
866 331 889 390 ι.
989 291 991 298 ’
1127 330 1190 413 653

240 490 293 570 ἧος
309 494 506 575 θερμαίνοιτο·
530 494 642 558 ἔπεσσί
656 520 690 557 τε
706 492 820 560 πάντας
836 496 968 577 ἐταίρους

241 594 398 670 θάρσυνον,
413 597 453 677 μή
469 598 513 663 τίς
527 622 578 674 μοι
593 598 756 662 ὑποδείσας
772 598 891 692 ἀναδύη.

240 699 310 761 ἀλλ’
327 701 376 764 ὅτε
392 700 428 780 δή
444 699 511 784 τάχ’
528 701 545 763 ὁ
560 705 676 780 μοχλὸς
695 700 817 765 ἐλάϊυος
832 702 866 764 ἐν
880 702 950 782 πυρὶ
967 702 1082 780 μέλλεν

240 801 385 881 άφεσθαι,
401 805 520 886 χλωρός
537 829 592 884 περ
609 804 675 879 ἐάν,
692 804 866 884 διεφαίνετο
882 804 908 867 δ’
925 807 1023 880 αίνῶς,

241 903 289 970 καὶ
305 906 365 970 τότ’
381 907 459 990 ἐγὼν
473 909 574 970 ἆσσον
590 906 683 987 φέρον
699 908 731 969 ἐκ
747 908 849 987 πυρός,
866 907 944 987 ἀμφὶ
959 908 985 970 δ’
1002 911 1113 991 ἑταῖροι
1139 925 1188 986 380

240 1010 364 1074 ἵσταντ’·
388 1011 480 1092 αὐτὰρ
500 1009 612 1090 θάρσος
627 1009 808 1075 ἐνέπνευσεν
821 1010 902 1090 μέγα
914 1013 1036 1090 δαίμων.

240 1113 268 1175 οί
283 1116 338 1194 μὲν
352 1114 469 1197 μοχλδν
485 1115 610 1181 ἑλόντες
625 1112 755 1188 ἐλάϊνον,
773 1111 846 1191 ὀξὺν
861 1112 908 1178 ἐπ’
926 1114 1014 1198 άκριρ,

240 1214 389 1301 ὀφθαλμῷ
406 1215 572 1297 ἐνέρεισαν·
595 1219 654 1296 ἐγὼ
671 1215 696 1279 δ’
714 1216 885 1298 ἐφύπερθεν
901 1219 1047 1297 ἐρεισθεὶς

240 1318 347 1399 δίνεον,
364 1320 402 1386 ὣς
419 1321 469 1384 ὅτε
485 1345 530 1386 τις
546 1322 644 1403 τρυπῷ
666 1321 736 1400 δόρυ
751 1319 837 1399 νήϊον
854 1320 928 1400 ἀνὴρ

239 1421 387 1506 τρυπάνῳ,
406 1426 435 1488 οἶ
451 1422 483 1488 δέ
496 1421 522 1485 τ’
540 1424 659 1503 ἔνερθεν
674 1424 892 1486 ὑποσσείουσιν
909 1422 1009 1503 ἱμάντι
1135 1439 1183 1500 385

240 1523 391 1605 ἁψάμενοι
407 1526 556 1607 ἑκάτερθε,
571 1527 605 1588 τὸ
622 1528 653 1590 δὲ
669 1527 769 1610 τρέχει
786 1528 910 1605 ἐμμενὲς
925 1527 992 1591 αἰεί·

240 1629 278 1693 ὣς
294 1634 346 1691 τοῦ
362 1631 393 1693 ἐν
409 1631 557 1714 ὀφθαλμῷ
570 1627 715 1710 πυριήκεα
725 1630 845 1712 μοχλὸν
860 1631 983 1696 ἑλόντες

239 1732 382 1812 δινέομεν,
398 1733 451 1798 τὸν
466 1733 491 1797 δ’
506 1735 579 1814 οἶμα
593 1733 730 1814 περίρρεε
747 1737 856 1813 θερμὸν
872 1734 969 1797 ε’όντα.

239 1833 337 1898 πάντα
352 1836 386 1901 δέ
400 1838 429 1899 οἱ
444 1837 578 1917 βλέφαρ’
594 1837 671 1917 ἀμφὶ
687 1834 735 1900 καὶ
751 1837 866 1917 ὀφρύας
881 1837 971 1900 εὗσεν
987 1837 1082 1916 ἀϋτμή

238 1940 351 2018 γλήνης
368 1940 535 2016 καιομένης·
559 1944 771 2020 σφαραγεῦντο
787 1938 820 2002 δέ
836 1941 865 2001 οἱ
880 1937 949 2020 πυρὶ
964 1940 1053 2022 ῥίζαι.
1137 1968 1188 2021 390

239 2041 278 2107 ὡς
294 2041 319 2104 δ’
335 2041 378 2103 ὅτ’
394 2042 468 2122 ἀνὴρ
483 2041 614 2124 χαλκεὺς
630 2040 759 2105 πέλεκυν
774 2040 869 2124 μέγαν
885 2042 920 2121 ήέ
937 2044 1106 2123 σκέπαρνον

239 2148 283 2208 εἰν
298 2147 382 2208 ὕδατι
401 2143 509 2231 ψυχρῷ
519 2146 622 2226 βάπτῃ
637 2145 758 2227 μεγάλα
774 2144 900 2226 ἰάχοντα

239 2247 438 2329 φαρμάσσων·
462 2255 495 2310 τὸ
512 2253 569 2332 γὰρ
585 2250 654 2314 αύτε
671 2248 794 2330 σιδήρου
810 2277 844 2333 γε
861 2248 966 2330 κράτος
984 2251 1076 2313 ἐστίν·

239 2353 279 2418 ὣς
293 2357 345 2416 τοῦ
362 2351 425 2431 σίζ’
441 2354 600 2434 ὀφθαλμὸς
619 2351 743 2437 ἐλαϊνέῳ
758 2356 828 2434 περὶ
843 2352 959 2438 μοχλῷ.Ι
1212 2415 1213 2420 ,

240 2457 427 2536 σμερδαλέον
442 2461 475 2520 δὲ
490 2456 554 2539 μέγ’
570 2454 704 2541 ᾤμωξεν,
721 2455 789 2538 περὶ
804 2456 829 2520 δ’
846 2458 914 2538 ίαχε
931 2456 1034 2539 πέτρη,
1139 2485 1187 2536 395

238 2557 323 2637 ἡμεῖς
340 2563 373 2623 δὲ
389 2562 543 2627 δείσαντες
560 2560 755 2636 ἀπεσσύμεθ’.
801 2561 893 2641 αὐτὰρ
909 2562 925 2623 ὀ
941 2560 1059 2642 μοχλὸν

239 2661 353 2744 ἐξέρυσ’
370 2663 541 2744 ὀφθαλμοῖο
558 2664 747 2745 πεφυρμένον
763 2666 864 2744 αἵματι
880 2647 996 2747 πολλφ.

238 2771 290 2830 τὸν
304 2768 360 2846 μὲν
376 2766 468 2830 ἔπειτ’
483 2767 608 2849 ἔρριψεν
623 2767 682 2830 ἀπὸ
698 2767 729 2830 έο
744 2768 851 2850 χερσὶν
867 2767 977 2844 άλύων,

238 2869 330 2949 αὐτὰρ
345 2871 361 2932 ὁ
378 2869 545 2935 Κύκλωπας
560 2869 666 2950 μεγάλ’
681 2870 785 2948 ἤπυεν,
797 2871 828 2934 οἵ
840 2870 879 2953 ῥά
895 2895 946 2951 μιν
963 2869 1057 2950 ἀμφὶς

237 2970 332 3056 ᾤκεον
347 2974 379 3036 ἐν
396 2971 531 3051 σπήεσσι
547 2973 583 3036 δι’
599 2973 702 3052 ἄκριας
718 2973 916 3054 ἠνεμοέσσας.
1135 3004 1187 3052 400

239 3076 267 3138 οἱ
282 3078 313 3139 δέ
329 3081 407 3156 βοῆς
423 3075 540 3143 ἀίοντες
556 3077 686 3157 ἐφοίτων
701 3077 834 3142 άλλοθεν
848 3077 954 3154 άλλος,

239 3177 393 3258 ἱστάμενοι
409 3180 434 3244 δ’
450 3182 565 3260 είροντο
579 3183 647 3260 περὶ
664 3181 756 3247 σπέος
771 3181 836 3244 ὄττι
852 3184 865 3244 ἑ
885 3179 979 3258 κήδοι·

281 3283 402 3347 “Time
417 3285 518 3361 τόσον,
535 3284 707 3364 Πολύφημ’,
721 3285 865 3366 ἀρημένος
882 3284 931 3349 ὧδ’
948 3286 1083 3364 ἐβόησας

238 3385 380 3450 νάκτα.δι’
396 3388 576 3469 ἀμβροσίην,
593 3388 642 3452 καὶ
657 3385 785 3454 ἀύπνους
800 3387 879 3468 άμμε
894 3389 1046 3465 τίθησθα,·

238 3489 257 3568 ἦ
274 3488 315 3569 μή
331 3490 375 3554 τίς
391 3516 445 3554 σευ
459 3494 542 3570 μῆλα
556 3497 677 3573 βροτῶν
692 3493 831 3558 ἀέκοντος
847 3490 967 3556 ἐλαύνει
980 3517 991 3566 ,·
1135 3519 1185 3568 405

238 3593 257 3673 ἦ
271 3591 313 3674 μή
329 3593 374 3657 τίς
390 3593 419 3654 α’
435 3596 522 3658 αὐτὸν
538 3595 645 3660 κτείνει
660 3597 739 3679 δόλιρ
754 3594 789 3673 ἠὲ
805 3597 919 3675 βίηφιν
929 3620 940 3669 ,·
952 3595 968 3618 ”

281 3695 359 3764 Τοὺς
375 3697 401 3762 δ’
416 3697 477 3760 αὖτ’
493 3698 529 3777 ἐξ
541 3698 649 3779 άυτρου
664 3698 803 3779 προσέφη
822 3699 962 3780 κρατερὸς
981 3697 1175 3778 Πολύφημος·
