2848 4296
522 350 571 411 19.
596 336 826 395 1A1AA02T.
1091 345 1153 414 397

207 509 305 570 κεῖνος
320 506 339 568 ὅ
353 531 389 587 γε
404 503 589 586 προπάροιθε
605 511 680 570 νεῶν
696 502 919 587 ὀρθοκραιράων

206 606 297 684 ήσται
312 608 491 689 ὀδυρόμενος
507 610 614 690 ἕταρον
629 611 734 691 φίλον·
759 611 787 672 οἱ
810 610 844 672 δέ
862 607 899 686 δὴ
916 606 1008 670 ἄλλοι
1110 632 1156 680 345

207 713 343 792 οἴχονται
357 716 434 790 μετὰ
449 718 581 792 δεῖπνον,
598 715 615 777 ὁ
631 712 656 777 δ’
673 714 805 792 ὤκμηνος
821 708 1032 776 καὶάπαστος.
1116 715 1119 722 “

208 813 277 876 ἀλλ’
294 816 336 877 ἴθι
353 818 381 879 οἱ
397 814 504 898 νέκταρ
520 842 552 879 τε
568 817 617 880 καὶ
638 817 813 897 ἀμβροσίην
829 813 986 897 ἐρατεινήν

208 914 320 995 στάξον
336 916 380 982 ἐνί
396 915 553 998 στήθεσσ’,
569 917 675 998 ἵναμή
690 945 743 999 μιν
757 917 847 997 λιμὸς
862 915 990 998 ίκηταί.”

245 1017 307 1086 Ὧς
323 1021 416 1086 είπῶν
431 1023 541 1103 ὤτρυνε
556 1021 651 1102 πάρος
665 1026 813 1102 μεμαυῖαν
830 1019 974 1099 Ἀθήνην·

207 1123 225 1201 ή
242 1121 268 1187 δ’
285 1124 364 1211 ἀρπῃ
383 1130 477 1190 ἐϊκυῖα
492 1124 690 1208 τανυπτέρυγι
704 1125 869 1210 λιγυφώνῳ
1109 1147 1158 1196 350

209 1226 332 1307 οὐρανοῦ
348 1227 380 1292 ἐκ
398 1233 568 1292 κατεπῦλτο
584 1228 621 1292 δι’
638 1228 765 1309 αἰθέρος.
812 1228 904 1309 αῦτδρ
918 1226 1042 1310 Ἀχαιοὶ
1104 1286 1107 1292 ,
1213 1281 1216 1288 .

208 1330 312 1393 αὐτίκα
327 1330 522 1413 θωρήσσοντο
538 1331 613 1396 κατὰ
629 1333 768 1413 στρατόν·
792 1331 811 1410 ή
828 1332 852 1396 δ’
868 1331 995 1414 Ἀχιλῆϊ

208 1431 314 1514 νέκταρ
330 1432 374 1497 ἐνὶ
390 1433 540 1514 στήθεσσι
556 1437 605 1500 καὶ
620 1436 793 1516 ἀμβροσίην
808 1436 963 1516 ἐρατεινὴν

209 1535 305 1615 στάξ’,
321 1537 426 1618 ἵναμή
441 1565 493 1617 μιν
506 1539 595 1619 λιμὸς
611 1539 741 1619 ἀτερπὴς
756 1537 877 1622 γούναθ’
893 1541 997 1602 ἵκοιτο·

208 1639 280 1718 αὐτῆ
297 1639 330 1701 δέ
345 1641 418 1723 πρὸς
434 1642 545 1724 πατρὸς
562 1643 734 1725 ἐρισθενέος
749 1643 875 1708 πυκινὸν
890 1648 931 1706 δῶ
1110 1665 1157 1715 355

209 1744 315 1829 ὤχετο,
330 1747 376 1810 τοὶ
391 1745 416 1811 δ’
434 1745 583 1812 ἀπάνευθε
600 1754 675 1812 νεῶν
690 1746 815 1830 ἐχέοντο
831 1746 940 1812 θοάων.

209 1849 248 1916 ὤς
263 1849 289 1912 δ’
306 1852 357 1914 ὅτε
372 1848 512 1931 ταρφειαὶ
529 1850 654 1932 νιφάδες
670 1851 744 1916 Διὸς
760 1849 962 1929 ἐκποτέονται,

208 1955 336 2036 ψυχραί,
352 1954 409 2017 ῦπδ
423 1955 513 2036 ῥιπῆς
529 1952 721 2036 αἰθρηγενέος
737 1953 861 2035 Βορέαο,

210 2057 248 2122 ὤς
263 2058 332 2121 τότε
347 2058 491 2139 ταρφειαὶ,
505 2058 627 2138 κόρυθες
642 2062 782 2138 λαμπρὸν
796 2057 952 2140 γανόωσαι

209 2167 288 2240 νηῶν
304 2161 485 2243 ἐκφορέοντο
502 2163 551 2225 καὶ
567 2162 694 2227 ἀσπίδες
714 2162 933 2242 ὀμφαλόεσσαι
1110 2169 1159 2234 3⁶0

210 2264 340 2347 θῶρηκές
355 2291 387 2330 τε
404 2265 617 2349 κραταιγύαλοι
633 2263 681 2330 καὶ
696 2266 817 2344 μείλινα
833 2269 933 2346 δοῦρα.

209 2372 299 2451 αἴγλη
316 2369 340 2433 δ’
361 2369 487 2451 αῦρανδν
501 2372 557 2448 ῖκε,
572 2370 710 2454 γέλασσε
724 2373 758 2434 δέ
775 2375 859 2434 πᾶσα
874 2368 943 2451 περὶ
957 2368 1042 2452 χθῶν

208 2478 324 2556 χαλκοῦ
339 2472 397 2537 ῦπδ
413 2478 571 2555 στεροπῆς·
593 2473 652 2537 ῦπδ
667 2475 700 2538 δὲ
716 2473 825 2540 κτύπος
840 2475 953 2554 ὤρνυτο
967 2472 1084 2536 ποσσὶν

209 2579 334 2659 ἀνδρῶν·
358 2579 391 2643 ἐν
407 2577 440 2642 δέ
455 2576 579 2656 μέσοισι
595 2577 760 2659 κορύσσετο
776 2582 839 2643 δῖος
853 2576 1028 2660 Ἀχιλλεύς.

213 2677 279 2768 [τοῦ
295 2679 343 2744 καὶ
359 2675 489 2745 ὀδόντων
503 2681 559 2761 μὲν
575 2681 690 2762 καναχὴ
706 2679 791 2759 πέλε,
807 2681 847 2744 τῶ
863 2679 897 2744 δέ
912 2682 941 2742 οἱ
957 2681 1035 2741 όσσε
1110 2687 1157 2750 3⁶5

208 2783 392 2865 λαμπέσθην
408 2784 447 2850 ὤς
462 2785 492 2848 εί
505 2808 538 2847 τε
554 2783 645 2866 πυρὸς
661 2783 765 2859 σέλας,
781 2786 815 2847 ἐν
830 2782 864 2847 δέ
879 2786 908 2846 οἱ
925 2781 997 2863 ήτορ

210 2888 269 2953 δῦν’
287 2889 362 2972 ἄχος
377 2887 517 2966 ἄτλητον·
542 2889 559 2950 ὁ
574 2886 601 2950 δ’
619 2887 676 2968 ἄρα
690 2889 813 2969 Τρωσίν
827 2888 993 2966 μενεαίνων

210 2993 317 3057 δύσετο
332 2996 412 3072 δῦρο
430 2995 509 3068 θεοῦ,
526 2989 564 3054 τά
578 2993 608 3053 οῖ
618 2989 797 3072 Ἥφαιστος
814 2991 889 3070 κάμε
904 2985 1045 3077 τεύχων]

210 3102 353 3176 κνημῖδας
367 3100 423 3177 μέν
438 3102 544 3178 πρῶτα
559 3093 627 3177 περί
644 3093 796 3180 κνήμῃσιν
811 3094 900 3173 ἐθηκε

210 3201 313 3277 καλάς,
331 3199 522 3283 ἀργυρέοισιν
537 3199 730 3281 ἐπισφυρίοις
745 3197 897 3279 ἀραρυίας·
1112 3217 1160 3270 ³70

210 3305 347 3386 δεύτερον
362 3304 399 3367 αῦ
414 3305 534 3385 θῶρηκα
547 3305 616 3384 περὶ
633 3301 802 3380 στήθεσσιν
818 3301 929 3365 ἔδυνεν.

210 3409 287 3489 ἀμφὶ
303 3408 328 3471 δ’
344 3408 389 3489 ἀρ’
407 3409 535 3486 ὤμοισιν
549 3406 667 3487 βάλετο
683 3403 773 3487 ξίφος
789 3405 977 3486 ἀργυρόηλον

209 3511 351 3596 χάλκεον·
375 3513 468 3594 αῦτᾰρ
484 3512 589 3574 ἔπειτα
599 3509 697 3576 Ισάκος
710 3508 789 3591 μέγα
805 3534 838 3572 τε
853 3509 1003 3589 στιβαρόν
1018 3532 1051 3571 τε

210 3617 317 3692 είλετο,
334 3621 387 3678 τοῦ
403 3614 427 3678 δ’
445 3612 596 3680 ἀπάνευθε
611 3612 706 3678 σέλας
724 3609 819 3695 γένετ’
835 3609 904 3690 ἠύτε
924 3610 1028 3693 μήνης.

210 3719 249 3785 ὤς
264 3719 289 3782 δ’
304 3716 350 3783 ὅτ’
365 3717 404 3782 ἀν
420 3721 453 3782 ἐκ
469 3719 592 3782 πόντοιο
608 3716 703 3782 σέλας
720 3716 846 3802 ναύτῃσι
862 3714 964 3802 φανήῃ
1113 3735 1167 3786 37⁵¹
