2874 4234
306 335 368 398 602
483 311 486 318 ’
601 333 631 397 6.
654 335 887 397 οιιςςυιιι
921 333 955 394 z.

307 505 367 568 ἔνθ’
384 505 417 567 αἵ
430 503 458 587 γ’
477 504 617 584 ήμιόνους
632 505 687 584 μὲν
702 503 951 584 ὑπεκπροέλυσαν
967 500 1092 580 ἀπήνης.

307 605 355 671 καὶ
371 611 424 673 τὰς
439 611 495 687 μὲν
511 612 604 671 σεῦαν
620 609 752 689 ποταμὸν
769 610 849 689 πόρο
865 606 1003 685 δινήεντα

307 713 433 792 τρώγειν
451 711 603 793 άγρωστιν
617 713 770 793 μελιηδέα·
793 711 842 776 ταὶ
857 711 881 776 δ’
899 712 949 775 ἀπ’
966 709 1081 787 ἀπήνης

307 818 414 893 εἵματα
428 820 538 896 χερσὶν
553 816 660 878 ἕλοντο
676 813 724 878 καὶ
741 817 892 897 ἐσφόρεον
906 813 1003 895 μέλαν
1017 814 1105 892 ὕδωρ,

306 924 433 998 στεῖβον
449 919 473 982 δ’
491 921 524 981 έν
538 919 681 999 βόθροισι
697 925 773 985 θοῶς
788 921 872 999 ἔριδα
888 917 1105 999 προφέρουσαι.

306 1020 396 1102 αὐτὰρ
413 1024 478 1086 έπεὶ
492 1023 610 1086 πλῦνάν
625 1047 657 1086 τε
674 1019 806 1103 κάθηράν
821 1047 853 1086 τε
868 1023 946 1104 ῥύπα
962 1019 1069 1093 πάντα,

307 1123 401 1202 ἑξείης
417 1125 554 1189 πέτασαν
572 1127 652 1206 παρδι
670 1125 724 1188 θῖν’
742 1127 824 1203 ἁλός,
840 1126 893 1206 ἧχι
907 1125 1043 1205 μάλιστα

306 1229 436 1310 λάϊγγας
452 1231 522 1292 ποτὶ
537 1230 650 1312 χέρσον
665 1229 877 1292 ἀποπλύνεσκε
893 1228 1047 1292 θάλασσα.

306 1334 338 1394 αἶ
355 1335 387 1394 δέ
402 1332 609 1413 λοεσσάμεναι
626 1329 673 1396 καὶ
689 1331 870 1416 χρισάμεναι
885 1331 949 1394 λίπ’
967 1333 1057 1415 ἐλαίῳ

308 1442 431 1501 δεῖπνον
447 1436 541 1500 ἔπειθ’
559 1439 677 1501 ε’ίλοντο
693 1436 761 1517 παρ’
777 1438 908 1521 ὄχθῃσιν
923 1440 1077 1530 ποταμοῖο,

307 1543 414 1618 εἵματα
430 1541 455 1603 δ’
471 1539 587 1618 ἠελίοιο
602 1541 693 1619 μένον
708 1539 890 1621 τερσήμεναι
905 1537 991 1626 αὐγῇ.

307 1644 400 1724 αὐτὰρ
416 1641 481 1708 έπεὶ
497 1645 583 1707 σίτου
597 1643 731 1724 τάρφθεν
746 1645 843 1728 δμῳαί
858 1669 890 1708 τε
908 1646 956 1706 καὶ
971 1640 1053 1721 αύτή,

308 1750 423 1834 σφαίρῃ
439 1747 531 1830 τοίγ’
547 1747 592 1830 ἄρ’
609 1749 740 1826 ἔπαιζον,
756 1748 817 1811 άπὸ
833 1747 981 1828 κρήδεμνα
996 1751 1161 1826 βαλοῦσαι·
1203 1773 1251 1808 ιοο

307 1855 378 1939 τῇσι
394 1855 426 1916 δὲ
444 1850 604 1915 Ναυσικάα
619 1851 806 1917 λευκώλενος
821 1850 931 1934 ἤρχετο
947 1854 1077 1931 μολπῆς.

307 1958 355 2033 οἵη
372 1956 396 2019 δ’
411 1955 553 2037 Ἀρτεμις
569 1956 629 2020 εἶσι
646 1955 709 2018 κατ’
725 1955 828 2036 ούρεος
845 1956 991 2038 ἰοχέαιρα,

308 2057 326 2137 ἢ
346 2057 419 2122 κατὰ
436 2057 591 2141 Τηΰγετον
607 2059 802 2139 περιμήκετον
817 2055 835 2137 ἢ
851 2059 1047 2141 Ἐρύμανθον,

307 2161 472 2243 τερπομένη
490 2163 630 2244 κάπροισι
648 2166 696 2227 καὶ
713 2163 818 2248 ὠκείῃς
834 2163 991 2245 ἐλάφοισι·

306 2266 392 2352 τῇδέ
406 2266 433 2330 θ’
449 2266 510 2347 άμα
529 2267 653 2348 νύμφαι,
670 2272 772 2348 κοῦραι
789 2267 862 2333 Διὸς
879 2269 1040 2352 αἰγιόχοιο,
1204 2293 1251 2341 105

307 2371 469 2451 ἀγρονόμοι
485 2371 632 2448 παίζουσι·
656 2369 765 2453 γέγηθε
781 2369 815 2434 δέ
830 2395 862 2433 τε
879 2371 976 2452 φρένα
993 2372 1089 2450 Λητώ·

307 2474 434 2537 πασάων
449 2472 474 2536 δ’
491 2474 565 2552 ὑπὲρ
580 2473 601 2551 ή
615 2500 651 2556 γε
668 2474 740 2554 κάρη
758 2475 822 2557 ἔχει
838 2474 890 2552 ἠδέ
904 2475 1035 2552 μέτωπα,

306 2577 371 2660 ῥεῖά
386 2577 410 2640 τ’
428 2577 575 2659 άριγνάτη
591 2578 728 2656 πέλεται,
746 2576 836 2642 καλαὶ
853 2575 885 2642 δέ
900 2602 932 2642 τε
948 2583 1055 2641 πῶσαι·

308 2683 347 2747 ῶς
362 2682 382 2760 ή
396 2681 424 2764 γ’
442 2682 646 2762 ἀμφιπόλοισι
661 2682 829 2764 μετέπρεπε
844 2681 992 2762 παρθένος
1009 2680 1112 2760 άδμής.

351 2785 438 2848 Ἀλλ’
454 2785 505 2849 ὅτε
521 2785 557 2864 δὴ
574 2785 618 2867 ἄρ’
636 2787 747 2866 ἔμελλε
764 2785 857 2851 πάλιν
872 2786 989 2849 οἶκόνδε
1008 2785 1130 2849 νέεσθαι
1203 2811 1250 2848 110

307 2888 426 2967 ζεύξασ’
443 2889 584 2968 ἡμιόνους
601 2889 740 2969 πτύξασά
755 2917 786 2954 τε
804 2893 910 2970 εἵματα
925 2889 1011 2966 καλά,

307 2993 368 3056 ἔνθ’
384 2993 447 3058 αὖτ’
463 2990 534 3056 ἄλλ’
549 2995 657 3072 ἔυόησε
674 2995 727 3058 θεὰ
742 2999 915 3075 γλαυκῶπις
929 2993 1051 3072 Ἀθήνη,

308 3097 346 3164 ῶς
361 3097 507 3164 Ὀδυσεὺς
523 3097 649 3180 ἔγροιτο,
664 3099 721 3160 ίδοι
737 3096 763 3158 τ’
779 3096 909 3160 εὐώπιδα
926 3099 1043 3178 κούρην,

306 3203 325 3280 ἤ
341 3204 369 3265 οἱ
386 3203 527 3278 Φαιήκων
542 3204 656 3283 ἀνδρῶν
670 3200 762 3263 πόλιν
776 3197 935 3281 ἡγήσαιτο.

308 3310 442 3386 σφαῖραν
457 3303 552 3369 ἔπειτ’
569 3306 675 3383 ἔρριψε
690 3302 753 3381 μετ’
772 3304 950 3385 ἀμφίπολον
964 3306 1123 3384 βασίλεια·
1204 3333 1248 3384 115

307 3410 482 3489 ἀμφιπόλου
497 3411 553 3488 μὲν
568 3405 689 3485 άμαρτε,
705 3409 817 3494 βαθείῃ
834 3410 860 3473 δ’
876 3410 994 3489 ἔμβαλε
1009 3413 1085 3498 δίνῃ,

306 3517 338 3577 αἱ
354 3513 379 3577 δ’
395 3511 444 3576 ἐπὶ
458 3507 569 3591 μακρὸν
584 3506 692 3573 άΰσαν.
738 3512 754 3574 ὁ
771 3511 795 3576 δ’
814 3513 915 3596 ἔγρετο
930 3517 994 3580 δῖος
1009 3513 1186 3591 Ὀδυσσεύς,

308 3620 446 3698 ἑζόμενος
461 3614 486 3676 δ’
501 3611 629 3691 ὥρμαινε
646 3619 721 3680 κατὰ
738 3618 833 3698 φρένα
849 3615 897 3681 καὶ
913 3619 987 3683 κατὰ
1004 3622 1107 3701 θυμόν·

352 3723 421 3784 “Ὢ
434 3739 485 3798 μοι
502 3714 570 3795 ἐγώ,
586 3719 663 3784 τέων
678 3721 748 3786 αιἰτε
763 3727 884 3804 βροτῶν
900 3725 931 3790 ές
947 3729 1037 3806 γαῖαν
1054 3724 1144 3788 ἱκάνω
1157 3749 1169 3799 ,·
