2738 4226
266 343 327 423 256
585 357 633 422 13.
659 341 828 400 ΙΛΙΑΔΟΣ
852 342 889 402 Ν.

267 510 285 540 “
299 505 385 580 νηυσὶ
400 506 455 582 μέν
471 505 503 567 ἐν
518 503 672 590 μέσσῃσιν
688 505 809 583 ἀμύνειν
826 505 886 568 εἶσὶ
902 505 950 566 καὶ
967 503 1066 579 ἄλλοι,

266 605 392 672 Αἴαντές
407 632 440 670 τε
455 607 513 670 δύω
528 608 659 689 Τεῦκρός
674 604 711 683 θ’,
728 605 760 673 δς
775 605 898 687 ἄριστος
912 608 1048 689 Ἀχαιῶν

267 708 423 796 τοξοσύνῃ,
440 709 552 792 ἆγαθδς
567 713 600 774 δέ
616 712 664 774 καὶ
680 712 713 773 ἐν
729 713 836 795 σταδίῃ
851 712 972 796 ὑσμίνῃ·

267 815 297 875 οἵ
311 838 362 891 μιν
379 812 451 891 δδην
467 814 579 876 ἐλόωσι
597 815 646 877 καὶ
662 813 830 891 ἐσσύμενον
845 811 1001 894 πολέμοιο,
1159 839 1207 889 315

263 913 393 994 Ἕκτορα
409 918 587 997 Πριαμίδην,
604 918 652 979 καὶ
669 919 695 981 εί
709 915 794 996 μάλα
809 916 949 997 καρτερός
964 919 1058 980 ἐστιν.

265 1023 337 1085 αἰπύ
354 1025 383 1086 οἱ
402 1025 539 1086 ἐσσεῖται
560 1020 644 1101 μάλα
659 1047 715 1102 περ
729 1026 863 1100 μεμαῶτι
878 1019 1033 1102 μάχεσθαι

267 1123 372 1186 κείνων
388 1121 543 1200 νικήσαντι
558 1122 647 1202 μένος
664 1124 711 1187 καὶ
726 1128 830 1206 χεῖρας
847 1122 979 1189 ἀάπτους

266 1229 337 1302 νῆας
354 1229 522 1306 ἐνιπρῆσαι,
538 1227 589 1289 ὅτε
603 1226 644 1307 μή
660 1226 748 1293 αὐτός
763 1252 799 1309 γε
815 1227 949 1308 Κρονίων

267 1329 398 1409 ἐμβάλοι
413 1330 572 1409 αἰθόμενον
587 1329 681 1394 δολδν
696 1328 805 1408 νήεσσι
820 1331 938 1416 θοῆσιν.
1159 1354 1209 1405 320

266 1433 351 1513 ἀνδρὶ
365 1431 399 1496 δέ
414 1431 438 1496 κ’
456 1433 507 1496 οὐκ
524 1429 614 1510 εἴξειε
628 1431 722 1515 μέγας
736 1432 929 1513 Τελαμώνιος
946 1435 1028 1507 Αίας,
1098 1417 1100 1422 ¹

267 1533 300 1600 δς
315 1535 422 1613 θνητός
436 1532 462 1598 τ’
480 1537 525 1613 είη
541 1537 590 1599 καὶ
607 1537 670 1599 ἔδοι
686 1534 860 1616 Δημήτερος
877 1534 978 1612 ἀκτήν,

265 1641 370 1723 χαλκῷ
386 1663 419 1702 τε
432 1639 540 1722 ῥηκτὸς
554 1638 719 1720 μεγάλοισί
732 1663 766 1703 τε
779 1639 999 1720 χερμαδίοισιν.

267 1737 327 1803 οὐδ’
342 1740 380 1805 δν
394 1739 540 1825 Ἀχιλλῆϊ
554 1739 696 1824 ῥηξήνορι
710 1739 880 1823 χωρήσειεν

266 1844 300 1906 ἔν
314 1841 342 1925 γ’
359 1844 548 1931 αὐτοσταδίῃ·
571 1845 646 1908 ποσὶ
661 1842 687 1908 δ’
703 1844 738 1908 ού
753 1869 816 1910 πως
831 1844 916 1908 ἐστιν
931 1844 1047 1925 ἐρίζειν.
1161 1869 1191 1917 3²
1196 1870 1210 1918 5

267 1952 338 2010 νῶϊν
353 1945 379 2012 δ’
394 1945 444 2011 ὧδ’
460 1946 507 2012 ἐπ’
524 1945 656 2030 ἀριστέρ’
673 1948 727 2030 ἔχε
742 1953 881 2030 στρατοῦ,
898 1950 978 2029 ὄφρα
993 1947 1123 2029 τάχιστα

267 2052 384 2129 είδομεν
400 2049 435 2128 ήέ
449 2075 490 2135 τῳ
508 2052 596 2134 εὖχος
611 2049 762 2131 ὀρέξομεν,
779 2049 812 2128 ἦέ
828 2076 873 2116 τις
887 2049 987 2129 ήμῖν.”

304 2151 366 2219 Ὣς
381 2152 469 2235 φάτο,
486 2154 641 2236 Μηριόνης
656 2157 689 2218 δέ
705 2156 765 2238 θοῷ
782 2153 949 2219 ἀτάλαντος
961 2153 1052 2234 Ἀρηϊ

267 2256 333 2339 ἦρχ’
349 2259 425 2336 ίμεν,
443 2256 512 2339 ὄφρ’
529 2259 674 2339 ἀφίκοντο
690 2258 765 2321 κατὰ
781 2259 919 2338 στρατόν,
934 2256 954 2344 ᾗ
974 2284 1026 2338 μιν
1047 2258 1165 2339 ἀνάγει.

310 2362 351 2423 Οί
365 2359 393 2424 δ’
409 2360 448 2426 ὡς
462 2359 618 2441 Ἰδομενῆα
633 2364 698 2426 ίδον
714 2361 810 2443 φλογὶ
827 2363 944 2424 εἴκελον
959 2359 1065 2439 ἀλκήν,
1159 2389 1210 2436 330

268 2462 356 2526 αύτδν
372 2463 421 2526 καὶ
437 2462 615 2545 θεράποντα,
632 2464 688 2526 σὺν
703 2463 804 2527 ἔντεσι
823 2463 1021 2540 δαιδαλέοισι,

268 2565 443 2642 κεκλόμενοι
463 2571 528 2628 καθ’
545 2568 653 2644 ὅμιλον
671 2567 716 2630 ἐπ’
734 2567 811 2650 αὐτῷ
827 2565 936 2632 πάντες
951 2568 1079 2646 ἔβησαν·

267 2673 326 2732 τῶν
342 2666 367 2731 δ’
384 2667 457 2747 ὁμδν
471 2671 578 2732 ἵστατο
594 2675 691 2734 νεῖκος
705 2670 755 2734 ἐπὶ
770 2669 920 2756 πρύμνῃσι
936 2669 1066 2736 νέεσσιν.

267 2772 307 2838 ὣς
322 2771 346 2836 δ’
363 2771 409 2835 ὅθ’
423 2774 481 2837 ύπδ
496 2772 608 2855 λιγέων
623 2772 740 2851 ἀνέμων
756 2771 931 2855 σπέρχωσιν
947 2773 1056 2836 ἄελλαι

267 2877 356 2955 ήματι
372 2878 412 2960 τῷ
429 2878 479 2940 ὅτε
496 2901 529 2940 τε
543 2877 673 2955 πλείστη
690 2876 770 2941 κόνις
786 2876 864 2956 ἀμφὶ
880 2876 1047 2948 κελεύθους,
1159 2904 1208 2955 335

267 2980 299 3042 οί
319 2976 346 3041 τ’
361 2978 465 3057 ἄμυδις
481 2981 582 3056 κονίης
595 2977 732 3061 μεγάλην
749 2980 871 3043 ἱστᾶσιν
886 2979 1025 3060 ὀμίχλην,

268 3081 307 3146 δς
322 3080 380 3161 άρο
394 3087 453 3144 τῶν
469 3079 558 3162 ὁμόσ’
573 3081 648 3161 ήλθε
662 3079 755 3164 μάχη,
771 3080 910 3161 μέμασαν
925 3079 952 3144 δ’
968 3081 1012 3143 ἐνὶ
1027 3084 1108 3167 θυμῷ

268 3182 421 3262 ἀλλήλους
436 3183 501 3248 καθ’
518 3185 626 3263 ὅμιλον
641 3183 795 3266 ἐναιρέμεν
810 3182 874 3262 ὀξέϊ
888 3185 1003 3267 χαλκῷ.

268 3284 391 3367 ἔφριξεν
406 3289 438 3350 δέ
452 3286 534 3371 μάχη
551 3289 774 3369 φθισίμβροτος
789 3288 928 3372 ἐγχείῃσι

266 3392 387 3477 μακρῇς,
404 3391 440 3456 δς
456 3391 540 3474 εἶχον
554 3390 766 3473 ταμεσίχροας·
789 3392 866 3454 ὄσσε
880 3387 907 3454 δ’
922 3390 1048 3473 ἄμερδεν
1158 3419 1208 3472 ³4⁰

268 3492 343 3576 αύγῆ
358 3495 487 3576 χαλκείη
503 3493 634 3577 κορύθων
649 3493 709 3557 ἄπο
724 3492 946 3574 λαμπομενάων

269 3593 408 3674 θωρήκων
423 3621 456 3660 τε
471 3595 664 3676 νεοσμήκτων
677 3595 797 3660 σακέων
811 3620 844 3659 τε
859 3603 993 3676 φαεινῶν

268 3697 438 3782 ἐρχομένων
453 3697 565 3779 ἄμυδις·
587 3697 671 3776 μάλα
687 3725 737 3764 κεν
752 3699 967 3782 θρασυκάρδιος
983 3704 1027 3776 εἴη
