2738 4226
468 345 515 396 ια.
542 331 711 392 ΙΛΙΑΔΟΣ
735 331 778 390 Μ.
1032 347 1089 408 241

154 495 186 558 ἓν
201 496 305 582 Λυκίῃ,
323 495 432 562 πάντες
448 499 480 560 δὲ
497 496 582 562 θεοὺς
598 497 637 562 ὣς
653 498 824 577 εἰσορόωσι,

153 599 201 660 καὶ
217 597 339 676 τέμενος
355 599 527 679 νεμόμεσθα
541 599 619 681 μέγα
635 597 768 664 Ξάνθοιο
784 598 852 678 παρ’
870 600 973 680 ὄχθας,

153 700 247 765 καλὸν
262 705 413 781 φυταλιῆς
429 703 478 766 καῖ
495 703 621 784 ἀρούρης
636 703 842 783 πυροφόροιο,·

152 804 192 886 τῷ
210 808 261 867 νῦν
275 803 335 886 χρῆ
350 804 490 868 Λυκίοισι
504 803 581 882 μέτα
595 804 760 886 πρώτοισιν
776 804 880 870 έόντατ
1046 829 1091 878 3¹⁵

153 905 282 985 ἑστάμεν
300 906 352 984 ῆδὲ
367 905 467 989 μάχης
482 909 657 988 καυστείρης
672 908 884 986 ἀντιβολῆσαι,

153 1008 232 1089 ὄφρα
246 1033 292 1074 τις
307 1007 356 1071 ὧδ’
374 1010 442 1094 εῖπῃ
458 1010 576 1072 Λυκίων
590 1010 669 1072 πύκα
684 1007 872 1090 θωρηκτάων·

154 1111 205 1173 ὀύ
219 1111 280 1190 μὰν
295 1112 417 1188 άκληεῖς
432 1112 545 1190 Λυκίην
561 1111 636 1176 κάτα
651 1111 860 1194 κοιρανέουσιν

152 1213 289 1296 ἡμέτεροι
304 1219 466 1295 βασιλῆες,
483 1216 588 1280 ἔδουσί
601 1242 634 1280 τε
650 1218 741 1282 πίονα
754 1219 838 1294 μῆλα

154 1317 234 1381 οἶνόν
249 1317 273 1378 τ’
291 1316 410 1396 ἔξαιτον
424 1318 581 1396 μελιηδέα·
604 1318 674 1382 ἀλλ’
692 1320 750 1399 ἄρα
766 1320 815 1382 καῖ
828 1318 859 1384 ῖς
1045 1341 1093 1387 320

153 1419 258 1498 ἐσθλή,
276 1422 343 1486 ἐπεὶ
358 1421 498 1486 Λυκίοισι
512 1420 590 1500 μέτα
604 1422 751 1504 πρώτοισι
766 1419 933 1503 μάχονται.’

154 1517 175 1582 ὦ
190 1521 297 1594 πέπον,
315 1525 411 1601 εἰμὲν
425 1525 483 1605 γὰρ
498 1524 632 1603 πόλεμον
647 1525 715 1606 περὶ
730 1526 816 1590 τόνδε
832 1523 964 1606 φυγόντε

154 1626 210 1690 ald
226 1625 262 1705 δὴ
277 1624 444 1704 μέλλοιμεν
459 1623 560 1709 ἀγήρω
575 1626 600 1688 τ’
620 1625 757 1691 ἀθανάτω
773 1652 806 1692 τε

155 1728 288 1804 ἔσσεσθ’,
306 1729 374 1792 οὔτε
389 1755 440 1793 κεν
455 1729 543 1796 αὐτὸς
559 1731 603 1793 ένῖ
619 1732 765 1812 πρώτοισι
778 1730 932 1812 μαχοίμην

155 1832 220 1896 οὔτε
236 1858 268 1896 κε
284 1834 321 1895 σὲ
337 1831 498 1912 στέλλοιμι
512 1830 614 1915 μάχην
629 1835 659 1900 ἐς
675 1833 870 1914 κυδιάνειραν
1044 1855 1092 1906 3²5

155 1941 204 2000 νῦν
222 1936 247 2000 δ’
265 1937 359 2014 ἔμπης
374 1939 432 2018 γὰρ
447 1938 533 2017 κῆρες
550 1939 719 2016 ἐφεστᾶσιν
734 1937 876 2002 θανάτοιο

153 2041 261 2120 μυρίαι,
277 2040 313 2105 ἃς
327 2039 379 2102 οὐκ
396 2039 463 2104 ἔστι
477 2044 587 2121 φυγεῖν
601 2040 714 2121 βροτὸν
729 2039 791 2104 οὐδ’
806 2036 965 2118 ὑπαλύξαι,

154 2146 246 2220 ἴομεν,
262 2141 297 2220 ἠέ
312 2167 354 2225 τιρ
370 2140 459 2224 εὖχος
474 2139 627 2222 ὀρέξομεν,
642 2140 678 2220 ἠέ
693 2167 738 2207 τις
753 2140 852 2220 ἡμῖν.”

189 2243 252 2310 Ὣς
268 2242 365 2325 ἔφατ’,
383 2245 450 2308 οὐδὲ
466 2249 601 2310 Γλαῦκος
617 2243 794 2326 ἀπετράπετ’
811 2243 871 2308 οὐδ’
888 2245 1027 2322 ἀπίθησε·

154 2348 192 2410 τῶ
209 2349 233 2412 δ’
250 2347 314 2413 ἰθὺς
328 2345 429 2426 βήτην
444 2348 561 2414 Λυκίων
574 2346 654 2429 μέγα
669 2348 755 2414 ἔθνος
771 2347 888 2429 άγσντε.
1046 2371 1095 2419 330

154 2451 220 2518 τοὺς
235 2452 269 2515 δὲ
285 2450 356 2514 ίδῖον
369 2449 470 2532 ῥίγησ’
487 2451 551 2516 υἱὸς
567 2454 691 2514 Πετεῶο
706 2450 890 2518 Μενεσθεύς·

155 2561 205 2618 τοῦ
219 2557 278 2637 γὰρ
294 2555 329 2634 δὴ
346 2553 419 2636 πρὸς
434 2553 548 2636 πύργον
563 2557 635 2619 ἴσον
651 2555 798 2634 κακότητα
813 2553 966 2637 φέροντες.

155 2656 308 2737 πάπτηνεν
323 2657 347 2719 δ’
363 2657 421 2719 άνδι
436 2655 550 2737 πύργον
563 2655 708 2738 Ἀχαιῶν,
725 2659 754 2722 εἴ
767 2657 821 2724 τιν’
839 2660 935 2722 ἴδοιτο

155 2759 318 2842 ἡγεμόνων,
335 2758 368 2823 ὅς
383 2759 428 2822 τίς
444 2760 473 2822 υί
489 2758 564 2839 άρῆν
579 2759 732 2840 ἑτάροισιν
748 2760 865 2838 ἀμύναι·

157 2865 186 2928 ές
199 2862 224 2927 δ’
242 2861 342 2940 ἐνόησ’
361 2863 471 2927 Λίαντε
486 2861 555 2933 δύω,
572 2860 708 2948 πολέμου
722 2861 867 2944 άκορῆτω,
1048 2883 1096 2932 335

157 2968 311 3038 ἑσταότας,
326 2966 458 3046 Τεῦκρόν
473 2990 506 3029 τε
522 2964 591 3030 νέον
606 2968 764 3045 κλισίηθεν
780 2967 872 3038 ίόντα,

149 3053 289 3153 ιἐγγύθεν·
314 3068 383 3134 ἀλλ’
401 3069 436 3131 ού
453 3069 516 3134 πώς
532 3071 561 3131 οἱ
576 3069 629 3148 έην
643 3069 781 3148 βώσαντι
798 3071 950 3151 γεγωνεῖν

157 3176 267 3239 τόσσος
281 3175 341 3254 γάρ
352 3171 464 3238 ,κτύπος
480 3170 542 3250 ῆεν,
560 3172 633 3250 άϋτῆ
649 3172 674 3234 δ’
691 3172 817 3254 οὐρανὸν
832 3174 887 3244 ῖκε,

156 3274 357 3353 βαλλομένων
372 3273 490 3339 σακέων
505 3300 537 3338 τε
554 3275 603 3338 καὶ
621 3275 796 3353 ἱπποκόμων
809 3279 1000 3356 τρυφαλειῶν

158 3380 205 3442 καὶ
220 3376 350 3442 πυλέων·
374 3381 470 3441 πᾶσαι
485 3379 544 3459 γάρ
560 3377 709 3460 ἐπώχατο,
720 3379 767 3440 τοὶ
783 3378 815 3441 δὲ
834 3377 896 3440 κατ’
913 3376 1003 3443 αιἰτῖις
1047 3403 1097 3453 34ο

159 3479 311 3559 ἱστάμενοι
327 3485 472 3561 πειρῶντο
487 3481 542 3566 βίῃ
557 3479 701 3562 ῥήξαντες
717 3482 866 3546 ἐσελθεῖν.

158 3583 235 3664 αἶψα
250 3583 275 3647 δ’
292 3582 339 3646 ἐπ’
357 3585 471 3648 Αἴαντα
486 3582 584 3664 προίει
600 3581 710 3664 κήρυκα
729 3583 867 3662 Θοώτην·

159 3685 285 3770 ἵέρχεο,
302 3689 347 3749 δῖε
364 3688 483 3757 Θοῶτα,
501 3684 578 3749 θέων
593 3688 708 3750 Αἴαντα
724 3685 888 3761 κάλεσσον,
