2738 4226
478 353 525 400 ιι.
550 341 718 399 ιλιιιος
741 343 777 400 Λ.
1039 359 1099 424 213

196 495 255 571 Ὣς
272 505 371 586 ἔφαθ’,
387 504 511 588 ἡνίοχος
526 502 552 568 δ’
568 506 678 583 ἵμασεν
694 506 889 589 καλλίτριχας
905 508 1013 574 ἵππους
1053 524 1100 600 ιὸσ

158 709 272 790 ἄφρεον
286 711 319 774 δὲ
336 710 458 790 στήθεα,
473 713 613 794 ῥαίνοντο
629 713 662 775 δὲ
677 711 763 795 νέρθε
779 713 872 798 κονίῃ,

158 815 328 892 τειρόμενον
343 817 483 893 βασιλῆα
497 813 597 897 μάχης
613 815 762 882 ἀπάνευθε
778 814 930 898 φέροντες.

196 913 313 998 Ἕκτωρ
329 916 354 980 δ’
371 917 410 984 ὦς
425 916 528 996 ἐνόησ’
545 915 754 1000 Ἀγαμέμνονα
768 921 863 1001 νόσφι
879 921 991 992 κιόντα,

156 1020 261 1096 Τρωσί
274 1043 307 1084 τε
322 1021 371 1084 καὶ
386 1022 543 1086 Λυκίοισιν
559 1019 698 1084 ἐκέκλετο
713 1020 826 1102 μακρὸν
842 1021 946 1088 ἀΰσας·
1050 1035 1095 1094 ²85

158 1125 285 1201 “Τρῶες
301 1125 350 1186 καὶ
363 1123 470 1189 ,Λύκιοι
487 1127 536 1187 καὶ
553 1123 705 1204 Δάρδανοι
721 1125 935 1208 ἀγχιμαχηταί,

158 1225 259 1305 ἀνέρες
276 1227 355 1302 ἔστε,
373 1228 470 1308 φίλοι,
486 1227 647 1308 μνήσασθε
662 1233 694 1294 δὲ
710 1231 845 1312 θούριδος
861 1231 963 1308 ἀλκῆς.

158 1330 248 1412 οἴχετ’
266 1331 340 1411 ἀνὴρ
357 1332 497 1413 ὤριστος,
511 1334 577 1412 ἐμοὶ
593 1335 626 1396 δέ
640 1331 706 1414 μέγ’
723 1333 812 1416 εὖχος
827 1335 919 1399 ἔδωκε

159 1432 231 1498 Ζεὺς
246 1435 401 1516 Κρονίδης·
426 1435 496 1498 ἀλλ’
513 1435 576 1500 ἰθὺς
591 1435 733 1500 ἐλαύνετε
748 1436 888 1519 μόνυχας
903 1438 1012 1502 ἵππους

160 1533 290 1610 ἰφθίμων
306 1539 445 1607 Δαναῶν,
462 1534 499 1600 ἵν’
515 1533 677 1615 ὑπέρτερον
691 1535 780 1618 εύχος
796 1532 940 1617 άρησθε.”
1051 1561 1098 1610 290

191 1632 255 1700 Ὧς
270 1635 363 1700 είπδν
379 1636 489 1717 ὤτρυνε
502 1634 592 1715 μένος
608 1637 657 1701 καὶ
672 1636 765 1716 θυμὸν
781 1635 918 1702 ἑκάστου.

157 1736 195 1802 ὦς
210 1738 234 1801 δ’
251 1739 301 1802 ὅτε
317 1739 376 1802 πού
390 1763 434 1807 τις
450 1740 583 1820 θηρητὴρ
599 1740 687 1806 κύνας
700 1741 894 1822 ἀργιόδοντας

157 1841 228 1928 σεύῃ
245 1839 293 1906 ἐπ’
308 1841 457 1927 ἀγροτέρῳ
474 1843 525 1907 συὶ
540 1845 654 1928 καπρίῳ
669 1843 705 1924 ἠὲ
719 1842 831 1918 λέοντι,

157 1947 195 2011 δς
209 1944 255 2010 ἐπ’
271 1944 447 2029 Ἀχαιοῖσιν
462 1952 533 2012 σεῦε
547 1952 652 2028 Τρῶας
665 1947 853 2031 μεγαθύμους

151 2047 267 2132 Ἕκτωρ
284 2051 463 2132 Πριαμίδης,
479 2053 670 2135 βροτολοιγῷ
684 2050 753 2118 ἶσος
765 2051 863 2131 Ἀρηϊ.
1050 2074 1095 2124 295

156 2151 241 2218 αι’σδς
256 2152 281 2216 δ’
298 2154 332 2215 ἐν
346 2153 494 2232 πρώτοισι
507 2151 585 2235 μέγα
599 2151 736 2234 φρονέων
751 2150 906 2234 ἐβεβήκει,

155 2256 187 2318 ἐν
201 2255 226 2319 δ’
243 2254 329 2320 έπεσ’
345 2256 456 2342 ὑσμίνῃ
471 2254 595 2337 ὑπεραέϊ
608 2257 677 2322 ἶσος
693 2255 802 2343 ἀέλλῃ,

155 2357 173 2434 ή
186 2382 219 2421 τε
235 2357 447 2438 καθαλλομένη
464 2356 574 2423 ἰοειδέα
589 2360 701 2425 πόντον
716 2360 819 2442 ὀρίνει.

192 2459 290 2524 Ἔνθα
305 2461 374 2526 τίνα
388 2468 517 2543 πρῶτον,
532 2462 600 2525 τίνα
614 2461 640 2526 δ’
656 2464 787 2526 ὕστατον
802 2458 973 2542 ἐξενάριξεν

151 2561 267 2645 Ἕκτωρ
283 2565 461 2645 Πριαμίδης,
478 2565 529 2630 ὅτε
544 2566 573 2627 οἵ
589 2564 665 2630 Ζεάς
680 2570 767 2631 κῦδος
782 2565 915 2637 έδωκεν,·
1049 2589 1097 2636 300

152 2664 279 2730 Ἀσαῖον
293 2667 350 2746 μὲν
364 2673 466 2749 πρῶτα
482 2668 531 2732 καὶ
546 2668 699 2731 Αὐτόνοον
714 2669 763 2732 καὶ
777 2667 916 2745 Ὀπίτην,

155 2769 201 2831 καὶ
217 2770 347 2832 Δόλοπα
362 2769 514 2849 Κλυτίδην
530 2771 579 2834 καὶ
593 2770 761 2851 Ὀφέλτιον
775 2769 820 2850 ἠδ’
836 2769 995 2852 Ἀγέλαον,

155 2873 308 2950 Αἴσυμνόν
322 2870 347 2935 τ’
360 2870 461 2954 Ὦρόν
473 2897 507 2936 τε
523 2874 572 2936 καὶ
586 2871 748 2938 Ἱππόνοον
762 2871 963 2956 μενεχάρμην.

155 2975 220 3041 τοὺς
236 2976 316 3056 ἀρ’·ιῖ
330 2974 358 3057 γ’
375 2974 524 3057 ἡγεμόνας
541 2981 670 3042 Δαναῶν
685 2977 764 3051 ἕλεν,
781 2975 873 3058 αιἰτάρ
889 2976 992 3042 ἔπειτα

155 3078 279 3156 πληθύν,
298 3078 337 3144 ὧς
353 3079 445 3143 ὁπότε
460 3077 555 3159 νέφεα
571 3078 707 3160 Ζέφυρος
724 3078 892 3165 στυφελίξῃ
1047 3106 1096 3154 305

156 3182 303 3262 ἀργεστᾶο
319 3181 442 3258 Νότοιο,
459 3182 570 3266 βαθείῃ
585 3182 715 3245 λαίλαπι
730 3181 859 3246 τύπτων·

156 3285 271 3350 πολλὸν
285 3288 319 3348 δὲ
335 3286 426 3366 τρόφι
443 3289 520 3364 κῦμα
535 3285 714 3364 κυλίνδεται,
729 3285 832 3366 ὕψόσε
846 3285 872 3351 δ’
889 3285 968 3369 ἀχνη

156 3390 309 3451 σκίδναται
326 3386 364 3465 ἐξ
379 3386 501 3465 ἀνέμοιο
517 3387 765 3470 πολυπλάγκτοιο
781 3389 862 3466 ίωῆς·

156 3490 193 3554 ἀς
207 3491 265 3570 ἀρα
280 3493 379 3554 πυκνά
394 3489 516 3571 καρήαθ’
532 3490 583 3571 ὑφ’
596 3489 720 3571 Ἕκτορι
735 3488 867 3568 δάμνατο
882 3496 975 3556 λαῶν.

190 3591 287 3656 Ἔνθα
303 3619 337 3656 κε
351 3593 457 3676 λοιγὸς
473 3593 525 3672 ἔην
541 3594 589 3656 καὶ
606 3591 747 3675 ἀμήχανα
761 3592 835 3674 ἔργα
848 3592 983 3674 γένοντο,
1049 3618 1097 3666 3¹0

156 3695 204 3758 καί
217 3696 251 3760 νύ
265 3723 318 3761 κεν
335 3698 368 3759 ἐν
386 3695 495 3776 νήεσσι
511 3695 607 3762 πέσον
623 3696 786 3778 φεύγοντες
801 3695 931 3779 Ἀχαιοί,
