2738 4226
250 334 312 393 224
562 334 612 380 11.
637 320 808 380 ΙΛΙΑΔΟΣ
831 320 868 380 Λ.

247 486 308 566 πὰρ
323 488 356 550 δὲ
371 483 462 552 δέπας
477 483 667 566 περικαλλές,
684 484 701 549 δ
716 488 836 550 οἴκοθεν
850 484 897 567 ἥγ’
914 487 931 550 ά
946 486 1076 567 γεραιάς.

247 691 369 774 τέσσαρ’
387 692 471 765 ἔσαν,
487 693 565 756 δοιαὶ
581 694 614 756 δὲ
628 692 787 759 πελειάδες
803 693 898 773 ἀμφὶς
913 692 1043 756 ἕκαστον

247 795 386 877 χρύσειαι
401 794 570 874 νεμέθοντο,
587 795 645 860 δύω
662 796 687 859 δ’
704 795 762 860 ύπδ
777 794 925 875 πυθμένες
939 793 1027 874 ἦσαν.

247 899 343 964 ἀλλος
356 900 412 978 μὲν
425 898 544 980 μογέων
559 898 788 978 ἀποκινήσασκε
802 897 948 980 τραπέζης

248 1004 355 1064 πλεῖον
369 1001 430 1073 ἐόν,
445 999 573 1082 Νέστωρ
588 998 615 1066 δ’
631 1003 647 1064 ὁ
662 1000 759 1084 γέρων
773 1000 901 1083 ἀμογητὶ
917 998 1026 1081 ἀειρεν.

248 1103 281 1165 έν
296 1104 337 1186 τῷ
352 1102 390 1185 ῥά
406 1110 465 1183 σφι
481 1104 592 1184 κύκησε
606 1105 680 1187 γυνή
701 1108 796 1169 ἐϊκυῖα
812 1105 920 1190 θεῇσιν

249 1208 318 1290 οἴνῳ
334 1206 504 1290 Πραμνείῳ,
519 1207 570 1270 ἐπὶ
586 1207 611 1271 δ’
629 1209 745 1289 αίγειον
760 1209 813 1283 κνή
828 1205 918 1287 τυρὸν

249 1309 354 1389 κνήστι
369 1309 508 1395 χαλκείῃ,
517 1310 574 1373 ἐπὶ
588 1310 614 1375 δ’
631 1310 747 1391 άλφιτο
760 1310 854 1374 λευκὰ
869 1308 994 1382 πάλυνε,

248 1412 404 1492 πινέμεναι
419 1410 444 1475 δ’
460 1410 631 1486 ἐκέλευσεν,
648 1414 718 1477 ἐπεί
728 1410 762 1496 ῥ’
778 1414 920 1477 ὥπλισσε
935 1418 1050 1477 κυκειῶ.

248 1519 289 1581 τδ
305 1513 332 1580 δ’
348 1515 414 1579 ἐπεὶ
429 1514 481 1578 οὖν
496 1514 608 1579 πίνοντ’
626 1513 742 1596 ἀφέτην
758 1514 953 1598 πολυκαγκέα
968 1517 1072 1597 δίψαν,

248 1621 388 1700 μύθοισιν
402 1616 546 1699 τέρποντο
561 1618 635 1702 πρὸς
652 1617 806 1696 ἀλλήλους
822 1618 989 1691 ἐνέποντες,

249 1722 426 1805 Πάτροκλος
441 1723 474 1784 δὲ
490 1721 616 1807 θύρῃσιν
631 1720 788 1801 ἐφίστατο,
806 1723 926 1788 ἰσόθεος
940 1722 1015 1803 φιύς.

249 1828 301 1892 τὸν
316 1828 348 1890 δὲ
363 1825 433 1889 ίδδν
449 1827 466 1888 ὁ
480 1825 600 1907 γεραιὸς
615 1823 675 1887 ἀπὸ
691 1825 799 1905 θρόνου
814 1823 890 1908 ὦρτο
905 1829 1043 1908 φαεινοῦ,

250 1936 281 1998 ές
295 1928 322 1996 δ’
338 1930 394 2011 ἀγε
407 1926 510 2012 χειρὸς
526 1926 615 2002 ἑλιύν,
632 1931 707 1990 κατὰ
722 1927 746 1992 δ’
764 1928 941 2010 ἑδριάασθαι
957 1928 1066 2009 ἀνωγε.

250 2033 426 2114 Πάτροκλος
442 2030 467 2094 δ’
485 2029 629 2112 ἑτέρωθεν
644 2029 782 2095 ἀναίνετο
802 2030 869 2095 εἶπέ
886 2055 920 2095 τε
934 2034 1037 2110 μῦθον·

251 2151 271 2176 “
281 2140 337 2221 οὐχ
353 2137 420 2202 ἕδος
435 2135 513 2210 ἐστί,
528 2137 631 2217 γεραιέ
647 2135 812 2217 διοτρεφές,
829 2135 898 2200 οὐδέ
911 2161 949 2215 με
965 2134 1090 2198 πείσεις.

250 2245 362 2308 αἰδοῖος
377 2237 540 2318 νεμεσητὸς
555 2239 573 2301 ὅ
587 2264 625 2318 με
640 2237 768 2318 προέηκε
782 2238 932 2303 πυθέσθαι

251 2348 368 2410 ὅντινα
381 2347 487 2406 τοῦτον
503 2340 586 2423 άγεις
600 2341 808 2421 βεβλημένον·
830 2340 977 2406 ἀλλὰκαὶ
993 2338 1081 2404 αύτδς
1166 2365 1175 2375 ·

250 2449 419 2532 γιγνώσκω,
435 2445 512 2525 ὁρόω
528 2447 560 2508 δέ
577 2444 737 2528 Μαχάονα,
752 2443 880 2525 ποιμένα
893 2447 988 2508 λαῶν.

251 2557 303 2616 νῦν
318 2551 350 2614 δὲ
366 2549 438 2613 έπος
453 2545 544 2627 ἐρέων
559 2545 653 2611 πάλιν
668 2547 799 2630 ἄγγελος
815 2543 873 2625 εἶμ’
889 2544 1023 2628 Ἀχιλῆϊ.

252 2653 284 2717 εδ
299 2654 331 2716 δὲ
347 2650 385 2714 σὺ
400 2649 500 2722 οἶσθα,
515 2652 618 2731 γεραιέ
633 2649 799 2731 διοτρεφές,
815 2652 879 2715 οἶος
894 2651 1008 2713 ἐκεῖνος

251 2755 348 2822 δεινδς
363 2752 446 2834 ἀνήρ·
469 2751 548 2837 τάχα
563 2778 614 2817 κεν
630 2754 679 2816 καὶ
695 2753 829 2817 ἀναίτιον
844 2746 1012 2835 αίτιύιρτο.”

293 2859 355 2922 Τὸν
370 2856 395 2923 δ’
411 2852 547 2935 ἠμείβετ’
563 2855 667 2919 ἔπειτα
681 2853 822 2937 Γερήνιος
837 2855 951 2918 ἱππότα
965 2850 1102 2933 Νέστωρ·
1145 2866 1196 2926 ⁶55

252 2964 367 3025 “τι’πτε
382 2959 407 3022 τ’
424 2955 470 3041 ἀρ’
486 2956 535 3023 ὧδ’
551 2956 694 3041 Ἀχιλεὺς
708 2958 891 3039 ὀλοφύρεται
906 2957 972 3021 υἶας
986 2955 1129 3037 Ἀχαιῶν,

252 3066 343 3129 ὅσσοι
359 3062 395 3140 δή
411 3060 541 3140 βέλεσιν
555 3057 754 3139 βεβλήαται;
779 3058 847 3122 οὐδέ
862 3084 891 3123 τι
906 3058 969 3121 οἶδε

254 3167 387 3245 πένθεος,
403 3169 501 3232 ὅσσον
516 3168 609 3245 ὄρωρε
624 3167 699 3228 κατὰ
715 3163 854 3243 στρατόν·
877 3161 906 3223 οἱ
920 3161 978 3240 γὰρ
993 3157 1111 3238 ἀριστοι

255 3274 288 3334 ἐν
302 3270 409 3348 νηυσὶν
425 3266 526 3330 κέαται
541 3261 733 3345 βεβλημένοι
749 3260 906 3341 ούτάμενοί
920 3284 963 3324 τε.

255 3374 408 3455 βέβληται
422 3373 478 3452 μὲν
493 3371 510 3432 θ
523 3365 668 3446 Τυδείδης
683 3366 824 3448 κρατερὸς
840 3362 1001 3445 Διομήδης,
1147 3375 1198 3425 660

256 3477 399 3544 οὔτασται
414 3474 438 3538 δ’
453 3470 600 3537 Ὀδυσεύς
615 3469 805 3552 δουρικλυτὸς
820 3467 864 3546 ἠδ’
881 3464 1088 3548 Ἀγαμέμνων·

259 3579 428 3668 [βέβληται
442 3578 475 3639 δέ
491 3575 539 3638 καὶ
555 3572 728 3656 Εὐρύπυλος
744 3573 820 3636 κατά
833 3569 928 3652 μηρὸν
943 3563 1061 3654 ὀϊστῷ]

257 3690 361 3749 τοῦτον
375 3678 402 3746 δ’
417 3679 514 3744 ἀλλον
529 3678 587 3761 ἐγὼ
602 3676 672 3742 νέον
687 3674 801 3757 ήγαγον
815 3675 849 3736 ἐκ
865 3671 1011 3756 πολέμοιο
