2788 4230
474 352 522 414 18.
546 357 776 416 οΔτΣνςιΑΣ
799 357 833 415 Σ.
1063 350 1125 434 803

215 522 278 590 Ὣς
295 525 384 606 φάτο,
401 526 442 610 τῷ
459 523 484 590 δ’
500 527 545 590 ἔτι
560 531 680 606 μᾶλλον
695 525 753 590 ἀπὸ
768 524 876 606 τρόμος
891 526 1010 604 ἔλλαβε
1025 529 1104 606 γυῖα.

176 630 209 694 ἐς
225 629 343 709 μέσσον
358 629 384 694 δ’
399 630 520 713 άναγον·
544 633 585 693 τὼ
601 631 626 695 δ’
642 631 733 710 ἄμφω
749 634 852 712 χεῖρας
867 630 1008 710 ἀνέσχον.

178 731 214 810 δή
230 734 298 798 τότε
315 732 477 816 μερμήριξε
490 735 643 802 πολύτλας
658 740 721 800 δῖος
736 732 902 798 Ὀδυσσεὺς
1090 762 1125 812 90

177 833 195 914 ἢ
212 837 327 902 ἐλάσει’
343 841 381 902 ὥς
396 865 447 920 μιν
462 840 548 923 ψυχὴ
564 841 650 903 λίποι
666 840 735 903 αάθι
750 840 895 911 πεσόντα,

177 940 213 1019 ἦέ
226 967 277 1021 μιν
291 940 336 1018 ἦκ’
351 941 473 1006 ἐλάσειε
488 943 667 1007 τανύσσειέν
681 944 706 1005 τ’
722 941 771 1007 ἐπὶ
785 943 865 1029 γαίῃ.

178 1048 235 1108 ὧδε
251 1046 284 1111 δέ
299 1047 327 1108 οἱ
344 1047 505 1127 φρονέοντι
520 1047 674 1110 δοάσσατο
690 1049 806 1129 κέρδιον
822 1047 907 1120 εἶναι,

177 1147 222 1227 ἦκ’
239 1150 359 1228 ἐλάσαι,
375 1151 424 1212 ίνα
439 1147 480 1229 μή
495 1177 547 1230 μιν
562 1151 798 1233 ἐπιφρασσαίατ’
816 1148 943 1234 Ἀχαιοί.

178 1253 213 1332 δὴ
230 1255 290 1317 τότ’
306 1256 502 1336 ἀνασχομένω
520 1257 535 1318 ὁ
550 1259 606 1334 μὲν
620 1255 718 1334 ήλασε
734 1254 834 1334 δεξιὸν
849 1254 931 1336 ὦμον
1091 1282 1124 1330 95

173 1356 261 1440 Ἶρος,
279 1362 295 1422 ὁ
311 1360 336 1424 δ’
352 1360 453 1443 αὐχέν’
469 1362 603 1424 ἔλασσεν
618 1361 668 1424 ὑπ’
684 1361 799 1435 οὔατος,
814 1359 908 1423 ὀστέα
923 1359 949 1422 δ’
965 1361 1038 1422 εἴσω

178 1463 318 1527 ἔθλασεν·
341 1465 446 1526 αὐτίκα
462 1465 487 1527 δ’
502 1463 576 1543 ἦλθε
592 1467 668 1527 κατὰ
682 1466 781 1543 στόμα
797 1466 915 1544 φοίνιον
931 1464 1015 1541 αίμα,

179 1566 232 1630 κάδ
249 1568 274 1629 δ’
290 1568 375 1631 ἔπεσ’
391 1569 423 1631 ἔν
439 1571 557 1654 κονίῃσι
573 1569 685 1648 μακών,
703 1567 759 1632 σὺν
775 1566 800 1631 δ’
814 1566 906 1646 ήλασ’
921 1568 1045 1632 ὀδόντας

176 1672 323 1748 λακτίζων
338 1669 411 1735 ποσὶ
427 1677 526 1752 γαῖαν·
546 1672 620 1753 ἀτάρ
634 1676 803 1754 μνηστῆρες
820 1673 926 1753 ἀγαυοὶ

176 1779 279 1857 χεῖρας
295 1777 498 1859 ἀνασχόμενοι
513 1776 593 1860 γέλῳ
610 1780 744 1840 ἔκθανον.
774 1776 868 1856 αὐτὰρ
883 1773 1051 1840 Ὀδυσσεὺς
1078 1802 1125 1838 ιοο

177 1878 248 1942 ἕλκε
264 1881 326 1943 διέκ
342 1880 502 1962 προθύροιο
520 1881 629 1959 λαβὼν
643 1882 743 1956 ποδός,
760 1881 830 1963 ὄφρ’
844 1879 916 1943 ἵκετ’
932 1879 1027 1957 αὐλήν

177 1984 321 2060 αἰθούσης
340 2009 372 2047 τε
388 1984 486 2062 θύρας·
510 1985 561 2047 καί
574 2009 626 2064 μιν
639 1985 709 2046 ποτὶ
725 1984 823 2066 ἑρκίον
841 1985 934 2061 αύλῆς

178 2088 261 2149 είσεν
277 2087 448 2164 ἀνακλίνας,
464 2091 618 2170 σκῆπτρον
633 2087 666 2152 δέ
680 2091 708 2150 οἱ
724 2088 842 2167 ἔμβαλε
859 2088 946 2168 χειρί,

177 2191 227 2252 καί
240 2215 292 2269 μιν
307 2188 453 2270 φωνήσας
468 2191 542 2254 ἔπεα
557 2191 718 2271 πτερόεντα
733 2191 898 2270 προσηύδα·

177 2301 193 2328 “
207 2296 346 2359 ἐνταυθοῖ
361 2299 414 2358 νῦν
429 2295 487 2374 ἧσο
506 2294 582 2360 σύας
596 2321 629 2359 τε
645 2295 734 2360 κύνας
748 2295 773 2358 τ’
789 2295 953 2376 ἀπερύκων,
1078 2321 1122 2370 105

176 2399 251 2476 μηδὲ
267 2397 356 2480 σύγε
373 2397 480 2476 ξείνων
496 2397 544 2461 καὶ
559 2403 689 2482 πτωχῶν
706 2399 842 2481 κοίρανος
858 2399 933 2462 εἶναι

175 2507 285 2582 λυγρὸς
300 2501 366 2579 ἐάν,
381 2500 423 2580 μή
438 2503 496 2565 πού
510 2527 539 2565 τι
554 2508 644 2565 κακὸν
660 2498 709 2564 καὶ
724 2502 826 2578 μεῖζον
840 2498 981 2587 ἐπαύρῃ.”

216 2601 260 2664 Ἦ
274 2606 313 2687 ῥα
328 2602 376 2669 καὶ
392 2603 468 2686 ἀμφ’
483 2606 610 2686 ὤμοισιν
625 2605 727 2670 ἀεικέα
741 2605 878 2684 βάλλετο
895 2604 1001 2686 πήρην,

177 2707 272 2770 πυκνά
286 2709 454 2791 ῥωγαλέην·
478 2713 510 2772 ἐν
526 2711 558 2773 δὲ
571 2711 705 2790 στρόφος
721 2709 773 2789 ήεν
788 2709 906 2791 ἀορτήρ.

177 2808 224 2890 ἀφ
240 2812 264 2874 δ’
277 2812 295 2874 ὅ
309 2809 337 2893 γ’
353 2812 399 2875 ἐπ’
416 2813 505 2877 οὐδὸν
521 2814 575 2879 ἰὼν
591 2814 653 2876 κατ’
668 2813 714 2893 ἄρ’
728 2813 820 2891 ἕζετο·
844 2811 890 2876 τοὶ
905 2812 929 2876 δ’
945 2813 1017 2876 ίσαν
1034 2813 1106 2876 είσω

176 2913 231 2991 ήδδ
245 2917 424 2994 γελοίωντες
440 2915 487 2980 καὶ
503 2915 690 2984 δεικανόωντ’
706 2917 842 2982 ἐπέεσσι·
1078 2943 1121 2976 ιιι

177 3012 249 3104 [ὦδε
264 3018 298 3083 δέ
312 3045 357 3085 τις
372 3023 494 3086 εἴπεσκε
508 3019 585 3084 νέων
597 3017 880 3108 ὑπερηνορεόντων]

175 3127 193 3155 “
205 3122 279 3188 Ζεύς
295 3148 340 3185 τοι
357 3124 432 3201 δοίη,
450 3121 538 3201 ξεῖνε,
554 3124 602 3188 καὶ
618 3123 760 3188 ἀθάνατοι
775 3123 839 3189 θεολ
858 3125 949 3187 ἄλλοι

176 3225 240 3288 ὅττι
254 3223 378 3305 μάλιστ’
394 3225 510 3292 ἐθέλεις
525 3229 576 3289 καί
589 3254 636 3290 τοι
650 3229 746 3308 φίλον
761 3228 871 3292 ἔπλετο
887 3230 977 3312 θυμῷ,

176 3326 208 3394 δς
224 3334 329 3392 τοῦτον
344 3329 396 3392 τὸν
411 3328 543 3394 ἄναλτον
557 3331 713 3408 ἀλητεύειν
728 3331 905 3398 ἀπέπαυσας

177 3435 210 3494 ἐν
226 3430 318 3516 δήμῳ·
341 3432 419 3515 τάχα
434 3432 492 3516 γάρ
506 3460 558 3514 μιν
573 3432 723 3515 ἀνάξομεν
736 3434 893 3516 ἤπειρόνδε
1076 3463 1122 3512 ¹15

176 3537 219 3602 είς
231 3532 361 3619 Ἔχετον
379 3540 527 3616 βασιλῆα,
543 3544 662 3620 βροτῶν
677 3537 830 3620 δηλήμονα
845 3537 995 3602 πάντων.”

212 3637 276 3704 Ὣς
291 3638 336 3720 ἀρ’
353 3639 441 3719 ἔφαν,
456 3646 561 3724 χαῖρεν
577 3644 609 3704 δὲ
626 3642 764 3718 κλεηδόνι
780 3647 843 3709 δῖος
857 3642 1034 3709 Ὀδυσσεύς,

174 3742 328 3808 Ἀντίνοος
343 3741 368 3805 δ’
384 3743 442 3823 άρα
457 3747 486 3808 οἱ
500 3744 636 3827 μεγάλην
651 3748 732 3826 παρὰ
746 3745 878 3828 γαστέρα
893 3751 991 3825 θῆκεν,

581 3863 606 3911 ιι
622 3849 644 3913 d
661 3867 679 3914 α
