2760 4232
269 345 352 408 1018
566 351 719 410 ΕΠΙΚΟΣ
745 350 917 409 ΚΎΚΛΟΣ.

269 517 405 603 λοχήσας
430 516 562 582 Ἕλενον
589 516 751 598 λαμβάνει,
781 517 830 582 καὶ
860 515 1029 598 χρήσαντος
1060 517 1127 596 περὶ
1164 521 1216 595 τῆς

268 621 412 686 ἁλώσεως
427 621 531 684 τούτου
543 620 696 699 Διομήδης
712 623 743 684 ἐκ
755 619 877 700 Λήμνου
893 618 1083 700 Φιλοκτήτην
1099 620 1216 703 ἀνάγει.

269 725 362 790 ἰαθεὶς
385 725 418 787 δέ
441 725 525 790 οὗτος
547 725 605 788 ὑπὸ
626 724 789 807 Μαχάονος
810 727 858 789 καὶ
878 723 1093 806 μονομαχήσας
1108 721 1216 802 Ἀλεξ·

269 830 364 912 άνδρῳ
392 828 508 892 κτείνει·
541 830 589 892 καὶ
619 829 671 894 τὸν
698 835 803 908 νεκρὸν
832 828 891 893 ὑπὸ
921 827 1083 892 Μενελάου
1115 853 1216 890 καται-

269 933 409 996 κισθέντα
439 933 617 1011 ἀνελόμενοι
647 932 813 996 θάπτουσιν
850 934 879 995 οί
905 935 1015 1012 Τρῶες.
1074 930 1151 1008 μετά
1182 935 1215 994 δὲ

267 1041 358 1099 ταῦτα
396 1033 557 1115 Δηίφοβος
591 1033 720 1114 Ἑλένην
756 1041 853 1118 γαμεῖ.
913 1033 961 1099 καὶ
999 1036 1216 1113 Νεοπτόλεμον

267 1139 437 1205 Ὀδυσσεὺς
463 1141 496 1202 ἐκ
519 1140 633 1219 Σκύρου
660 1141 781 1221 ἀγαγὼν
803 1143 841 1202 τά
869 1141 951 1203 ὅπλα
975 1140 1082 1202 δίδωσι
1104 1141 1142 1201 τά
1165 1143 1216 1201 τοῦ

268 1244 389 1324 πατρός·
424 1241 472 1307 καὶ
497 1239 663 1324 Ἀχιλλεὺς
692 1243 770 1326 αὐτῷ
800 1241 990 1324 φαντάζεται.
1040 1241 1215 1322 Εὐρύπυλος

269 1350 301 1410 δὲ
328 1348 344 1409 ὁ
370 1345 516 1427 Τηλέφου
540 1348 696 1427 ἐπίκουρος
720 1352 783 1413 τοῖς
808 1350 912 1428 Τρωσὶ
936 1349 1140 1429 παραγίνεται,
1167 1345 1216 1409 καὶ

269 1450 463 1530 ἀριστεύοντα
500 1451 589 1514 αιίτὸν
623 1452 792 1515 ἀποκτείνει
813 1451 1050 1528 ,Νεοπτόλεμος
1107 1447 1155 1513 καὶ
1187 1452 1217 1513 οἱ

268 1559 370 1634 Τρῶες
392 1559 633 1635 πολιορκοῦνται·
665 1555 713 1618 καὶ
728 1554 849 1620 Ἐπειὸς
872 1554 935 1619 κατ’
958 1552 1088 1631 Ἀθηνᾶς
1111 1555 1216 1634 προαί·

268 1682 355 1738 ρεσιν
375 1657 428 1720 τὸν
450 1657 585 1737 δούρειον
614 1659 709 1721 ἵππον
737 1658 958 1735 κατασκευάζει·
992 1657 1162 1723 Ὀδυσσεύς
1184 1683 1218 1720 τε

269 1759 461 1841 αἰκισάμενος
485 1764 590 1824 ἑαυτὸν
618 1760 806 1826 κατάσκοπος
830 1763 872 1827 είς
890 1759 988 1825 Ἴλιον
1012 1763 1218 1843 παραγίνεται,

265 1866 319 1940 ,καὶ
342 1865 577 1946 ἀναγνωριοθεὶς
599 1862 651 1945 ὑφ’
673 1863 801 1943 Ἑλένης
824 1861 892 1945 περὶ
916 1869 969 1943 τῆς
995 1865 1139 1930 ἀλάσεως
1164 1867 1219 1939 τῆς

269 1968 387 2034 πόλεως
406 1969 584 2045 συντίθεται,
604 1969 720 2034 κτείνας
737 1969 770 2031 τέ
791 1995 873 2034 τινας
894 1976 952 2032 τῶν
967 1969 1079 2049 Τράων
1094 1965 1142 2030 ἐπὶ
1164 1971 1219 2033 τὰς

270 2076 339 2136 ναῦς
357 2072 536 2150 ἀφικνεῖται.
561 2069 609 2134 καὶ
624 2070 698 2150 μετὰ
714 2078 805 2135 ταῦτα
821 2071 877 2136 σὺν
888 2070 1034 2152 Διομήδει
1049 2077 1082 2134 τὸ
1098 2070 1219 2134 παλλά-

270 2180 334 2238 διον
360 2176 506 2253 ἐκκομίζει
530 2177 564 2238 ἐκ
587 2179 640 2254 τῆς
663 2175 767 2240 Ἰλίου.
813 2179 917 2239 ἔπειτα
942 2178 985 2241 είς
1011 2181 1065 2238 τὸν
1086 2174 1220 2255 δούρειον

270 2282 365 2342 ἵππον
379 2277 447 2343 τοδς
468 2278 608 2358 ἀρίστους
623 2278 850 2359 ἐμβιβάσαντες
870 2279 923 2344 τάς
943 2304 976 2342 τε
997 2281 1111 2356 σκηνάς
1130 2303 1219 2340 κατα-

271 2379 440 2462 φλέξαντες
464 2385 492 2444 οἱ
518 2379 621 2445 λοιποὶ
651 2388 711 2445 τῶν
737 2380 898 2460 Ἑλλήνων
924 2384 967 2448 εἰς
989 2382 1119 2448 Τένεδον
1145 2381 1219 2446 ἀνά-

272 2504 384 2567 γονται·
409 2487 438 2548 οἶ
454 2487 486 2548 δέ
499 2489 601 2567 Τρῶες
616 2492 675 2548 τῶν
685 2491 783 2549 κακῶν
798 2487 1006 2566 ὑπολαβόντες
1021 2483 1221 2568 ἀπηλλάχθαι

271 2593 324 2654 τόν
345 2613 378 2652 τε
400 2590 533 2668 δούρειον
555 2593 650 2654 ἵππον
673 2592 716 2655 εἰς
737 2589 794 2668 τήν
815 2590 908 2654 πόλιν
933 2588 1132 2672 είσδέχονται,
1158 2594 1221 2654 διε-

270 2696 378 2758 λόντες
398 2693 488 2774 μέρος
510 2719 539 2756 τι
552 2699 614 2756 ’τοῦ
634 2695 763 2776 τείχους,
791 2691 839 2757 καὶ
870 2693 1050 2775 εὐωχοῦνται
1076 2693 1115 2758 ὥς
1142 2719 1221 2756 νενι-

273 2799 395 2874 κηκότες
417 2797 485 2863 τοὺς
504 2795 669 2872 Ἕλληνας.

1104 2883 1184 2931 Procl.

729 3019 758 3067 1·

270 3122 366 3186 Ἴλιον
382 3123 470 3186 ἀείδω
488 3124 536 3186 καὶ
552 3121 722 3200 Δαρδανίην
738 3121 885 3194 ἐύπωλον,

273 3226 308 3305 ής
325 3224 390 3305 πέρι
406 3225 507 3289 πολλὰ
526 3222 622 3288 πάθον
640 3222 753 3288 Δαναοὶ
770 3224 950 3305 θεράποντες
963 3222 1083 3304 Ἀμηος.
1167 3307 1170 3318 Ι

714 3345 919 3395 Pseudo-Herod.
932 3347 990 3395 vita
1003 3344 1108 3393 Homeri
1121 3347 1134 3402 ς
1150 3343 1187 3392 1⁶.

738 3508 766 3554 2.

276 3615 351 3677 Αίας
364 3613 419 3690 μὲν
434 3609 492 3693 γὰρ
507 3611 589 3692 ἀειρε
604 3612 652 3676 καὶ
669 3613 777 3693 ἔκφερε
792 3615 947 3690 δηϊοτῆτος

277 3716 338 3795 ἥρω
355 3715 521 3794 Πηλείδηυ,
537 3715 597 3780 οὐδ’
611 3714 703 3794 ήθελε
719 3720 781 3782 δῖος
795 3713 972 3780 Ὀδυσσεύς.
