2834 4234
506 374 554 420 10.
578 359 812 420 οιυννυικυ
836 361 871 420 κ.
1101 358 1164 439 6⁶5

215 534 320 612 χεῖρας
337 527 499 610 νιψάμενοι
515 526 648 611 τεύχοντ’
664 527 799 610 ἐρικυδέα
814 531 907 591 δαῖτα.

216 633 255 698 ὣς
270 634 339 696 τότε
354 633 410 713 μὲν
425 632 543 713 πρόπαν
558 630 637 712 ήμαρ
652 633 683 697 ές
698 630 804 709 ἠέλιον
819 630 983 694 καταδύντα

216 734 312 813 ἥμεθα
329 735 499 813 δαινύμενοι
516 732 584 814 κρέα
598 732 624 796 τ’
640 732 758 797 άσπετα
774 734 821 796 καὶ
836 732 911 813 μέθυ
929 732 993 811 ἡδύ·

216 837 289 917 ήμος
305 838 331 902 δ’
346 838 447 918 ἠέλιος
464 835 569 900 κατέδυ
585 823 632 900 καὶ
648 838 698 901 έπὶ
714 838 827 912 κνέφας
841 834 926 915 ἦλθε,
1030 859 1032 866 ’
1117 851 1164 913 185

216 942 252 1020 δή
268 942 336 1005 τότε
352 939 535 1021 κοιμήθημεν
550 942 600 1004 έπὶ
615 942 737 1023 ῥηγμῖνι
752 939 921 1017 θαλάσσης.

216 1044 290 1124 ἦμος
305 1045 330 1106 δ’
346 1044 497 1128 ἠριγένεια
513 1043 594 1125 φάνη
610 1042 828 1128 ῥοδοδάκτυλος
842 1042 932 1120 Ἠώς,

217 1144 265 1210 καὶ
281 1147 341 1210 τότ’
357 1149 436 1230 έγιδν
451 1147 563 1228 ἀγορὴν
579 1145 702 1227 θέμενος
717 1148 793 1225 μετὰ
811 1150 907 1209 πᾶσιν
923 1146 1034 1209 ἔειπον·

259 1255 278 1286 “
291 1246 439 1338 [Κέκλυτέ
453 1275 509 1332 μευ
524 1251 633 1329 μύθων,
649 1247 724 1312 κακά
739 1275 795 1329 περ
810 1248 982 1333 πάσχοντες
998 1245 1135 1336 ἑταῖρον]

216 1351 239 1417 ὦ
256 1355 352 1436 φίλοι,
369 1355 402 1418 ού
418 1354 475 1436 γάρ
490 1354 516 1417 τ’
527 1354 612 1432 ίδμεν
627 1354 686 1440 ὅπῃ
704 1354 795 1433 ζόφος
810 1353 870 1417 οὐδ’
886 1353 945 1440 ὅπη
960 1353 1029 1432 ήιύς,
1118 1380 1165 1430 ι9ο

217 1457 278 1521 οὐδ’
293 1459 352 1544 ότι-η
369 1457 472 1537 ἠέλιος
487 1459 715 1538 φαεσίμβροτος
732 1456 788 1520 είσ’
803 1458 862 1520 ὑπὸ
877 1461 967 1539 γαῖαν

217 1560 278 1624 οὐδ’
295 1562 354 1647 ὅπη
371 1562 511 1624 ἀννεῖται·
543 1561 625 1624 ιἰλλδ
640 1560 819 1640 φραζώμεθα
835 1564 954 1622 θῖισσον

217 1665 247 1728 εί
259 1689 305 1729 τις
322 1664 363 1727 ἔτ’
380 1664 466 1727 ἔσται
480 1667 576 1744 μῆτις·
608 1662 666 1746 ἐγὼ
683 1663 708 1727 δ’
725 1663 777 1727 ούκ
792 1664 893 1744 οῖομαι
912 1664 997 1728 εἶναι.

217 1767 297 1831 εἶδον
311 1766 369 1850 γὰρ
385 1767 516 1846 σκοπιήν
532 1769 563 1833 ές
578 1768 814 1832 παιπαλόεσσαν
828 1769 964 1831 ἀνελθὼν

216 1872 319 1954 νήσου,
336 1871 391 1950 τήν
405 1870 475 1953 πέρι
489 1871 600 1936 πόντος
616 1871 767 1952 ἀπείριτος
784 1871 1000 1950 ἐστεφάνωται.
1119 1866 1165 1950 ι’ρ5

216 1974 290 2054 αὐτή
306 1977 338 2038 δὲ
355 1973 496 2055 χθαμαλή
513 1979 618 2037 κεῖται·
649 1973 764 2038 καπνὸν
778 1973 803 2038 δ’
818 1971 863 2036 ένὶ
878 1975 978 2061 μέσσῃ

216 2079 341 2160 ἔδρακον
358 2077 546 2158 ὀφθαλμοῖσι
566 2079 616 2140 διὰ
631 2074 725 2158 δρυμὰ
740 2075 837 2140 πυκνὰ
853 2075 902 2142 καὶ
915 2076 1020 2156 ύλην.”

253 2180 317 2247 Ὣς
333 2180 462 2262 ἐφάμην,
477 2184 577 2244 τοῖσιν
590 2181 624 2244 δὲ
640 2179 830 2258 κατεκλάσθη
847 2181 941 2260 φίλον
956 2181 1027 2263 ἦτορ

216 2286 416 2364 μιμησαμένοις
433 2285 529 2366 ἔργων
545 2284 769 2365 Λαιστρυγόνος
783 2283 968 2364 Ἀντιφάταο

218 2389 384 2454 Κύκλωπός
398 2412 432 2452 τε
446 2389 518 2468 βίης
531 2385 748 2470 μεγαλήτορος,
765 2386 977 2471 ἀνδροφάγοιο.
1117 2415 1166 2450 τοο

218 2498 325 2556 κλαῖον
340 2495 372 2556 δὲ
388 2491 507 2574 λιγέως,
524 2495 652 2572 θαλερὸν
669 2493 743 2554 κατὰ
758 2489 850 2572 δάκρυ
865 2492 997 2574 χέοντες·

218 2596 288 2660 δλλ’
300 2598 334 2661 οὐ
348 2594 406 2678 γάρ
421 2621 467 2661 τις
483 2592 589 2676 πρῆξις
605 2595 741 2677 ἐγίγνετο
756 2594 978 2675 μυρομένοισιν.

261 2700 359 2781 Αὐτὰρ
376 2699 435 2782 ἐγὼ
451 2701 521 2783 δίχα
535 2699 648 2765 πάντας
664 2698 840 2778 ἐϋκνήμιδας
855 2701 988 2781 ἑταίρους

218 2803 369 2885 ἠρίθμεον,
387 2805 482 2886 ἀρχὸν
497 2806 530 2867 δὲ
545 2802 609 2882 μετ’
625 2802 843 2884 ἀμφοτέροισιν
859 2805 992 2868 όπασσα·

218 2914 277 2971 τῶν
291 2910 347 2987 μὲν
362 2907 440 2989 ἐγὼν
456 2906 559 2988 ἦρχον,
578 2906 679 2970 τῶνδ’
697 2907 869 2991 Εὐρύλοχος
884 2905 1029 2986 θεοειδής.
1118 2935 1166 2984 ²05

219 3008 347 3092 κλήρους
361 3010 387 3074 δ’
403 3012 436 3074 έν
451 3009 539 3095 κυνέῃ
554 3009 701 3092 χαλκήρεϊ
714 3010 874 3088 πάλλομεν
889 3007 960 3075 ὦκα·

219 3115 251 3176 έκ
267 3111 292 3176 δ’
307 3114 393 3195 έθορε
410 3116 519 3194 κλῆρος
533 3111 739 3194 μεγαλήτορος
756 3114 950 3197 Εὐρυλόχοιο.

218 3221 262 3296 βῆ
277 3217 303 3280 δ’
321 3218 405 3294 ίέναι,
421 3217 481 3298 ἅμα
495 3217 537 3301 τῷ
555 3243 591 3298 γε
605 3218 664 3280 δύω
681 3219 729 3280 καὶ
745 3217 837 3281 είκοσ’
853 3220 964 3297 ἑταῖροι

220 3321 385 3387 κλαίοντες·
418 3323 493 3385 κατὰ
508 3320 533 3384 δ’
549 3321 628 3401 άμμε
643 3320 734 3385 λίπον
750 3322 901 3404 γοόωντας
917 3323 1055 3387 ὄπισθεν.

220 3424 307 3506 εὗρον
322 3423 348 3487 δ’
364 3426 396 3487 έν
410 3425 553 3512 βήσσῃσι
569 3423 734 3506 τετυγμένα
750 3426 868 3503 δόματα
886 3426 996 3506 Κίρκης
1121 3452 1169 3489 τιο

219 3526 375 3606 ξεστοῖσιν
390 3527 513 3604 λάεσσι,
529 3528 719 3614 περισκέπτῳ
736 3526 780 3594 ἑνὶ
795 3530 893 3614 χάριρ.

219 3632 298 3713 ἀμφὶ
314 3629 347 3694 δέ
361 3657 414 3712 μιν
427 3633 514 3698 λύκοι
529 3633 608 3713 ήσαν
623 3633 776 3714 ὀρέστεροι
792 3633 844 3712 ἠδὲ
858 3633 987 3710 λέοντες,

219 3735 288 3801 τοὺς
304 3735 377 3814 αὐτὴ
394 3735 582 3816 κατέθελξεν,
599 3738 665 3801 ἐπεὶ
680 3740 756 3800 κακδ
771 3736 903 3818 φάρμακ’
918 3738 1037 3802 ἔδωκεν.
