2788 4230
258 299 320 383 830
551 317 599 381 19.
624 301 860 361 ΟΔΥΣΣΕΙΑΣ
888 302 923 360 Τ.

258 467 328 532 ἀλλ’
345 469 397 551 ἔχε
415 469 488 554 σιγῇ
501 473 605 546 μῦθον,
621 470 785 550 ἐπίτρεψον
800 470 832 531 δὲ
849 465 993 532 θεοῖσιν.”

292 571 356 638 Ὣς
371 571 416 653 ἄρ’
433 573 502 652 ἔφη,
516 574 608 656 γρηῢς
623 576 655 636 δὲ
671 575 734 636 διὲκ
750 571 891 653 μεγάροιο
905 571 1036 652 βεβήκει

258 676 399 754 οἰσομένη
415 677 611 758 ποδάνιπτρα·
633 680 684 739 ττδ
700 674 756 754 γὰρ
771 674 889 757 πρότερ’
906 677 1014 757 ἔκχυτο
1028 675 1135 740 πάντα.

258 779 348 861 αότδρ
364 778 430 844 ἐπεὶ
445 783 535 861 νίψεν
552 805 584 844 τε
600 776 648 843 καί
663 779 794 861 ἤλειψεν
809 777 873 843 λίπ’
892 781 992 864 ἐλαίῳ,
1154 808 1206 856 505

258 883 340 949 αὖτις
355 881 399 963 ἄρ’
415 884 569 964 ἀσσοτέρω
587 889 677 964 πυρδς
693 883 798 946 έλκετο
815 884 922 964 δίφρον
936 881 1103 949 Ὀδυσσεὺς

258 988 449 1069 θερσόμενος,
464 987 558 1065 οὐλὴν
573 991 606 1050 δὲ
622 989 696 1049 κατὰ
710 985 856 1068 ῥακέεσσι
871 986 998 1068 κάλυψε.

258 1095 339 1153 τοῖσι
354 1093 386 1154 δὲ
401 1091 502 1167 μύθων
519 1089 593 1172 ήρχε
609 1090 763 1170 περίφρων
779 1090 984 1168 Πηνελόπεια·

258 1199 275 1226 “
285 1193 374 1273 ξεῖνε,
390 1195 424 1257 τδ
439 1194 494 1272 μέν
511 1191 540 1255 σ’
556 1194 600 1256 ἔτι
615 1193 722 1256 τυτθὸν
736 1194 813 1273 έγδιν
829 1191 987 1274 εἰρήσομαι
1003 1192 1084 1272 αότή·

259 1300 308 1363 καὶ
323 1301 381 1380 γάρ
397 1298 432 1376 δὴ
449 1299 558 1360 κοίτοιο
573 1297 642 1379 τάχ’
657 1298 780 1361 ἔσσεται
799 1295 886 1374 ἡδέος
902 1299 972 1377 ὥρη,

259 1404 294 1467 ὅν
309 1400 376 1466 τινό
390 1401 419 1482 γ’
435 1403 527 1467 ὕπνος
542 1401 608 1464 έλοι
622 1401 778 1482 γλυκερός,
795 1398 843 1463 καὶ
859 1401 1021 1478 κηδόμενόν
1037 1426 1102 1482 περ.

259 1505 351 1586 αότάρ
367 1502 432 1582 ἐμοὶ
449 1505 496 1568 καὶ
512 1503 620 1570 πένθος
636 1504 800 1584 ἀμέτρητον
815 1505 890 1584 πόρε
905 1507 1027 1584 δαίμων·

258 1607 356 1688 ἤματα
370 1611 426 1684 μὲν
441 1608 499 1688 γάρ
514 1605 635 1687 τέρπομ’
651 1607 821 1688 ὀδυρομένη,
838 1608 968 1689 γοόωσα,

260 1714 290 1777 ἔς
305 1711 331 1774 τ’
346 1712 402 1790 έμά
418 1710 479 1793 ἔργ’
496 1712 616 1791 ὁρόωσα
632 1712 680 1773 καὶ
697 1711 880 1790 ἀμφιπόλων
896 1708 939 1775 ἰνί
956 1713 1038 1794 οἰκῳ·

259 1813 350 1896 αὐτὰρ
366 1815 432 1878 ἐπεὶ
448 1813 503 1892 νδξ
516 1815 600 1901 ἔλθῃ,
617 1813 707 1901 ἕλῃσί
722 1839 755 1877 τε
771 1819 868 1879 κοῖτος
883 1813 1026 1892 ἅπαντας,

261 1924 359 1996 κεῖμαι
375 1919 418 1982 ένὶ
435 1918 559 2002 λέκτρῳ,
576 1918 695 1981 πυκιναὶ
711 1918 745 1983 δέ
758 1943 809 1996 μοι
825 1917 901 1997 ἀμφ’
917 1917 1020 1982 ἀδινὸν
1035 1918 1089 1998 κῆρ

259 2020 354 2101 ὀξεῖαι
368 2027 536 2101 μελεδῶνες
553 2022 732 2102 ὀδυρομένην
747 2011 912 2102 ἐρέθουσιν.

261 2125 299 2192 ῶς
315 2123 339 2190 δ’
355 2127 405 2190 ὅτε
422 2127 598 2207 Πανδαρέου
614 2126 713 2206 κου’ρη,
729 2125 861 2207 χλωρηῒς
877 2124 984 2202 ἀηδῶν,

261 2236 354 2294 καλὸν
369 2231 505 2315 ἀείδῃσιν
522 2230 607 2310 ἔαρος
623 2227 689 2293 νέον
707 2228 886 2308 ἱσταμένοιο,

261 2332 406 2413 δενδρέων
422 2335 454 2396 ἓν
470 2332 631 2396 πετάλοισι
648 2331 827 2409 καθεζομένη
846 2335 1025 2407 πυκινοῖσιν,

260 2438 280 2515 ἥ
295 2463 327 2500 τε
343 2435 423 2515 θαμά
438 2441 587 2517 τρωπῶσα
603 2435 668 2518 χέει
683 2432 837 2518 πολυηχέα
853 2433 967 2514 φωνήν,

261 2538 342 2605 παῖδ’
359 2541 566 2620 ὀλοφυρομένη
579 2537 699 2603 Ἴτυλον
715 2539 820 2620 φίλον,
837 2539 873 2601 όν
888 2564 961 2602 ποτε
978 2539 1086 2624 χαλκῷ

261 2651 358 2709 κτεῖνε
373 2643 411 2709 δι’
427 2643 584 2725 ἀφραδίας,
599 2649 704 2721 κοῦρον
719 2641 831 2720 Ζήθοιο
847 2642 982 2716 ἄνακτος,

262 2750 302 2816 ὣς
318 2745 366 2812 καί
382 2749 449 2828 έμοί
465 2748 537 2830 δίχα
552 2747 642 2825 θυμδς
657 2746 800 2828 ὀρόρεται
816 2746 889 2810 ἔνθα
904 2743 952 2810 καί
967 2746 1047 2820 ἔνθα,

260 2852 295 2930 ἠὲ
310 2851 390 2933 μένω
409 2854 489 2932 παρὰ
505 2850 588 2914 παιδὶ
604 2853 652 2914 καὶ
668 2851 782 2929 ἔμπεδα
799 2850 897 2913 πάντα
913 2848 1075 2929 φυλόσσω,

262 2959 368 3032 κτῆσιν
383 2953 465 3033 ἐμήν,
483 2953 582 3036 δμῳάς
597 2979 629 3018 τε
646 2955 694 3017 καὶ
709 2953 862 3034 ὑψερεφὲς
876 2952 955 3033 μέγα
970 2957 1062 3032 δῶμα,

262 3058 349 3136 εὗνήν
363 3058 388 3122 τ’
405 3061 544 3135 αἰδομένη
560 3057 667 3122 πόσιας
683 3055 790 3136 δήμοιό
803 3081 836 3119 τε
851 3060 956 3136 φῆμιν,

265 3161 283 3241 ή
298 3160 353 3240 ήδη
370 3159 419 3241 ἀμ’
434 3161 551 3240 έπωμαι
567 3158 698 3244 Ἀχαιῶν
713 3159 747 3226 ὅς
764 3185 811 3226 τις
826 3161 949 3242 ἀριστος

261 3267 369 3345 μνᾶται
385 3262 428 3327 ένὶ
442 3261 609 3345 μεγάροισι,
628 3263 728 3343 πορὼν
745 3263 904 3344 ἀπερείσια
919 3263 999 3336 έδνα,

263 3373 332 3434 παῖς
347 3364 372 3431 δ’
388 3369 456 3449 έμδς
472 3368 528 3433 έως
542 3371 597 3446 μὲν
612 3367 665 3445 έην
681 3366 725 3429 έτι
740 3363 846 3444 νήπιος
862 3366 914 3445 ἠδὲ
928 3367 1100 3447 χαλίφρων,

262 3470 392 3556 γήμασθ’
408 3472 443 3534 οὔ
456 3470 486 3552 μ’
504 3472 673 3535 εἴαπόσιος
689 3472 765 3533 κατδ
779 3474 863 3548 δῶμα
877 3473 1038 3532 λιποῦσαν·

263 3581 315 3642 νῶν
330 3574 354 3642 δ’
370 3577 420 3639 ὅτε
435 3575 471 3653 δὴ
486 3577 580 3658 μέγας
596 3573 662 3638 ἐστὶ
678 3575 727 3637 καί
742 3574 822 3653 ἥβης
836 3571 943 3654 μέτρον
959 3573 1062 3649 ἱκόνει,

264 3677 312 3744 καί
328 3677 364 3758 δή
379 3677 410 3758 μ’
427 3678 532 3757 ἀμᾶται
548 3678 641 3742 πάλιν
657 3677 784 3757 ἐλθέμεν
799 3678 831 3740 ἐκ
846 3675 998 3758 μεγάροιο,
