2746 4228
478 407 509 468 4.
533 391 704 454 ΙΛῙΑΔΟΣ
728 396 767 454 Δ.
1058 390 1099 473 65

153 557 235 647 Ἥρη
251 559 277 625 δ’
294 560 346 625 οὐκ
363 559 453 644 ἔχαδε
468 563 579 640 στῆθος
593 559 698 644 χόλον,
714 559 797 623 άλλδ
812 558 979 642 προσηύδα·

159 669 177 698 “
187 663 326 728 αἰνότατε
342 665 479 742 Κρονιδη,
495 668 583 726 ποῖον
598 662 651 727 τὸν
665 665 759 742 μῦθον
776 662 882 730 ἔειπες·
1069 690 1098 740 ²⁵

157 771 220 832 πῶς
235 765 352 832 ἐθέλεις
366 766 456 831 ἀλιον
471 771 567 830 θεῖναι
585 767 680 830 πόνον
694 763 742 844 ἠδ’
759 763 934 842 ἀτέλεστον,

158 871 228 951 ἱδρῶ
245 867 273 932 θ’
288 868 323 933 δν
338 872 453 951 ἵδρωσα
466 870 559 954 μόγῳ,
577 866 709 948 καμέτην
724 865 761 932 δέ.
771 893 823 947 μοι
839 870 928 933 ἵπποι

156 972 233 1036 λαδν
249 966 419 1058 ἀγειρούσῃ,
434 971 559 1057 Πριάμιρ
576 975 652 1036 κακὰ
667 973 732 1036 τοῖό
747 997 780 1036 τε
794 972 912 1035 παισίν.

157 1073 227 1157 ἔρδ’·
251 1077 325 1158 ἀτάρ
341 1075 375 1138 οὕ
390 1101 437 1139 τοι
451 1073 560 1142 πάντες
575 1073 754 1155 ἐπαινέομεν
769 1076 834 1140 θεοὶ
849 1071 971 1139 άλλοι.”

198 1179 264 1258 Τὴν
279 1182 312 1243 δέ
326 1177 392 1262 μέγ’
408 1177 545 1261 ὀχθήσας
560 1176 700 1260 προσέφη
719 1175 944 1260 νεφεληγερέτα
959 1178 1043 1245 Ζεός·
1068 1207 1099 1254 30

156 1288 177 1318 “
188 1284 334 1363 δαιμονίη,
350 1282 380 1345 τί
397 1282 433 1346 νά
448 1306 485 1345 σε
501 1282 638 1363 Πρίαμος
653 1279 804 1362 Πριάμοιό
819 1307 852 1345 τε
866 1286 971 1364 παῖδες

155 1387 256 1447 τόσσα
271 1384 347 1449 κακὰ
361 1382 509 1467 ῥέζουσιν,
527 1385 544 1448 ὅ
559 1381 583 1446 τ’
600 1384 752 1466 ἀσπερχὲς
766 1383 934 1461 μενεαίνεις

157 1487 252 1551 Ἰλίου
268 1485 458 1566 ἐξαλαπάξαι
474 1487 648 1564 ἐϋκτίμενον
664 1486 846 1568 πτολίεθρον
860 1510 872 1560 ,·

155 1594 182 1656 εί
197 1595 231 1656 δέ
246 1592 286 1654 σά
302 1589 332 1673 γ’
348 1593 533 1656 εἰσελθοῦσα
546 1590 644 1656 πόλας
661 1588 709 1654 καὶ
725 1591 830 1672 τείχεα
843 1593 944 1673 μακρδ

155 1695 236 1774 ὠμὸν
250 1695 424 1776 βεβρώθοις
439 1694 577 1775 Πρίαμον
592 1691 744 1775 Πριάμοιό
758 1718 791 1758 τε
806 1697 916 1760 παῖδας

154 1799 268 1863 ἄλλους
283 1822 318 1861 τε
330 1802 445 1879 Τρῶας,
461 1797 530 1860 τότε
546 1822 597 1861 κεν
612 1796 711 1878 χόλον
726 1793 899 1872 ἐξακέσαιο.

155 1900 242 1980 ἔρξον
257 1901 338 1966 ὅπως
354 1899 480 1965 ἐθέλεις·4
499 1899 540 1978 μὴ
560 1898 649 1962 τοΰτό
663 1924 700 1982 γε
716 1902 813 1964 νεῖκος
828 1899 949 1962 ὀπίσσω

155 2006 205 2068 σοὶ
222 2005 271 2068 καὶ
287 2005 354 2083 ἐμοὶ
369 2001 435 2086 μέγ’
453 2002 562 2085 ἔρισμα
576 1999 640 2082 μετ’
657 1999 857 2084 ἀμφοτέροισι
871 2001 1004 2084 γένηται.

154 2112 233 2174 ἀλλο
249 2108 283 2174 δέ
297 2135 344 2173 τοι
360 2108 444 2191 ἐρέω,
461 2107 499 2170 σὺ
515 2105 540 2172 δ’
557 2109 602 2172 ἐνὶ
617 2108 710 2189 φρεσὶ
725 2105 846 2186 βάλλεο
863 2111 965 2192 σῇσιν·

155 2215 269 2278 ὁππότε
285 2240 336 2279 κεν
351 2213 400 2275 καὶ
417 2212 475 2295 ἐγὼ
490 2213 610 2292 μεμαὼς
625 2211 723 2274 πόλιν.
734 2208 923 2288 ἐξαλαπάξαι

154 2317 208 2396 τὴν
224 2315 319 2381 ἐθέλω
336 2317 384 2379 ὅθι
399 2340 446 2379 τοι
461 2316 550 2395 φίλαι
565 2312 669 2396 ἀνέρες
685 2311 860 2396 ἐγγεγάασι,

152 2421 192 2502 μή
207 2446 236 2485 τι
252 2420 419 2501 διατρίβειν
434 2419 487 2482 τὸν
503 2417 575 2492 ἐμδν
589 2419 695 2500 χόλον,
713 2413 794 2480 ἀλλά
808 2413 839 2496 μ’
855 2419 955 2480 ἐᾶσαι·

153 2524 275 2608 καὶγὰρ
291 2523 350 2605 ἐγδ
367 2522 417 2586 σοὶ
432 2527 513 2586 δῶκα
528 2521 603 2584 ἐκδν
621 2519 741 2584 ἀέκοντί
755 2546 791 2602 γε
807 2522 900 2605 θυμφ·

152 2629 183 2692 αἳ
197 2627 256 2711 γὰρ
270 2622 321 2690 ὑπ’
333 2626 425 2709 ἠελίῳ
441 2649 474 2688 τε
490 2625 539 2688 καὶ
554 2625 670 2708 οὐρανῷῚ
684 2623 859 2705 ἀστερόεντι

152 2730 324 2796 ναιετάουσι
340 2729 454 2807 πόληες
470 2728 652 2811 ἐπιχθονίων
668 2727 846 2809 ἀνθρώπων,

151 2835 231 2898 τάων
244 2859 296 2914 μοι
311 2833 379 2913 περὶ
395 2832 460 2911 κῆρι
475 2829 611 2894 τιέσκετο
624 2831 720 2896 Ἴλιος
737 2830 784 2911 ἱρὴ

151 2941 200 3003 καὶ
216 2939 354 3019 Πρίαμος
369 2935 418 2997 καὶ
432 2933 506 2999 λαὸς
522 2933 672 3013 ἐϋμμελίω
688 2932 853 3016 Πριάμοιο,

150 3041 185 3103 οὐ
198 3038 258 3122 γάρ
272 3039 326 3119 μοί
340 3063 415 3102 ποτε
427 3037 532 3117 βωμὸς
547 3035 665 3101 ἐδεύετο
681 3036 781 3102 δαιτὸς
797 3035 891 3116 ἐίσης,

149 3145 260 3223 λοιβῆς
276 3167 309 3207 τε
323 3146 429 3220 κνίσης
444 3160 487 3204 τε·
508 3139 542 3202 τδ
556 3143 614 3222 γὰρ
630 3138 768 3224 λάχομεν
782 3138 875 3222 γέρας
886 3139 998 3219 ἡμεῖς.”

191 3247 255 3311 Τὸν
270 3245 295 3310 δ’
311 3243 446 3325 ἠμείβετ’
464 3243 568 3333 ἔπειτα
582 3249 702 3324 βοῶπις
716 3243 824 3307 πότνια
834 3241 927 3325 Ἥρη·

150 3349 197 3430 “ἦ
211 3374 259 3412 τοι
275 3348 341 3428 ἐμοὶ
356 3350 434 3428 τρεῖς
449 3346 505 3425 μέν
520 3345 600 3408 πολὺ
615 3344 765 3427 φίλταταί
778 3346 839 3408 είσι
854 3345 977 3422 πόληες,
1014 3397 1016 3404 .

145 3454 259 3536 Ἀργος
273 3477 307 3514 τε
323 3447 445 3530 Σπάρτη
462 3473 495 3511 τε
511 3448 560 3512 καὶ
576 3446 735 3530 εὐρυάγυια
750 3448 888 3525 Μυκήνη·

147 3560 201 3623 τδς
216 3552 389 3634 διαπέρσαι,
406 3551 448 3614 ὅτ’
465 3551 503 3616 ἀν
517 3577 564 3614 τοι
580 3550 774 3633 ἀπέχθωνται
787 3551 856 3632 περὶ
871 3554 947 3632 κῆρι·

147 3661 227 3726 τάων
243 3657 278 3722 οὕ
295 3682 342 3720 τοι
358 3656 416 3737 ἐγὼ
432 3652 539 3736 πρόσθ’
555 3656 681 3734 ἵσταμαι
697 3654 765 3717 οθδέ
778 3655 917 3736 μεγαίρω.

147 3769 246 3843 εἴπερ
262 3765 321 3845 γάρ
338 3759 457 3842 φθονέω
473 3785 506 3824 τε
521 3760 570 3824 καὶ
586 3760 639 3823 οὐκ
656 3762 706 3824 είῶ
722 3757 902 3844 διαπέρσαι,
963 3829 968 3839 ‚
1079 3787 1086 3800 ·

605 3873 630 3920 D
