2788 4230
245 318 306 399 782
527 332 576 398 17.
610 322 843 382 offlzmz
873 323 901 381 P.

243 489 386 555 ἐνδυκέως
402 488 520 570 φιλέειν
537 490 585 553 καὶ
600 488 711 569 τιέμεν,
728 492 770 556 είς
786 491 803 552 ὅ
819 516 870 554 κεν
886 488 993 554 ἔλθω.”

280 591 343 658 Ὠς
358 592 403 674 ἄρ’
419 592 588 673 ἐφώνησεν,
604 593 641 678 τῇ
656 592 680 657 δ’
697 593 824 675 ἄπτερος
840 595 949 658 ἔπλετο
963 599 1065 675 μῦθος.

241 697 260 774 ἡ
277 694 302 760 δ’
317 695 510 777 ὑδρηναμένη,
528 699 644 777 καθαρὰ
658 691 728 778 χροῒ
743 697 841 776 εἵμαθ’
856 701 978 772 ἑλοῦσα,

243 800 348 881 εὔχετο
362 803 436 862 πᾶσι
452 802 549 862 θεοῖσι
565 799 736 876 τεληέσσας
752 801 921 881 ἑκατόμβας

241 899 350 981 ῥέξειν,
365 905 397 965 αί
415 901 448 965 κέ
462 905 534 965 ποθι
551 902 623 966 Ζεὺς
639 902 742 965 ἄντιτα
759 904 832 985 ἔργα
847 904 989 980 τελέσση.
1157 915 1193 966 6ο

286 1005 466 1088 Τηλέμαχος
482 1004 507 1068 δ’
524 1004 569 1083 ἀρ’
586 1006 690 1069 ἔπειτα
706 1008 768 1069 διὲκ
784 1005 927 1088 μεγάροιο
942 1005 1073 1087 βεβήκει

244 1110 334 1190 ἔγχος
350 1108 439 1191 ἔχων,
456 1107 516 1188 ἅμα
531 1108 571 1192 τῷ
584 1135 619 1190 γε
635 1109 692 1172 δύω
709 1109 793 1175 κύνες
809 1109 894 1193 ἀργοὶ
910 1110 1028 1173 ἕποντο.

244 1214 411 1288 θεσπεσίην
430 1211 455 1274 δ’
471 1209 528 1290 άρα
543 1213 583 1296 τῷ
600 1237 635 1294 γε
652 1211 740 1294 χάριν
756 1214 916 1296 κατέχευεν
932 1212 1053 1292 Ἀθήνη·

244 1321 295 1379 τδν
311 1313 336 1378 δ’
352 1315 409 1396 ἄρα
424 1315 533 1380 πάντες
548 1315 620 1378 λαοὶ
636 1318 839 1398 ἐπερχόμενον
853 1321 987 1395 θηεῦντο.

244 1416 322 1499 ἀμφὶ
338 1420 371 1483 δέ
384 1444 436 1496 μιν
451 1421 620 1499 μνηστῆρες
637 1418 779 1502 ἀγήνορες
794 1419 972 1503 ἠγερέθοντο
1161 1433 1193 1498 65

245 1521 330 1586 ἔσθλ’
348 1523 551 1604 ἀγορεύοντες,
569 1522 644 1586 κακά
660 1526 692 1586 δέ
707 1521 799 1604 φρεσὶ
814 1527 1054 1603 βυσσοδόμευον.

244 1625 336 1704 αὐτὰρ
352 1627 368 1688 ὁ
384 1631 442 1688 τῶν
457 1629 513 1704 μὲν
529 1627 633 1690 ἔπειτα
649 1627 777 1690 ἀλεύατο
793 1627 908 1690 πουλὺν
924 1629 1041 1707 ὅμιλον,

245 1729 315 1792 ἀλλ’
331 1731 381 1792 ἵνα
397 1729 524 1810 Μέντωρ
539 1725 615 1808 ἧστο
631 1730 679 1793 καὶ
690 1727 836 1811 Ἀντιφος
851 1730 896 1807 ἠδ’
911 1729 1098 1812 Ἀλιθέρσης,

244 1835 276 1896 οἵ
288 1831 322 1895 τέ
338 1834 366 1896 οἱ
382 1830 418 1912 ἐξ
431 1833 524 1915 ἀρχῆς
539 1833 681 1915 πατρώϊοι
696 1831 776 1911 ἦσαν
792 1838 913 1915 ἑταῖροι,

245 1937 317 2000 ἔνθα
333 1937 461 2013 καθέζετ’
478 1938 538 2000 ἰών·
571 1939 618 2002 τοὶ
633 1935 658 2000 δ’
675 1936 839 2019 ἐξερέεινον
855 1938 976 2004 ἐκαστα.
1162 1960 1194 2013 70

245 2046 323 2103 τοῖσι
340 2044 372 2103 δὲ
390 2041 532 2121 Πείραιος
548 2041 738 2122 δουρικλυτὸς
757 2043 884 2126 ἐγγύθεν
899 2042 973 2122 ήλθε

247 2144 346 2222 ξεῖνον
362 2144 444 2226 ἄγων
459 2144 604 2227 ἀγορήνδε
619 2145 668 2209 διὰ
685 2147 803 2210 πτόλιν·
836 2147 896 2210 οὐδ’
913 2145 958 2226 ἄρ’
976 2147 1021 2210 ἔτι
1036 2146 1091 2226 δήν

246 2246 425 2329 Τηλέμαχος
440 2247 552 2325 ξείνοιο
569 2246 637 2314 έκδς
652 2248 780 2330 τράπετ’,
795 2250 878 2312 ἀλλὰ
893 2251 1038 2331 παρέστη.

247 2357 299 2414 τὸν
314 2347 362 2413 καὶ
378 2351 520 2432 Πείραιος
535 2353 677 2434 πρότερος
692 2351 765 2432 πρὸς
780 2357 875 2432 μῦθον
889 2353 981 2416 ἔειπε·

248 2458 264 2485 “
274 2454 442 2538 Τηλέμαχ’,
457 2456 524 2537 αἶψ’
540 2457 663 2537 ὄτρυνον
678 2456 749 2536 ἐμὸν
764 2457 832 2518 ποτὶ
848 2462 931 2536 δῶμα
944 2461 1096 2539 γυναῖκας,
1164 2479 1194 2533 75

248 2559 288 2624 ώς
303 2584 349 2621 τοι
366 2559 433 2641 δῶρ’
448 2560 631 2640 ἀποπέμψω,
648 2558 667 2622 ά
682 2582 729 2621 τοι
745 2559 904 2625 Μενέλαος
921 2556 1044 2624 ἔδωκε.”

290 2663 353 2726 Τδν
369 2662 394 2726 δ’
411 2663 447 2727 αδ
463 2662 643 2744 Τηλέμαχος
658 2662 844 2741 πεπνυμένος
860 2665 961 2729 ἀντίον
975 2663 1059 2743 ηύδα·

248 2771 266 2799 “
277 2767 406 2848 Πείραι’,
423 2767 457 2830 οὐ
471 2764 528 2848 γάρ
544 2765 569 2827 τ’
584 2770 668 2846 ίδμεν
684 2767 764 2832 ὅπως
779 2767 866 2830 ἔσται
880 2767 952 2832 τάδε
967 2768 1048 2851 ἔργα.

249 2871 342 2934 εἶκεν
358 2872 410 2950 ἐμὲ
425 2873 593 2950 μνηστῆρες
609 2870 752 2951 ἀγήνορες
768 2873 800 2934 ἐν
814 2869 975 2953 μεγάροισι

248 2974 345 3059 λάθρῃ
362 2974 530 3038 κτείναντες
546 2973 679 3054 πατρώϊα
693 2971 792 3036 πάντα
807 2975 965 3054 δάσωνται,
1164 2990 1197 3037 8ο

249 3077 337 3140 αὐτὸν
354 3074 463 3157 ἔχοντά
478 3102 515 3139 σε
529 3076 659 3156 βούλομ’
674 3076 838 3158 ἐπαυρέμεν
854 3077 874 3158 ή
888 3104 955 3142 τινα
971 3085 1073 3144 τῶνδε·

250 3182 276 3244 εί
292 3179 325 3243 δέ
340 3177 365 3242 κ’
381 3179 440 3261 ἐγὼ
455 3180 587 3244 τούτοισι
603 3181 700 3261 φόνον
717 3182 765 3245 καὶ
781 3184 856 3264 κῆρα
872 3183 1022 3266 φυτεύσω,

201 3369 204 3376 .
250 3283 284 3361 δὴ
300 3284 367 3346 τότε
382 3308 433 3360 μοι
448 3284 583 3366 χαίροντι
599 3282 704 3363 φέρειν
719 3285 793 3365 πρὸς
808 3287 929 3366 δώματα
944 3285 1088 3369 χαίρων.”

286 3384 349 3451 Ὣς
365 3387 457 3450 είπδν
473 3385 571 3464 ξεῖνον
586 3389 779 3469 ταλαπείριον
795 3388 867 3471 ήγεν
883 3390 914 3455 ἐς
930 3389 1021 3454 οἶκον.

445 3488 467 3514 0

250 3488 341 3570 αάτδρ
358 3490 454 3572 ἐπείρ
483 3493 582 3555 ἵκοντο
597 3491 706 3571 δόμους
721 3492 753 3556 εδ
769 3491 967 3566 ναιετάοντας,
1164 3509 1195 3570 85

250 3595 378 3676 χλαίνας
392 3596 446 3674 μὲν
462 3593 619 3659 κατέθεντο
636 3595 711 3659 κατὰ
727 3594 871 3675 κλισμούς
886 3620 919 3660 τε
935 3599 1060 3677 θρόνους
1075 3623 1117 3673 τε,

251 3702 280 3765 ἐς
297 3700 322 3764 δ’
338 3701 521 3781 ἀσαμίνθους
535 3698 647 3780 βάντες
659 3698 801 3779 ἐϋξέστας
816 3699 978 3768 λούσαντο.
