2834 4234
248 339 312 420 670
540 353 589 400 10.
612 338 845 399 ΟΔΎΣΣΕΙΑΣ
870 339 906 398 Κ.

249 507 309 573 οὐδ’
324 507 362 571 ἀν
378 508 436 590 ἐγιύ
452 507 479 590 γ’
496 507 632 586 ἐθέλοιμι
647 512 716 587 τεῆς
731 505 915 586 ἐπιβήμεναι
930 507 1026 585 εύνῆς,

249 614 276 676 εἰ
290 610 331 692 μή
347 638 397 692 μοι
413 612 519 689 τλαίης
533 637 577 693 γε,
594 610 657 688 θεά,
671 611 768 693 μέγαν
784 612 874 693 ὅρκον
888 612 1021 690 ὀμόσσαι

248 714 289 795 μή
305 717 335 777 τί
348 741 399 794 μοι
415 713 493 800 αύτῷ
508 717 590 797 πῆμα
608 715 699 778 κακὸν
713 714 919 795 βουλευσέμεν
933 712 1040 778 άλλο.”

286 814 348 884 Ὣς
364 816 494 899 ἐφάμην,
509 817 528 895 ἡ
545 818 570 882 δ’
585 818 678 882 αὐτίκ’
694 819 852 897 ἀπώμνυεν
868 817 908 885 ὥς
923 817 1074 882 ἐκέλευον.
1180 877 1187 892 ι

250 919 340 1004 αὐτὰρ
356 923 423 986 ἐπεί
435 922 467 1005 ῥ’
484 921 596 1003 ὄμοσέν
610 949 643 987 τε
658 921 837 1002 τελεύτησέν
852 946 885 985 τε
899 927 951 985 τὸν
966 921 1064 1003 ὅρκον,
1085 973 1088 981 ,

250 1022 298 1089 καὶ
314 1025 374 1090 τότ’
392 1027 450 1108 ἐγὼ
468 1027 578 1108 Κίρκης
594 1025 710 1106 ἐπέβην
725 1025 924 1109 περικαλλέος
940 1025 1033 1102 εὐνῆς.

292 1128 480 1208 Ἀμφίπολοι
496 1129 521 1192 δ’
537 1129 593 1210 ἀρα
609 1133 679 1208 τῆος
695 1130 740 1193 ἐνὶ
755 1129 916 1211 μεγάροισι
931 1126 1057 1192 πένοντο

249 1231 405 1314 τέσσαρες,
421 1233 455 1295 a!
467 1233 497 1296 οἰ
513 1238 597 1314 δῶμα
612 1232 685 1295 κάτα·
700 1232 873 1315 δρήστειραι
888 1232 966 1295 ἔασι.

251 1342 402 1419 γίγνονται
417 1336 442 1400 δ’
457 1336 514 1413 ἀρα
529 1336 579 1399 ταί
593 1340 621 1417 γ’
637 1337 670 1400 ἐκ
684 1362 718 1401 τε
733 1336 864 1415 κρηνέων
879 1335 940 1399 ἀπό
954 1333 979 1397 τ’
995 1333 1116 1400 ἀλσέων
1144 1361 1157 1409 3
1162 1361 1194 1410 50

250 1440 283 1500 ἐκ
300 1436 326 1501 θ’
344 1440 431 1520 ἱερῶν
446 1445 599 1521 ποταμῶν,
614 1440 645 1503 οἵ
655 1437 679 1502 τ’
696 1441 739 1506 εἰς
758 1438 853 1504 άλαδε
869 1437 1039 1521 προρέουσι.

249 1541 329 1606 τάων
346 1541 364 1620 ἡ
380 1543 435 1622 μὲν
451 1543 569 1623 ἔβαλλε
586 1544 704 1623 θρόνοις
720 1543 764 1607 έυι
778 1540 872 1626 ῥήγεα
889 1541 977 1620 καλά,

250 1646 404 1727 πορφύρεα
420 1644 587 1726 καθύπερθ’,
602 1645 745 1725 ὑπένερθε
761 1649 792 1710 δέ
807 1646 868 1709 λῖθ’
883 1645 1070 1726 ὑπέβαλλεν·
1179 1647 1181 1650 ’

249 1746 267 1825 ῆ
284 1745 310 1811 δ’
326 1747 410 1830 ἑτέρη
426 1747 607 1833 προπάροιθε
624 1749 738 1830 θρόνων
753 1746 880 1812 ἐτίταινε
895 1748 1042 1829 τραπέζας

250 1852 403 1933 ἀργυρέας,
421 1851 471 1915 ἐπὶ
487 1850 520 1915 δέ
533 1859 592 1932 σφι
607 1851 681 1915 τίθει
695 1852 821 1934 χρύσεια
837 1851 949 1916 κάνεια·
1009 1891 1013 1914 ι
1148 1879 1194 1928 355

249 1954 268 2033 ἡ
285 1958 317 2018 δέ
333 1957 415 2036 τρίτη
432 1958 553 2037 κρητῆρι
568 1958 738 2037 μελίφρονα
753 1956 837 2020 οἶνον
852 1957 952 2038 ἐκίρνα

250 2056 323 2133 ἡδὺν
339 2062 371 2122 ἐν
387 2059 529 2143 ἀργυρέῳ,
545 2058 614 2138 νέμε
633 2063 665 2123 δέ
680 2061 807 2144 χρύσεια
823 2059 967 2124 κύπελλα·

250 2161 268 2239 ῆ
285 2165 317 2225 δέ
333 2161 455 2244 τετάρτη
471 2164 549 2243 ’ὕδωρ
567 2164 670 2245 ἐφόρει
688 2165 735 2227 καὶ
751 2168 809 2246 πῦρ
824 2163 943 2228 ἀνέκαιε

250 2271 368 2330 πολλὸν
383 2266 441 2329 ὑπὸ
455 2267 571 2348 τρίποδι
586 2265 718 2350 μεγάλῳ·
742 2268 853 2333 ἰαίνετο
871 2268 897 2332 δ’
912 2269 998 2351 ύδιορ.

251 2369 343 2449 αὐτὰρ
359 2370 425 2432 ἐπεὶ
441 2369 476 2447 δὴ
493 2369 602 2446 ζέσσεν
616 2371 693 2450 ὕδωρ
708 2373 753 2435 ε’νὶ
768 2370 857 2451 ήνοπι
871 2373 989 2457 χαλκῷ,
1144 2385 1193 2448 360

252 2473 281 2537 ἐς
296 2471 326 2554 ῥ’
342 2469 511 2550 ἀσάμινθον
526 2473 626 2536 ἕσασα
641 2473 689 2537 λό’
705 2477 738 2538 ἐκ
754 2476 892 2555 τρίποδος
909 2475 1064 2557 μεγάλοιο,

251 2579 378 2657 θυμῆρες
393 2575 547 2657 κεράσασα
564 2577 637 2640 κατὰ
654 2579 760 2660 κρατός
775 2604 807 2642 τε
824 2575 871 2642 καί
887 2580 984 2660 ὤμων,

252 2681 332 2762 ὄφρα
346 2704 397 2759 μοι
413 2680 445 2742 ἐκ
461 2678 593 2758 κάματον
608 2683 800 2762 θυμοφθόρον
814 2684 915 2746 είλετο
930 2686 1028 2764 γυίων.

252 2782 342 2862 αὐτὰρ
359 2784 424 2846 ἐπεὶ
440 2783 551 2848 λοῦσέν
566 2809 598 2848 τε
614 2786 662 2849 καὶ
679 2785 800 2868 έχρισεν
815 2786 878 2849 λίπ’
897 2788 999 2870 ἐλαίῳ,

252 2887 330 2967 ἀμφὶ
346 2886 380 2950 δέ
394 2913 431 2966 με
447 2893 577 2970 χλαῖναν
594 2889 689 2968 καλὴν
704 2889 804 2967 βάλεν
818 2889 871 2968 ἠδέ
886 2895 1009 2973 χιτῶνα,
1146 2903 1195 2966 365

252 2992 317 3054 εἶσε
333 2989 367 3053 δέ
381 2989 411 3070 μ’
427 2994 635 3075 εἰσαγαγοῦσα
650 2990 700 3057 ἐπὶ
716 2994 823 3074 θρόνου
838 2991 1035 3076 ἀργυροήλου,

251 3099 344 3157 καλοῦ
361 3095 528 3160 δαιδαλέου·
551 3097 608 3159 ύπδ
626 3098 659 3159 δέ
674 3097 780 3176 θρῆνυς
796 3098 887 3160 ποσὶν
902 3094 964 3174 ῆεν·

253 3193 399 3285 [χέρνιβα
414 3198 440 3262 δ’
455 3200 630 3280 ἀμφίπολος
645 3199 767 3283 προχόῳ
784 3199 909 3284 ἐπέχευε
923 3200 1060 3280 φέρουσα

252 3301 331 3384 καλῇ
348 3303 483 3386 χρυσείῃ,
499 3301 572 3379 ὑπὲρ
588 3298 744 3382 ἀργυρέοιο
759 3301 899 3382 λέβητος,

251 3403 412 3484 νίψασθαι·
433 3405 513 3484 παρὰ
528 3405 561 3466 δέ
578 3399 687 3481 ξεστῆν
702 3402 850 3469 ἐτάνυσσε
865 3402 1020 3486 τράπεζαν.
1146 3419 1196 3484 ηήο

253 3510 338 3570 σῖτον
353 3505 378 3570 δ’
395 3506 492 3583 αἰδοίη
507 3506 597 3587 ταμίη
614 3506 764 3588 παρέθηκε
779 3509 921 3591 φέρουσα,

249 3611 354 3673 Δεἰδιιτα
370 3607 463 3672 πόλλ’
478 3611 625 3686 ἐπιθεῖσα,
642 3612 823 3693 χαριζομένη
839 3611 1035 3702 παρεόντων]

253 3714 412 3791 ἐσθέμεναι
427 3709 452 3775 δ’
468 3712 615 3778 ἐκέλευεν·
639 3716 700 3800 ἐμῷ
716 3714 741 3778 δ’
757 3715 812 3798 ούχ
828 3715 938 3794 ἥνδανε
953 3722 1043 3804 θυμφ,
