2728 4230
267 290 327 370 146
585 290 614 355 8.
640 295 809 356 1A1AA02
832 295 872 356 ο.

264 461 451 544 παυρότεροι·
473 458 614 540 μέμασαν
628 463 662 526 δέ
677 462 727 525 καὶ
743 461 782 528 ῶς
797 462 899 539 ὑσμῖνι
912 457 1076 544 μάχεσθαι,

263 569 362 648 χρειοῖ
376 565 532 649 ἀναγκαίῃ,
549 564 608 645 πρό
623 588 657 628 τε
672 565 787 630 παίδων
802 565 852 628 καὶ
867 563 925 645 πρὸ
938 571 1097 646 γυναικῶν.

264 671 360 730 πᾶσαι
376 665 401 730 δ’
417 665 561 748 ὠΐγνυντο
576 666 679 741 πάλαι,
695 669 728 730 ἐκ
744 663 771 730 δ’
787 667 900 732 ἔσσυτο
913 666 1000 743 λαός,

263 769 349 848 πεζοί
363 767 390 832 θ’
407 767 515 848 ἱππῆές
531 788 575 834 τε·
598 768 694 844 πολὺς
708 765 736 833 δ’
752 769 918 852 ὀρυμαγδὸς
934 770 1050 852 ὀρόρει.

306 874 348 936 Οἱ
362 871 387 936 δ’
403 873 454 936 ότε
469 870 505 950 δή
519 868 547 954 ῥ’
563 874 594 938 ἐς
608 877 710 955 χῶρον
725 871 778 936 ἕνα
794 871 945 951 ξυνιόντες
959 876 1071 945 ίκοντο,
1174 883 1208 935 60

264 976 321 1041 στίν
334 975 360 1059 ῥ’
376 976 493 1056 ἔβαλον
506 975 615 1058 ῥινούς,
632 975 689 1040 σὺν
704 971 730 1038 δ’
746 976 841 1058 ἔγχεα
856 977 905 1039 καὶ
921 974 1002 1056 μένε’
1019 977 1134 1058 ἀνδρῶν

263 1077 530 1164 χαλκεοθωρήκων·
553 1079 628 1160 ἀτὰρ
644 1079 771 1144 ἀσπίδες
787 1079 1005 1160 ὀμφαλόεσσαι

264 1178 387 1260 ἔπληντ’
403 1180 569 1268 ἀλλήλῃσι,
586 1179 682 1247 πολὺς
697 1178 725 1244 δ’
741 1181 908 1264 ὀρυμαγδός
922 1183 1038 1265 ὀρόρει.

265 1285 337 1350 ἔνθα
352 1282 380 1348 δ’
396 1283 445 1362 ἀμ’
461 1282 575 1367 οἰμωγή
591 1285 689 1349 τεκαὶ
705 1284 825 1368 εὐχωλὴ
841 1283 936 1351 πέλεν
950 1287 1066 1368 ἀνδρῶν

265 1386 419 1451 όλλόντων
433 1411 468 1451 τε
482 1388 532 1451 καὶ
547 1386 732 1466 ὀλλυμένων,
748 1386 799 1471 ῥέε
814 1387 840 1451 δ’
855 1389 958 1469 αἵματι
972 1393 1054 1471 γαΐα.
1175 1401 1208 1464 ⁶5

305 1487 409 1572 Ὀφρο
422 1492 479 1568 μὲν
493 1489 553 1569 ήῶς
568 1489 605 1569 ήν
621 1491 670 1555 καὶ
686 1489 792 1568 ἀέξετο
807 1491 888 1572 ἱερὸν
903 1490 991 1573 ἦμαρ,

264 1593 364 1674 τόφρα
376 1589 449 1672 μόλ’
464 1592 643 1675 ἀμφοτέρων
656 1591 745 1674 βέλε’
759 1593 881 1672 ἥπτετο,
898 1599 990 1660 πῖπτε
1005 1597 1038 1658 δέ
1052 1595 1138 1660 λαός.

266 1694 340 1775 ήμος
354 1691 381 1759 δ’
394 1694 521 1761 Ἠέλιος
534 1694 631 1775 μέσον
646 1694 772 1778 σιἰρανδν
788 1695 1008 1778 ἀμφιβεβήκει,

266 1799 315 1861 καὶ
330 1798 399 1862 τότε
413 1798 450 1878 δὴ
464 1799 592 1882 χρύσεια
606 1799 704 1882 πατὴρ
719 1799 849 1866 ἐτίταινε
863 1799 1006 1866 τάλαντα·

267 1901 300 1965 ἐν
314 1898 340 1963 δ’
356 1901 448 1966 ἐτίθει
462 1901 515 1966 διίο
530 1906 602 1983 κήρε
615 1901 798 1984 τανηλεγέος
813 1901 964 1976 θανάτοιο,
1176 1928 1209 1981 ηο

265 2003 418 2084 Τρόωνθ
436 2004 613 2086 ἱπποδάμων
628 2007 677 2071 καὶ
693 2006 826 2090 Ἀχαιῶν
839 2006 1085 2090 χαλκοχιτόνων,

267 2103 339 2172 ἐλκε
353 2109 386 2171 δὲ
400 2106 503 2187 μέσσα
517 2110 636 2202 λοβόν·
657 2109 732 2193 ῥέπε
747 2110 772 2174 δ’
789 2111 913 2190 αἴσιμον
928 2107 1006 2190 ἦμαρ
1022 2107 1163 2193 Ἀχαιῶν.

268 2211 299 2274 αί
313 2211 369 2289 μὲν
378 2209 514 2293 Ἀχαιῶν
528 2216 615 2294 κῆρες
631 2213 681 2276 ἐπὶ
695 2213 784 2296 χθονὶ
799 2213 1022 2299 πουλυβοτείρῃ

267 2311 403 2392 ἑζέσθην,
418 2315 531 2394 Τρόων
544 2316 577 2379 δὲ
592 2314 667 2397 πρὸς
681 2314 808 2396 οὐρανὸν
823 2315 908 2396 εὐρὺν
924 2315 1040 2397 ἄερθεν·

267 2414 356 2480 αὐτὸς
370 2415 398 2479 δ’
415 2413 452 2496 ἐξ
461 2415 543 2493 Ἴδης
556 2417 667 2499 μεγάλ’
682 2418 800 2491 ἔκτυπε,
817 2421 978 2497 δαιόμενον
992 2421 1025 2484 δὲ
1178 2441 1210 2496 75

267 2519 321 2598 ἧκε
337 2517 431 2586 σέλας
445 2523 521 2599 μετδ
534 2521 612 2587 λαδν
628 2519 771 2605 Ἀχαιῶν·
795 2523 824 2586 οἱ
840 2524 873 2586 δέ
889 2523 1003 2590 ίδόντες

268 2620 441 2702 θάμβησαν,
457 2625 507 2688 καὶ
521 2622 636 2692 πάντας
650 2624 709 2689 ὑπὸ
724 2624 846 2708 χλωρὸν
860 2623 929 2691 δέος
944 2628 1036 2690 εἶλεν.

307 2723 393 2789 Ἔνθ’
408 2725 468 2790 οὔτ’
482 2726 648 2806 Ἰδομενεὺς
662 2731 720 2806 τλῆ
735 2727 856 2807 μίμνειν
870 2728 932 2791 οὔτ’
947 2727 1154 2812 Ἀγαμέμνων,

268 2827 337 2892 οὔτε
351 2825 396 2891 δύ’
410 2832 537 2897 Αἴαντες
550 2829 687 2910 μενέτην,
703 2830 884 2912 θεράποντες
894 2829 1016 2914 Ἀρηος·

268 2929 398 3014 Νέστωρ
412 2932 475 2999 οἶος
490 2934 595 3014 ἔμιμνε
609 2931 758 3016 Γερήνιος,
775 2933 861 3016 οὖρος
875 2933 1020 3018 Ἀχαιῶν,
1178 2951 1212 2999 8ο

269 3033 348 3097 οὔτι
363 3035 448 3104 ἑκόν,
466 3034 538 3100 ἀλλ’
554 3037 647 3102 ίππος
661 3037 802 3119 ἐτείρετο,
817 3036 871 3102 τόν
886 3036 987 3116 βάλεν
1002 3038 1037 3122 ίῷ

269 3139 332 3202 δῖος
346 3135 557 3221 Ἀλέξανδρος,
573 3137 702 3218 Ἑλένης
716 3138 808 3205 πόσις
822 3138 975 3218 ἠϋκόμοιο,

269 3239 363 3320 άκρην
378 3242 434 3303 κάκ
449 3240 592 3323 κορυφήν,
608 3242 656 3304 όθι
671 3266 705 3306 τε
719 3248 835 3324 πρῶται
849 3243 952 3324 τρίχες
966 3245 1068 3308 ἵππων

270 3344 380 3428 κρανίιρ
395 3344 578 3425 ἐμπεφύασι,
593 3343 729 3424 μάλιστα
744 3346 777 3408 δὲ
792 3345 909 3426 καίριόν
922 3346 1016 3410 ἐστιν.

271 3443 410 3528 ἀλγήσας
424 3443 451 3508 δ’
467 3445 629 3520 ἀνέπαλτο,
647 3445 744 3528 βέλος
757 3443 784 3511 δ’
800 3448 843 3512 είς
858 3445 1031 3529 ἐγκέφαλον
1045 3453 1088 3521 δῶ,
1178 3464 1211 3527 85

272 3549 329 3614 σὺν
343 3545 371 3611 δ’
385 3550 494 3616 ίππους
509 3548 635 3632 ἐτάραξε
651 3550 861 3629 κυλινδόμενος
875 3550 944 3631 περὶ
958 3551 1075 3638 χαλκῷ.

271 3652 339 3736 ὄφρ’
356 3654 372 3716 ό
386 3651 483 3735 γέρων
497 3653 603 3718 ίπποια
617 3653 781 3735 παρηορίας
796 3652 948 3733 ἀπέταμνε
