2758 4228
457 369 519 434 οι.
543 356 777 417 ΟΔΎΣΣΕΙΑΣ
804 358 840 418 X.
1062 355 1124 438 863

178 524 260 585 ὅσσα
274 547 321 586 τοι
337 520 497 586 ἐκπέποται
515 521 563 586 καί
579 522 718 602 ἐδήδοται
734 525 766 588 ἐν
781 523 950 605 μεγάροισι,

177 627 265 706 τιμήν
280 627 375 707 ἀμφὶς
390 626 515 708 άγοντες
531 626 743 707 ἐεικοσάβοιον
758 627 893 706 ἔκαστος,

177 732 294 814 χαλκόν
309 755 342 794 τε
357 734 473 814 χρυσόν
491 731 515 793 τ’
532 732 739 809 ἀποδώσομεν,
757 733 799 798 εἰς
816 733 833 793 ό
849 757 882 796 κε
896 731 954 795 σὸν
970 735 1023 815 κῆρ
1074 757 1077 763 “

180 834 273 921 ἰανθῇ·
297 831 367 914 πρίν
382 833 406 897 δ’
425 833 458 897 ού
474 859 501 896 τι
518 841 707 915 νεμεσσητὸν
723 832 943 918 κεχολῦσθαι.”

221 941 283 1000 Τὸν
299 936 324 1001 δ’
339 934 385 1018 ἄρ’
399 939 514 1018 ὑπόδρα
529 939 601 1002 ἰδὼν
615 937 756 1021 προσέφη
773 940 938 1017 πολύμητις
950 940 1125 1006 Ὀδυσσεύς·

179 1047 199 1076 “
210 1041 370 1123 Εὐρύμαχ’,
386 1038 446 1104 οὐδ’
463 1041 490 1104 εί
502 1067 554 1120 μοι
573 1043 707 1124 πατρώϊα
723 1042 809 1108 πάντ’
824 1044 974 1119 ἀποδοῖτε,
1093 1058 1123 1108 61

178 1145 258 1209 ὅσσα
274 1171 307 1208 τε
322 1151 374 1208 νῦν
388 1145 457 1224 ὔμμ’
473 1145 539 1208 ἐστὶ
555 1145 603 1208 καὶ
619 1148 648 1210 εἰ
660 1151 754 1212 ποθεν
769 1145 839 1209 ἀλλ’
855 1149 995 1226 ἐπιθεῖτε,

179 1247 247 1312 οῦδέ
263 1233 314 1312 κεν
329 1250 368 1315 ὣς
384 1249 429 1312 ἔτι
444 1254 547 1332 χεῖρας
563 1248 635 1328 ἐμάς
650 1247 775 1330 λήξαιμι
791 1251 899 1327 φόνοιο
956 1286 958 1291 ·

178 1350 248 1434 πρίν
263 1356 366 1418 πᾶσαν
380 1357 551 1432 μνηστῆρας
567 1355 760 1434 ὑπερβασίην
777 1356 929 1419 ἀποτῖσαι.

179 1462 232 1521 νῦν
246 1458 314 1535 ὑμῖν
331 1455 504 1538 παράκειται
521 1458 657 1522 ἐναντίον
672 1458 707 1537 ήέ
724 1457 878 1542 μάχεσθαι
1095 1473 1126 1536 ⁶5

178 1557 196 1639 ἢ
213 1559 345 1643 φεύγειν,
362 1561 395 1627 ὅς
411 1585 461 1624 κεν
477 1559 605 1627 θάνατον
621 1557 667 1625 καί
684 1566 773 1643 κῆρας
788 1563 894 1650 ἀλύξῃ·

181 1664 262 1727 ἀλλά
275 1663 332 1726 τιν’
348 1664 383 1726 οῦ
400 1662 565 1744 φεύξεσθαι
581 1663 682 1743 ὀίομαι
698 1665 789 1731 αἰπῦν
804 1665 963 1747 ὄλεθρον.’”

216 1765 278 1833 Ὧς
295 1765 385 1847 φάτο,
402 1773 461 1830 τῶν
476 1765 502 1830 δ’
518 1767 608 1830 αὐτοῦ
623 1769 697 1831 λύτο
710 1770 839 1848 γούνατα
856 1771 906 1834 καί
921 1773 1016 1850 φίλον
1031 1769 1110 1852 ήτορ.

180 1875 278 1934 τοῖσιν
293 1869 318 1933 δ’
335 1871 510 1953 Εὐρύμαχος
525 1872 698 1951 μετεφώνεε
716 1873 854 1953 δεύτερον
871 1873 961 1940 αῦτις·

180 1972 234 2037 “33
251 1975 348 2055 φίλοι,
363 1973 397 2037 οἰι
412 1976 470 2054 γὰρ
486 1975 599 2056 σχήσει
615 1975 690 2055 ἀνὴρ
705 1975 756 2064 ὅδε
771 1981 876 2058 χεῖρας
892 1976 1033 2056 ἀάπτους,
1095 2004 1126 2055 70

180 2077 251 2140 ἀλλ’
267 2077 333 2140 ἐπεὶ
349 2078 467 2155 ἔλλαβε
481 2075 570 2154 τόξον
586 2074 691 2156 ἐύξοον
706 2077 759 2156 ήδέ
773 2078 934 2160 φαρέτρην,

180 2182 265 2244 οὐδοῦ
281 2175 340 2244 ἀπο
356 2178 465 2257 ξεστοῦ
480 2179 671 2259 τοξάσσεται,
689 2185 731 2248 εἰς
746 2183 763 2244 ἀ
779 2208 810 2245 κε
826 2181 940 2250 πάντας

180 2283 258 2366 ἄμμε
274 2285 458 2370 κατακτείνῃ·
483 2285 565 2346 ἀλλά
579 2286 760 2366 μνησώμεθα
776 2283 902 2368 χάρμης.

181 2386 326 2470 φάσγανά
342 2413 374 2451 τε
391 2386 578 2452 σπάσσασθε
594 2386 642 2452 καὶ
658 2390 844 2473 ἀντίσχεσθε
858 2389 1005 2471 τραπέζας

183 2495 235 2556 ἰῶν
250 2492 418 2572 ὠκυμόρων·
441 2488 531 2580 ἐπί.δ’
548 2491 626 2578 αὐτῷ
642 2492 752 2560 πάντες
767 2495 885 2577 ἔχωμεν
1097 2523 1127 2572 75

180 2596 293 2676 ἀθρόοι,
308 2596 336 2659 εἰ
350 2595 383 2659 κέ
395 2621 448 2674 μιν
463 2581 548 2660 ούδοῦ
564 2597 726 2675 ἀπώσομεν
741 2597 794 2677 ήδέ
809 2598 935 2679 θυράων,

182 2699 318 2779 ἔλθωμεν
332 2696 357 2762 δ’
373 2697 429 2764 ἀνά
445 2699 530 2776 ἄστυ,
544 2700 605 2779 βοή
621 2699 647 2763 δ’
662 2691 776 2764 ὤκιστα
787 2702 915 2784 γένοιτο·

181 2805 221 2887 τῷ
234 2830 267 2868 κε
282 2802 349 2886 τάχ’
364 2804 449 2869 οὗτος
465 2804 540 2884 ἀνὴρ
556 2808 608 2868 νῦν
622 2805 739 2867 ύστατα
751 2803 966 2883 τοξάσσαιτο.”

218 2905 281 2974 Ὣς
297 2907 354 2990 ἀρα
369 2906 514 2988 φωνήσας
530 2909 691 2989 εἰρύσσατο
707 2907 869 2990 φάσγανον
883 2909 945 2988 ὀξύ,
1016 2977 1018 2982 ,

182 3009 322 3094 χάλκεον,
339 3011 554 3092 ἀμφοτέρωθεν
570 3011 748 3095 ἀκαχμένον,
764 3011 839 3076 ἆλτο
855 3012 880 3076 δ’
899 3011 945 3076 ἔπ’
962 3013 1040 3099 αὐτῷ
1096 3031 1128 3077 80

183 3115 355 3196 σμερδαλέα
372 3115 476 3197 ἰάχων·
500 3117 516 3180 ὁ
535 3117 560 3180 δ’
576 3117 690 3202 ἁμαρτῇ
705 3120 768 3180 δῖος
784 3115 952 3183 Ὀδυσσεῦς

84 3241 86 3252 ’
183 3217 230 3283 ἰὸν
245 3217 412 3300 ἀποπροίει,
428 3218 508 3298 βάλε
524 3223 556 3283 δέ
571 3224 684 3299 στῆθος
699 3222 781 3300 παρὰ
794 3221 897 3299 μαζόν,

182 3321 215 3384 ἐν
230 3320 264 3387 δέ
279 3323 307 3384 οί
322 3321 413 3400 ἥπατι
433 3319 506 3400 πῆξε
522 3326 594 3386 θοὸν
608 3321 713 3400 βέλος·
737 3325 770 3386 ἐκ
787 3322 811 3388 δ’
829 3323 886 3405 ἀρα
901 3325 1003 3407 χειρὸς

183 3422 342 3505 φάσγανον
356 3425 410 3504 ἧκε
425 3427 550 3509 χαμᾶζε,
567 3427 744 3507 περιρρηδὴς
759 3431 790 3490 δέ
806 3429 936 3514 τραπέζῃ

184 3529 338 3592 κάππεσεν
355 3531 500 3608 ἰδνωθείς,
517 3529 575 3592 ἀπὸ
590 3528 615 3592 δ’
633 3529 733 3592 εἰδατα
749 3537 838 3614 χεῦεν
855 3532 939 3612 ἔραζε
1096 3551 1127 3610 85

184 3632 232 3694 καὶ
248 3631 340 3698 δέπας
355 3632 594 3712 ἀμφικύπελλον·
619 3635 635 3696 ὁ
651 3635 683 3697 δέ
699 3637 794 3716 χθόνα
809 3634 900 3700 τύπτε
914 3639 1041 3723 μετώπῳ

185 3734 266 3818 θυμῷ
281 3734 418 3815 ἀνιάζων,
434 3735 507 3801 ποσί
522 3740 555 3802 δὲ
571 3738 679 3818 θρόνον
695 3738 890 3820 ἀμφοτέροισι
