2834 4234
513 345 563 390 11.
585 329 822 390 offlxmAz
844 335 880 391 A.
1100 326 1163 410 ⁶85

217 501 237 533 “
244 497 266 560 ὥ
281 523 342 576 μοι,
358 496 463 562 τέκνον
483 497 563 578 έμόν,
579 495 647 579 περὶ
661 496 783 564 πάντων
798 497 930 579 κάμμορε
946 504 1066 580 φωτιῦν,

218 601 252 662 ού
267 603 297 662 τί
311 627 349 664 σε
365 601 587 682 Περσεφόνεια,
604 606 679 667 Διὸς
695 601 837 684 θυγάτηρ,
851 603 1028 684 ἀπαφίσκει,

217 702 288 768 ἀλλ’
303 707 375 782 αῦτη
392 705 459 784 δίκη
476 704 542 768 ἐστὶ
556 710 685 786 βροτῶν,
705 706 756 770 ὅτε
771 708 815 771 τίς
831 732 864 770 κε
880 705 1019 792 θάνῃσιν·

218 807 323 890 οὐγὰρ
339 809 384 872 ἔτι
400 806 512 889 σάρκας
527 834 560 874 τε
576 809 625 872 καὶ
640 807 733 872 ὀστέα
746 808 808 875 ἶνες
825 809 959 890 ἔχουσιν,

216 911 298 975 ἀλλά
312 916 347 974 τὰ
363 910 419 993 μέν
434 938 466 977 τε
481 912 574 993 πυρὸς
590 917 731 994 κρατερόν
745 913 835 992 μένος
846 913 1015 992 αἰθομένοιο

217 1016 322 1099 δαμνᾷ,
337 1015 452 1085 ἐπείκε
467 1022 571 1097 πριῦτα
584 1017 659 1102 λίπῃ
675 1012 757 1080 λεύκ’
772 1017 865 1080 ὀστέα
880 1017 982 1096 θυμός,
1021 1058 1025 1070 ι

216 1119 302 1201 φυχῆ
320 1119 345 1182 δ’
360 1116 424 1195 ἠύτ’
441 1120 555 1200 ὄνειρος
570 1118 765 1198 ἀποπταμένη
781 1120 958 1198 πεπότηται.

216 1222 297 1285 ἀλλά
310 1222 436 1303 φόωσδε
452 1221 584 1304 τάχιστα
598 1223 727 1288 λιλαίεο·
751 1229 845 1287 ταῦτα
860 1225 894 1288 δὲ
908 1224 1009 1290 πάντα

216 1324 286 1402 ἴσθ’,
302 1328 352 1389 ἵνα
367 1327 416 1389 καὶ
431 1328 599 1406 μετόπισθε
614 1329 666 1412 τεῇ
683 1329 816 1408 εἴπῃσθα
830 1325 981 1408 γυναικί.”

260 1435 327 1492 Νῶϊ
340 1430 396 1508 μὲν
412 1430 452 1496 ὣς
467 1429 614 1495 έπέεσσιν
629 1429 820 1509 ἀμειβόμεθ’,
834 1432 866 1495 αἱ
883 1433 916 1496 δὲ
930 1437 1069 1514 γυναῖκες
1148 1493 1155 1508 .

215 1531 338 1611 ἤλυθον,
355 1533 484 1615 ὤτρυνεν
498 1535 556 1616 γάρ
572 1533 667 1616 ἀγαυὴ
683 1535 904 1619 Περσεφόνεια,

216 1637 309 1700 ὅσσαι
325 1634 476 1717 ἀριστήων
490 1637 602 1720 ἀλοχοι
618 1637 691 1701 έσαν
705 1635 758 1715 ἠδὲ
773 1638 927 1722 θύγατρες.

217 1743 248 1804 αἱ
264 1739 289 1804 δ’
308 1738 382 1822 ἀμφ’
397 1742 471 1820 αίμα
487 1740 627 1805 κελαινὸν
642 1739 770 1808 ἀολλέες
783 1740 974 1824 ἠγερέθοντο,

216 1842 306 1924 αὐτὰρ
323 1845 382 1926 ἐγὼ
398 1846 551 1924 βούλευον
566 1845 647 1910 ὅπως
663 1843 775 1926 ἐρέοιμι
791 1845 931 1924 ἑκάστην.

213 1948 267 2025 ἥδε
283 1947 316 2012 δέ
326 1973 377 2026 μοι
394 1951 469 2012 κατὰ
485 1952 580 2026 θυμὸν
595 1948 703 2028 ἀρίστη
719 1949 843 2028 φαίνετο
857 1949 969 2028 βουλή·

214 2048 431 2132 σπασσάμενος
443 2051 584 2128 τανύηκες
599 2049 654 2132 άορ
667 2052 780 2134 παχέος
795 2053 876 2134 παρὰ
889 2058 984 2135 μηροῦ

214 2155 266 2218 οὐκ
283 2158 353 2219 είων
368 2155 463 2219 πιέειν
478 2153 539 2233 άμα
554 2152 656 2220 πάσας
671 2155 744 2232 αἷμα
760 2157 912 2220 κελαινόν.

214 2261 245 2323 αἱ
261 2263 294 2323 δὲ
311 2264 531 2340 προμνηστῖναι
542 2256 680 2336 έπύϊσαν,
696 2258 750 2336 ἠδὲ
766 2258 877 2334 ἑκάστη

214 2360 249 2426 ἀν
264 2363 353 2445 γόνον
369 2360 557 2445 ἐξαγόρευεν·
580 2362 640 2444 ἐγὼ
658 2360 684 2426 δ’
701 2360 830 2444 ἐρέεινον
846 2361 978 2430 ἁπάσας.

254 2465 339 2530 Ἔνθ’
354 2466 373 2546 ἦ
388 2491 433 2530 τοι
451 2467 571 2550 πρώτην
585 2465 671 2546 Τυρὼ
686 2467 750 2530 ίδαν
766 2466 963 2549 εὐπατέρειαν,

212 2567 231 2648 ῆ
248 2569 328 2650 φάτο
344 2574 528 2650 Σαλμωνῆος
544 2569 694 2650 ἀμύμονος
709 2569 832 2651 ἔκγονος
847 2570 934 2650 εἶναι,

213 2678 257 2754 φῆ
273 2678 306 2738 δὲ
322 2678 459 2755 Κρηθῆος
470 2674 545 2756 γυνὴ
561 2674 685 2754 ἔμμεναι
701 2675 856 2738 Αἰολίδαο·

212 2775 231 2854 ῆ
248 2783 381 2857 ποταμοῦ
395 2775 552 2858 ἠράσσατ’,
568 2775 712 2858 Ἐνιπῆος
728 2778 831 2857 θείοιο,

213 2877 246 2946 ῦς
261 2879 340 2945 πολὺ
356 2879 524 2947 κάλλιστος
538 2886 680 2960 ποταμῶν
696 2881 746 2946 ἐπὶ
761 2887 851 2963 γαῖαν
866 2883 942 2962 ίησι,

214 2985 265 3048 καί
275 2984 306 3066 ῥ’
322 2983 369 3050 ἐπ’
385 2983 529 3062 Ἐνιπῆος
545 2983 721 3048 πωλέσκετο
738 2983 816 3048 καλά
830 2987 946 3068 ῥέεθρα.

211 3092 253 3174 τῷ
270 3087 296 3152 δ’
313 3087 358 3171 ἀρ’
375 3087 552 3168 ἐεισάμενος
565 3087 710 3171 γαιήοχος
725 3089 912 3171 ἐννοσίγαιος

211 3194 243 3256 ἐν
258 3194 392 3278 προχοῇς
407 3195 542 3271 ποταμοῦ
557 3189 744 3272 παρελέξατο
763 3191 925 3271 δινήεντος·

211 3296 382 3377 πορφύρεον
397 3295 422 3360 δ’
439 3295 496 3376 ἀρα
513 3300 590 3374 κῦμα
604 3295 783 3376 περιστάθη,
798 3295 880 3376 ούρεϊ
893 3295 973 3372 ἶσον,

212 3397 368 3480 κυρτωθέν,
385 3400 499 3482 κρύψεν
510 3400 542 3462 δὲ
558 3399 628 3463 θεὸν
644 3396 754 3477 θνητήν
769 3423 802 3463 τε
817 3405 952 3480 γυναῖκα.

208 3506 286 3566 λῦσε
302 3503 335 3564 δὲ
350 3504 513 3583 παρθενίην
529 3502 632 3580 ζώνην,
649 3500 725 3566 κατὰ
740 3500 765 3565 δ’
782 3504 877 3567 ύπνον
893 3502 1009 3584 έχενεν.

209 3604 301 3687 αῦτάρ
318 3605 386 3669 ἐπεί
398 3605 427 3688 ῥ’
446 3606 592 3671 ἐτέλεσσε
608 3603 675 3672 θεὸς
692 3603 864 3686 φιλοτήσια
878 3607 960 3689 ἔργα,

210 3712 244 3784 ἔν
258 3710 283 3772 τ’
301 3709 360 3792 ἀρα
375 3712 405 3773 αἱ
419 3715 462 3791 φῦ
478 3707 557 3794 χειρὶ
574 3712 647 3778 ἔπος
663 3709 687 3774 τ’
705 3709 793 3792 ἔφατ’
813 3711 847 3775 έκ
862 3710 888 3774 τ’
904 3711 1021 3793 δνόμαζ
1034 3728 1041 3744 ·
