2908 4232
545 335 578 396 4
603 324 838 384 οΔυΣΣιιΑν
869 329 906 386 Δ.
1133 337 1196 408 557

248 496 291 575 βῆ
309 491 334 557 δ’
352 495 419 573 ’ίμεν
435 489 590 574 ἀγγελέων
607 491 656 556 διὰ
673 493 794 572 δόματα
810 491 929 573 ποιμένι
944 499 1037 569 λαῶν,

249 598 345 679 άγχοΰ
360 597 385 660 δ’
403 596 564 674 ἱστάμενος
580 595 653 660 έπεα
669 597 831 677 πτερόεντα
847 597 1011 677 προσηύδα·
1167 629 1179 660 ι
1184 627 1197 676 5

293 707 313 736 “
324 700 422 765 Ξείνω
439 697 475 778 δή
490 724 554 763 τινε
570 699 654 776 τόδε,
671 702 824 780 διοτρεφὲς
840 697 863 762 ὦ
881 701 1030 777 Μενέλαε,

249 801 338 884 άνδρε
354 804 423 881 δύω,
438 805 528 888 γενεῇ
546 804 579 866 δὲ
596 807 671 868 Διδς
685 802 831 885 μεγάλοιο
847 804 954 866 έϊκτον.

250 905 319 968 ἀλλ’
338 905 396 971 εἴπ’
411 904 431 984 ή
446 912 548 986 σφωϊν
564 906 774 985 καταλύσομεν
789 905 883 972 ὠκέας
899 908 1017 985 ἵππους,

249 1007 267 1085 ἦ
285 1009 381 1071 ἄλλον
398 1008 563 1088 πέμπωμεν
580 1007 728 1089 ἱκανέμεν,
744 1011 777 1074 ὅς
794 1035 827 1073 κε
843 1009 992 1096 φιλήσῃ.”

292 1116 354 1174 Τδν
370 1113 403 1175 δὲ
417 1111 483 1192 μέγ’
498 1110 634 1193 ὀχθήσας
650 1110 791 1193 προσέφη
808 1111 917 1190 ξανθὸς
936 1115 1102 1180 Μενέλαος
1166 1142 1198 1190 30

250 1219 267 1248 “
281 1215 315 1278 οὐ
329 1216 386 1294 μὲν
401 1211 508 1293 νήπιος
521 1214 611 1294 ήσθα,
629 1214 777 1295 Βοηθοίδη
793 1213 948 1292 Ἐτεωνεῦ,

249 1323 284 1382 τδ
300 1319 377 1399 πρίν·
410 1317 484 1399 ἀτὰρ
499 1321 554 1398 μὲν
570 1324 622 1382 νῦν
637 1346 673 1402 γε
688 1318 760 1385 πάϊς
777 1320 817 1385 ὣς
832 1318 923 1398 νήπια
937 1319 1046 1398 βάζεις.

250 1421 269 1501 ή
284 1423 339 1501 μὲν
355 1421 392 1500 δή
409 1428 463 1486 νῶϊ
479 1420 596 1501 ξεινήϊα
611 1427 715 1486 πολλὰ
731 1424 866 1506 φαγόντε

251 1530 355 1590 ἄλλων
371 1527 535 1608 ἀνθρώπων
551 1525 626 1606 δεῦρ’
646 1527 768 1604 ἱκόμεθ’,
785 1527 818 1589 αί
833 1525 867 1590 κέ
883 1531 953 1592 ποθι
971 1529 1047 1596 Ζεὺς

251 1627 384 1707 ἐξοπίσω
399 1655 455 1710 περ
471 1630 574 1714 παύσῃ
590 1629 695 1707 ὀϊζύος.
728 1631 810 1692 ἀλλὰ
825 1629 1007 1698 λύ”ίππους
1168 1663 1199 1712 55

251 1731 367 1811 ξείνων,
384 1735 414 1799 ἐς
429 1732 455 1797 δ’
472 1733 577 1798 αὐτοὺς
594 1734 726 1814 προτέρω
742 1733 798 1816 ἄγε
814 1733 1017 1815 θοινηθῆναι.”

287 1835 351 1902 *Ως
367 1836 439 1917 φάθ’
442 1839 483 1928 ,ὁ
498 1839 529 1901 δὲ
544 1836 687 1918 μεγάροιο
702 1836 852 1913 διέσσυτο,
871 1839 994 1903 κέκλετο
1011 1839 1037 1904 δ’
1051 1840 1164 1910 άλλονς

251 1940 392 2022 ὀτρηροὺς
407 1939 593 2020 θεράποντας
610 1940 670 2018 άμα
686 1939 820 2003 σπέσθαι
836 1945 882 2005 ἑοῖ
897 1943 985 2026 αὐτῷ.

252 2045 281 2106 οἱ
297 2043 321 2107 δ’
338 2044 449 2108 ίππους
464 2045 520 2121 μὲν
534 2047 634 2106 λῦσον
648 2042 706 2105 ιὶπδ
724 2043 811 2124 ζυγοῦ
829 2045 999 2120 ἱδρώοντας,

252 2145 300 2210 καί
316 2146 385 2212 τοὺς
400 2148 457 2226 μὲν
474 2145 640 2224 κατέδησαν
657 2146 706 2227 ἐφ’
724 2147 865 2233 ἱππείῃσι
881 2147 1004 2234 κάπῃσι,
1169 2179 1202 2228 40

251 2249 311 2330 πὰρ
327 2248 352 2314 δ’
369 2251 486 2330 ἔβαλον
504 2249 591 2327 ζειάς,
607 2251 665 2313 ἀνὰ
680 2252 713 2313 δὲ
728 2255 777 2330 κρῖ
790 2257 899 2315 λευκὸν
916 2250 1030 2330 ἔμιξαν,

252 2353 367 2434 ἅρματα
383 2354 408 2417 δ’
424 2353 547 2435 ἔκλιναν
563 2360 637 2434 πρὸς
651 2355 767 2418 ἐνώπια
781 2358 1016 2437 παμφανόωντα,

252 2458 358 2525 αὐτοὺς
374 2457 399 2522 δ’
419 2461 545 2540 εἰσῆγον
560 2461 641 2522 θεῖον
655 2459 759 2538 δόμον·
789 2461 820 2522 οἱ
834 2461 868 2522 δὲ
885 2461 999 2526 ἰδόντες

251 2561 401 2642 θαύμαζον
417 2564 492 2625 κατὰ
508 2567 591 2636 δῶμα
600 2559 778 2642 ιδιοτρεφέος
792 2566 955 2642 βασιλῆος.
1181 2641 1184 2654 1

252 2666 292 2731 ὥς
306 2691 339 2728 τε
356 2667 412 2748 γὰρ
427 2650 531 2744 ἠελίου
546 2667 638 2747 αἴγλη
654 2667 748 2730 πέλεν
763 2665 797 2744 ἠὲ
813 2665 945 2746 σελήνης
1171 2696 1202 2746 45

252 2774 334 2850 δῶμα
351 2770 415 2832 καθ’
431 2770 584 2850 ὑψερεφὲς
603 2769 763 2834 Μενελάου
779 2771 964 2851 κυδαλίμοιο.

251 2872 343 2954 αὐτὰρ
360 2873 426 2936 ἐπεὶ
444 2871 603 2954 τάρπησαν
620 2873 991 2954 δρύμενοιόφθαλμοὶσιν,

199 3013 205 3023 ·
252 2975 283 3041 ἐς
297 2975 329 3057 ῥ’
346 2976 530 3055 ἀσαμίνθους
544 2974 656 3055 βάντες
672 2974 816 3054 ἐϋξέστας
831 2977 992 3042 λούσαντο.

252 3078 321 3144 τοὺς
335 3079 360 3142 δ’
376 3076 443 3143 ἐπεὶ
459 3079 512 3143 ούν
527 3079 623 3164 δμῳαὶ
637 3084 753 3144 λοθσαν
769 3077 818 3143 καὶ
834 3087 947 3163 χρῖσαν
962 3083 1064 3168 ἐλαίῳ,

253 3179 331 3261 ἀμφὶ
347 3182 372 3245 δ’
387 3181 445 3263 ἄρα
459 3183 589 3265 χλαίνας
604 3181 696 3248 σύλας
711 3181 813 3262 βάλον
829 3183 881 3261 ἠδὲ
896 3192 1036 3265 χιτῶνας,
1173 3213 1206 3263 50

255 3285 286 3350 ές
300 3287 339 3367 ῥα
355 3286 477 3366 θρόνους
492 3285 594 3363 ἕζοντο
609 3285 678 3366 παρ’
694 3284 850 3366 Ἀτρείδην
867 3286 1034 3353 Μενέλαον.

253 3387 384 3470 χέρνιβα
400 3387 425 3451 δ’
441 3390 616 3470 ἀμφίπολος
631 3390 755 3474 προχόῳ
772 3390 897 3472 ἐπέχευε
913 3391 1050 3472 φέρουσα

254 3491 331 3576 καλῇ
345 3493 480 3578 χρυσείῃ,
495 3494 571 3571 ὑπὲρ
586 3493 741 3575 ἀργυρέοιο
755 3493 895 3572 λέβητος,
985 3547 987 3552 ,

255 3595 413 3676 νίψασθαι·
443 3597 525 3676 παρὰ
541 3598 573 3660 δὲ
589 3593 700 3674 ξεστὴν
716 3596 866 3662 ἐτάνυσσε
880 3596 1040 3677 τράπεζαν.

256 3702 344 3761 σῖτον
359 3696 385 3760 δ’
403 3698 501 3778 αἰδοίη
516 3699 606 3779 ταμίη
622 3699 772 3779 παρέθηκε
786 3698 934 3781 φέρουσα,
1176 3726 1207 3776 55
