2746 4228
272 343 314 404 ⁶8
594 363 625 424 4.
650 351 821 410 ΙΛῙΑΔΟΣ
845 351 883 413 Δ.

272 517 369 596 ἀρνῶν
386 516 584 597 πρωτογόνων
597 514 697 599 ῥέξειν
712 517 834 597 κλειτήν
848 516 1022 597 ἑκατόμβην

272 620 373 682 οἴκαδε
388 616 541 696 νοστήσας
557 620 636 701 ἱερῆς
652 621 694 686 είς
709 619 786 684 άστν
801 621 937 698 Ζελείης.

272 719 342 783 ἕλκε
357 718 382 784 δ’
398 722 473 801 όμοῢ
485 723 637 804 γλυφίδας
652 748 685 787 τε
699 722 807 802 λαβὼν
823 722 872 786 καὶ
890 727 978 804 νεῦρα
992 725 1092 803 βόεια·

271 822 377 903 νευρήν
391 825 447 902 μὲν
460 824 543 908 μαζῷ
559 824 706 898 πέλασεν,
721 821 798 909 τόξῳ
817 825 850 888 δέ
865 826 998 907 σίδηρον.

271 924 364 1006 αὐτὰρ
379 927 445 991 ἐπεὶ
460 926 496 1007 δή
513 928 689 1008 κυκλοτερὲς
702 925 781 1008 μέγα
796 925 886 1006 τόξον
902 927 1005 1007 ἔτεινε,

270 1026 359 1110 λίγξε
372 1030 453 1110 βιός,
469 1029 557 1113 νενρή
575 1031 608 1094 δέ
622 1027 688 1112 μέγ’
704 1031 801 1114 ίαχεν,
818 1031 894 1094 ἀλτο
909 1030 934 1095 δ’
950 1032 1053 1118 ὀϊστὸς

272 1131 430 1212 ἀξυβελής,
448 1133 511 1197 καθ’
528 1134 637 1213 ὅμιλον
652 1131 833 1198 ἐπιπτέσθαι
847 1136 1021 1214 μενεαίνων.

314 1236 394 1300 Οὐδὲ
410 1234 510 1308 σέθεν,
527 1233 677 1307 Μενέλαε,
694 1235 757 1300 θεοὶ
771 1234 901 1320 μάκαρες
915 1236 1083 1303 λελάθοντο
1200 1297 1203 1306 ,

272 1337 424 1416 ἀθάνατοι,
440 1338 541 1420 πράτη
557 1340 590 1402 δὲ
606 1337 681 1404 Διὸς
700 1337 830 1422 θυγάτηρ
846 1341 979 1422 ἀγελείη,

271 1443 291 1520 ή
305 1467 352 1507 τοι
367 1443 483 1523 πρόσθε
498 1445 599 1504 στάσα
613 1440 710 1521 βέλος
725 1441 886 1526 ἐχεπευκὲς
901 1443 1020 1523 ἄμυνεν.

270 1545 289 1623 ἡ
305 1549 339 1610 δὲ
353 1546 446 1609 τόσον
459 1546 515 1626 μὲν
531 1543 635 1627 ἔεργεν
648 1545 709 1610 ἀπδ
723 1547 825 1629 χροός,
841 1545 880 1612 ὣς
896 1547 947 1612 ότε
961 1545 1060 1632 μήτηρ

271 1648 376 1715 παιδὸς
390 1646 478 1732 ἐέργῃ
493 1651 592 1727 μυῖαν,
608 1647 652 1711 ὅθ’
668 1647 735 1726 ήδέϊ
748 1646 870 1727 λέξεται
889 1650 980 1735 ὕπνῳ,

271 1752 344 1832 αὐτή
360 1750 385 1816 δ’
402 1750 464 1815 αὖτ’
480 1752 581 1816 ίθννεν
596 1751 645 1815 ὅθι
661 1753 811 1833 ζωστῆρος
826 1752 917 1836 ὀχῆες

269 1855 407 1939 χρύσειοι
423 1853 553 1936 σύνεχον
569 1854 618 1917 καὶ
632 1854 758 1920 διπλόος
772 1852 879 1932 ἤντετο
896 1854 1004 1937 θώρηξ.

271 1961 304 2022 ἐν
319 1957 344 2022 δ’
361 1958 454 2022 ἔπεσε
470 1958 598 2038 ζωστῆρι
613 1957 735 2039 ἀρηρότι
749 1957 854 2040 πικρδς
869 1959 981 2025 ὀϊστός·

270 2063 320 2124 διδ
333 2062 390 2141 μὲν
404 2059 441 2141 ἀρ
458 2060 608 2143 ζωστῆρος
623 2057 756 2139 ἐλήλατο
772 2059 954 2139 δαιδαλέοιο,

271 2166 319 2228 καὶ
335 2166 384 2228 διὰ
399 2165 533 2246 θώρηκος
546 2162 771 2228 πολυδαιδάλου
786 2161 946 2246 ἠρήρειστο

269 2270 373 2348 μίτρης
390 2266 424 2342 θ’,
440 2265 478 2345 ήν
493 2267 599 2347 ἐφόρει
614 2267 707 2348 ἔρυμα
721 2267 822 2349 χροός,
839 2266 925 2348 ἐρκος
940 2267 1082 2340 ἀκόντων,

269 2371 289 2448 ή
305 2371 334 2433 οἱ
349 2374 496 2434 πλεῖστον
511 2370 606 2449 ἔρυτο·
629 2368 738 2451 διαπρδ
753 2371 786 2434 δέ
802 2371 906 2434 είσατο
922 2370 971 2434 καὶ
986 2374 1046 2448 τῆς.

270 2473 433 2552 ἀκρότατον
448 2472 473 2536 δ’
490 2471 534 2552 ἄρ’
551 2471 653 2538 ὀϊστὸς
669 2471 825 2554 ἐπέγραψε
839 2473 918 2555 χρόα
933 2473 1042 2552 φωτός·

270 2578 375 2641 αὐτίκα
389 2577 414 2642 δ’
431 2576 532 2658 ἔρρεεν
547 2578 621 2656 αίμα
636 2580 815 2658 κελαινεφὲς
831 2573 867 2654 ἐξ
880 2576 1016 2654 ὠτειλῆς.

312 2679 369 2746 Ὡς
384 2677 409 2743 δ’
425 2679 476 2743 ὅτε
489 2679 534 2744 τίς
549 2678 574 2741 τ’
590 2677 745 2759 ἐλέφαντα
758 2679 833 2761 γυνή
850 2679 965 2760 φοίνικι
980 2676 1070 2764 μιήνῃ

271 2784 387 2869 Μῃονὶς
401 2781 436 2860 ήέ
453 2780 573 2863 Κάειρα,
591 2779 719 2863 παρήϊον
735 2780 859 2861 ἔμμεναι
873 2783 982 2845 ἵππων·

271 2890 365 2949 κεῖται
380 2884 405 2948 δ’
422 2887 455 2948 ἐν
470 2882 605 2968 θαλάμῳ,
621 2882 730 2950 πολέες
745 2883 778 2947 τέ
792 2909 844 2964 μιν
858 2881 1009 2963 ἠρήσαντο

272 2992 378 3065 ἱππῆες
394 2987 525 3070 φορέειν·
549 2992 682 3069 βασιλῆϊ
696 2990 729 3052 δέ
745 2992 839 3052 κεῖται
855 2987 987 3069 άγαλμα,

271 3093 449 3173 ἀμφότερον,
466 3092 578 3172 κόσμος
593 3090 619 3153 θ’
636 3093 717 3176 ἵππῳ
734 3090 858 3171 ἐλατῆρί
872 3115 905 3155 τε
923 3096 1019 3157 κῦδος·

271 3197 350 3260 τοῖοί
360 3221 416 3274 τοι,
432 3193 581 3270 Μενέλαε,
597 3193 725 3274 μιάνθην
740 3195 842 3273 οίματι
856 3195 946 3275 μηροὶ

270 3298 395 3379 εὐφυέες
410 3297 519 3376 κνῆμαί
533 3322 566 3362 τε
581 3299 626 3362 ἰδὲ
641 3296 743 3379 σφυρὰ
760 3294 825 3358 κάλ’
842 3295 996 3376 ὑπένερθε.

312 3401 454 3483 Ῥίγησεν
468 3398 496 3463 δ’
512 3399 557 3480 ἀρ’
575 3401 679 3465 ἔπειτα
694 3395 772 3476 ἄναξ
785 3399 900 3478 ἀνδρῶν
913 3397 1118 3482 Ἀγαμέμνων,

271 3506 310 3571 ὡς
326 3504 404 3568 εἶδεν
418 3501 516 3582 μέλαν
531 3503 604 3579 αἶμα
619 3499 780 3582 καταρρέον
797 3499 833 3579 ἐξ
846 3501 979 3578 ὠτειλῆς·

270 3610 395 3691 ῥίγησεν
410 3608 442 3669 δέ
461 3606 510 3668 καὶ
525 3604 613 3670 αὐτὸς
629 3601 790 3685 ἀρηΐφιλος
805 3601 972 3671 Μενέλαος.

271 3710 310 3774 ὡς
328 3711 361 3771 δέ
375 3710 438 3771 ἴδεν
453 3706 557 3785 νεῦρόν
572 3728 604 3768 τε
620 3703 668 3766 καὶ
683 3704 789 3785 ὄγκους
805 3702 889 3770 ἐκτδς
904 3706 1018 3782 ἐόντας,
