2848 4296
239 361 304 421 414
550 357 601 405 νο.
630 343 802 403 ΙΛΙΑΔΟΣ
823 344 859 404 Υ.

235 509 293 589 ἠκα
306 510 390 590 μάλα
404 509 539 594 ψύξασα·
562 516 596 573 τὸ
613 509 639 573 δ’
654 509 703 592 ἂψ
718 510 792 575 ἵκεθ’
804 509 937 593 Ἕκτορα
951 517 1026 587 δίον,
1129 541 1180 590 440

236 614 325 677 αὐτοῦ
341 617 373 677 δέ
389 614 573 696 προπάροιθε
589 619 690 677 ποδῶν
705 613 809 680 πέσεν.
834 615 927 697 αὐτὰρ
941 615 1106 700 Ἀχιλλεὺς

235 719 391 798 ἐμμεμαὼς
407 717 555 799 ἐπόρουσε
572 716 791 797 κατακτάμεναι
807 720 984 798 μενεαίνων,

236 820 409 901 σμερδαλέα
425 820 528 902 ἰάχων·
551 820 605 886 τάν
621 820 646 885 δ’
659 819 828 902 ἐξήρπαξεν
845 819 1009 886 Ἀπόλλων

232 925 298 1003 ῥεῖα
312 924 383 1004 μάλ’
400 927 440 992 ὥς
456 951 489 990 τε
504 927 581 1000 θεός,
599 924 737 1006 ἐκάλυψε
753 925 778 989 δ’
795 925 840 1007 ἀρ’
856 924 922 1007 ἠέρι
937 927 1050 1012 πολλῇ.

233 1029 294 1109 τρὶς
309 1032 364 1108 μὲν
379 1027 475 1094 ἔπειτ’
491 1030 640 1111 ἐπόρουσε
656 1027 806 1108 ποδάρκης
822 1033 885 1094 δῖος
899 1025 1062 1112 Ἀχιλλεὺς
1129 1056 1178 1106 445

234 1131 319 1213 ἔγχεϊ
334 1133 478 1217 χαλκείῳ,
495 1134 558 1214 τρὶς
574 1132 598 1196 δ’
616 1131 690 1214 ἠέρα
705 1133 783 1215 τύψε
798 1136 937 1211 βαθεῖαν.

234 1235 303 1297 ἀλλ’
321 1237 372 1299 ὅτε
387 1237 423 1315 δή
439 1236 474 1300 τὸ
490 1235 632 1316 τέταρτον
649 1234 802 1300 ἐπέσσυτο
817 1237 936 1315 δαίμονι
950 1237 1028 1314 ἶσος,
1075 1305 1078 1310 ,

233 1341 316 1402 δεινὰ
332 1339 357 1402 δ’
374 1338 549 1418 ὁμοκλήσας
566 1339 642 1403 ἐπεα
660 1340 826 1419 πτερόεντα
840 1339 1005 1420 προσηύδα·

235 1453 254 1478 “
264 1439 300 1520 ἐξ
313 1441 349 1505 αὖ
365 1448 418 1507 νΰν
433 1444 543 1525 ἔφυγες
559 1443 700 1521 θάνατον,
716 1443 795 1506 κύον·
824 1441 843 1522 ἠ
857 1441 891 1505 τέ
905 1469 951 1506 τοι
967 1443 1040 1525 ἀγχι

234 1544 309 1624 ἠλθε
325 1547 426 1612 κακόν·
452 1551 504 1610 νῦν
520 1546 591 1610 αὖτέ
607 1545 636 1609 σ’
654 1546 783 1627 ἐρύσατο
798 1550 915 1626 Φοῖβος
931 1545 1102 1623 Ἀπόλλων,
1128 1573 1180 1621 450

234 1645 257 1731 ᾧ
272 1646 398 1727 μέλλεις
414 1649 558 1732 εὔχεσθαι
574 1650 627 1713 law
643 1651 675 1716 ἐς
687 1654 798 1712 δοῦπον
814 1650 955 1714 ἀκόντων.

234 1751 253 1830 ἠ
268 1750 323 1830 θήν
339 1751 367 1814 α’
385 1749 498 1830 ἐξανύω
514 1778 550 1836 γε
567 1754 615 1816 καὶ
632 1753 764 1834 ὕστερον
777 1750 994 1832 ἀντιβολήσας,

234 1857 263 1918 εί
276 1855 334 1919 πού
349 1881 393 1922 τις
409 1857 458 1920 καὶ
475 1856 578 1939 ἔμοιγε
595 1860 672 1921 θεῶν
689 1855 884 1939 ἐπιτάρροθός
899 1857 975 1918 ἐστι.

234 1964 286 2024 νῶν
301 1959 338 2022 αὖ
353 1959 420 2026 τοὺς
436 1959 549 2026 ἀλλους
565 1961 749 2039 ἐπιείσομαι,
765 1961 801 2023 όν
817 1985 850 2023 κε
865 1959 996 2042 κιχείω.”

270 2061 333 2129 Ὣς
348 2063 441 2127 εἰπὸν
453 2061 566 2144 Δρύοπ’
577 2062 650 2126 οὖτα
666 2062 727 2125 κατ’
740 2060 852 2143 αὐχένα
862 2060 981 2140 μέσσον
996 2062 1107 2125 ἄκοντι·
1128 2087 1177 2138 ⁴5⁵

233 2164 321 2246 ἤριπε
337 2167 369 2230 δὲ
384 2165 569 2247 προπάροιθε
584 2170 695 2230 ποδῶν·
719 2167 735 2228 6
751 2167 784 2228 δέ
799 2164 852 2230 τὸν
866 2166 922 2244 μὲν
937 2165 1020 2240 ἐασε,

235 2274 400 2352 Δημοῦχον
415 2270 448 2332 δέ
462 2269 677 2349 Φιλητορίδην,
694 2266 749 2347 ἠΰν
763 2293 796 2331 τε
810 2266 906 2349 μέγαν
921 2293 962 2338 τε,

234 2376 291 2454 κδγ
306 2375 379 2456 γόνυ
395 2373 478 2453 δουρὶ
492 2373 601 2452 βαλὸν
617 2371 753 2452 ἠρύκακε.
777 2369 901 2449 τὸνμὲν
917 2371 1020 2435 ἔπειτα

234 2475 365 2553 ούτάζων
380 2474 464 2556 ξίφεϊ
479 2475 603 2561 μεγάλῳ
620 2474 756 2554 ἐξαίνυτο
772 2475 875 2552 θυμόν·

234 2579 325 2660 αὗτάρ
342 2581 358 2642 6
373 2579 531 2661 Λαόγονον
547 2582 595 2644 καὶ
612 2575 781 2660 Δάρδανον,
796 2578 842 2640 υἶε
858 2577 994 2655 Βίαντος,
1128 2590 1178 2650 ιόο

233 2683 324 2763 ἄμφω
340 2685 522 2764 ἐφορμηθεὶς
539 2681 575 2761 ἐξ
587 2684 689 2746 ίππων
704 2677 766 2744 ῶσε
781 2679 906 2762 χαμᾶζε,

234 2787 355 2864 τὸνμὲν
370 2787 452 2867 δουρὶ
467 2786 585 2866 βολῶν,
601 2790 655 2851 τάν
670 2787 702 2850 δέ
719 2783 832 2867 σχεδδν
847 2783 915 2865 ἀορι
930 2784 1038 2865 τύψας.

231 2894 322 2970 Τρῶα
337 2894 362 2952 δ’
380 2886 675 2971 Ἀλαστορίδην,-ό
689 2891 746 2969 μὲν
761 2888 862 2953 ἀντίος
877 2887 969 2965 ἠλυθε
985 2887 1106 2970 γούνων,

235 2995 263 3056 εί
276 2994 339 3058 πῶς
355 2995 388 3056 εὖ
404 2994 563 3074 πεφίδοιτο
580 2994 688 3072 λαβὼν
704 2995 753 3056 καὶ
771 2991 845 3069 ζωδν
861 2991 961 3072 ἀφείη,

233 3097 309 3176 μηδὲ
325 3097 545 3161 κατακτείνειεν
560 3096 720 3176 ὁμηλικίην
735 3094 875 3174 ἐλεήσας,
1128 3106 1177 3180 4όρ

234 3198 349 3279 νήπιος,
366 3200 482 3264 οὐδὲτὸ
497 3199 562 3286 ᾔδη,
580 3199 596 3263 6
613 3200 647 3263 ού
663 3202 826 3265 πείσεσθαι
843 3200 981 3279 ἔμελλεν·

234 3305 268 3368 οὐ
283 3302 340 3386 γάρ
356 3330 384 3367 τι
399 3304 587 3387 γλυκύθυμος
602 3304 677 3385 ἀνήρ
692 3303 728 3383 ἠν
744 3302 803 3368 οὐδ’
821 3303 1011 3384 ἀγανόφρων,

234 3410 316 3472 ἀλλά
330 3407 401 3488 μάλ’
419 3408 584 3488 ἐμμεμαώς·
608 3409 624 3470 6
638 3409 694 3486 μὶν
708 3407 819 3486 ἠπτετο
834 3406 952 3489 χείρεσι
967 3405 1084 3489 γούνων

235 3511 351 3590 ἱέμενος
364 3509 518 3588 λίσσεσθ’,
537 3513 553 3574 6
568 3513 601 3575 δέ
616 3509 765 3596 φασγάνῳ
782 3509 853 3573 οὖτα
869 3509 935 3573 καθΙ
949 3509 1038 3591 ἠπαρ·

234 3615 267 3675 ἐκ
284 3611 317 3676 δέ
332 3613 361 3675 σί
378 3611 458 3692 ἠπαρ
474 3611 608 3690 όλισθεν,
625 3611 699 3691 ἀτδρ
713 3608 812 3689 μέλαν
827 3609 900 3686 αῐμα
915 3608 977 3673 κατ’
994 3609 1084 3673 αὐτοῦ
1127 3632 1179 3685 470

235 3717 351 3780 κόλπον
367 3714 547 3793 ἐνέπλησεν·
570 3721 624 3778 τὸν
639 3717 672 3778 δὲ
689 3716 797 3778 σκότος
812 3714 890 3778 ὄσσε
906 3712 1026 3796 κάλυψε
