2728 4230
488 328 516 398 5.
541 321 711 380 1A1AA02
734 319 770 383 Ε.
1040 335 1098 404 103

158 484 333 566 ἐλπόμενον·
356 482 391 548 τδ
405 485 462 564 μέν
477 485 511 548 οὔ
524 509 570 552 τις
582 483 770 568 ἐπεφράσατ’
785 483 847 552 οὔδ’
863 485 980 568 ἐνόησε,
1050 502 1097 564 ⁶⁶5

155 593 253 670 μηροῦ
268 586 408 669 ἐξερύσαι
423 587 494 669 δόρυ
504 589 650 667 μείλινον,
668 587 738 671 ὄφρ’
754 591 890 671 ἐπιβαίη,

156 691 360 755 σπευδόντων·
383 694 467 755 τοῖον
480 693 540 772 γὰρ
555 690 628 775 ἔχον
646 692 740 756 πόνον
755 692 967 774 ἀμφιέποντες.

202 795 406 875 Τληπόλεμον
421 791 448 858 δ’
464 792 608 876 ἑτέρωθεν
624 793 796 888 ἐϋκνήμιδες
811 794 930 881 Ἀχαιοὶ

156 897 304 979 ἐξέφερον
319 897 476 977 πολέμοιο·
501 899 593 978 νόησε
609 900 642 964 δέ
657 905 720 966 δῖος
737 897 904 967 Ὀδυσσεὺς

155 999 293 1080 τλήμονα
308 1000 400 1080 θυμὸν
415 1000 504 1083 ἔχων,
519 1003 651 1082 μαίμησε
669 1000 702 1068 δέ
717 1006 746 1068 οἱ
761 1004 856 1086 φίλον
871 1002 952 1083 ἦτορ·
1048 1015 1099 1082 ⁶70

155 1101 319 1185 μερμήριξε
333 1101 358 1167 δ’
375 1103 479 1168 ἔπειτα
494 1108 568 1168 κατὰ
584 1104 681 1186 φρένα
696 1106 745 1170 καὶ
763 1106 838 1172 κατὰ
853 1105 947 1186 θυμὸν

153 1203 173 1283 ἢ
192 1203 325 1288 προτέρω
342 1206 416 1273 Διὸς
430 1205 496 1270 υἱὸν
511 1207 700 1290 ἐριγδούποιο
716 1210 826 1286 διόκοι,
883 1221 885 1226 “

152 1307 172 1386 ἦ
192 1310 259 1392 όγε
274 1315 334 1374 τῶν
349 1309 486 1374 πλεόνων
501 1311 618 1374 Λυκίων
633 1310 693 1375 άπὸ
709 1312 801 1393 θυμὸν
817 1311 927 1377 ἐλοιτο.

157 1405 219 1476 οὐδ’
236 1409 283 1490 ἄρ’
300 1410 450 1491 Ὀδυσσῆι·
464 1410 648 1496 μεγαλήτορι
661 1414 812 1495 μόρσιμον
827 1414 881 1495 ἦεν

157 1519 285 1598 ἴφθιμον
301 1514 375 1581 Διὸς
389 1514 455 1579 υἱὸν
471 1515 641 1597 ἀποκτάμεν
656 1515 721 1596 ὀξέι·
734 1519 853 1602 χαλκῷ·
1050 1528 1099 1593 ⁶7⁵

157 1619 198 1704 τῷ
213 1621 252 1701 ῥα
267 1620 342 1682 κατὰ
357 1617 475 1696 πληθδν
489 1619 607 1684 Λυκίων
622 1618 717 1702 τράπε
731 1619 824 1701 θυμδν
837 1617 961 1700 Ἀθήνη.
1035 1615 1036 1620 ’

157 1719 219 1786 ἔνθ’
235 1722 253 1785 ό
266 1746 303 1803 γε
319 1720 468 1801 Κοίρανον
483 1721 567 1786 εἶλεν
582 1719 757 1806 Ἀλάστορά
772 1749 805 1788 τε
823 1725 958 1806 Χρομίον
973 1747 1007 1788 τε

153 1823 343 1906 Ἀλκονδρόν
359 1819 386 1885 θ’
396 1822 510 1887 Ἀλιόν
523 1847 557 1889 τε
572 1822 719 1905 Νοήμονά
733 1849 767 1891 τε
783 1826 936 1908 Πρότανίν
951 1849 994 1890 τε.

156 1927 208 1991 καί
222 1926 258 1992 νύ
271 1923 299 1991 κ’
315 1925 360 1990 ἐτι
375 1924 508 1992 πλέονας
522 1926 640 1990 Λυκίων
656 1925 744 1993 κτάνε
759 1932 822 1993 δῖος
838 1923 1013 2004 Ὀδυσσεύς,

157 2033 184 2096 εί
197 2029 239 2110 μὴ
255 2025 301 2110 ἄρ’
317 2026 371 2107 όξδ
386 2028 479 2107 νόησε
492 2025 588 2112 μέγας
602 2031 798 2111 κορυθαίολος
808 2028 937 2111 Ἕκτωρ·
1050 2042 1100 2092 680

156 2138 201 2214 βῆ
216 2135 249 2197 δὲ
262 2134 313 2197 διδ
327 2128 490 2214 προμάχων
505 2130 717 2214 κεκορυθμένος
731 2134 835 2197 αἴθοπι
848 2133 964 2217 χαλκῷ,

157 2241 244 2317 δεῖμα
259 2234 360 2318 φέρων
376 2238 536 2300 Δαναοῖσι·
558 2232 636 2318 χάρη
654 2231 680 2299 δ’
695 2234 752 2316 άρα
766 2237 797 2299 οί
812 2236 972 2316 προσιόντι

156 2339 323 2421 Σαρπηδὼν
338 2336 412 2403 Διδς
426 2337 500 2410 υἱός,
518 2335 589 2404 ἐπος
604 2334 631 2401 δ’
646 2334 818 2419 ὀλοφυδνὸν
834 2337 925 2402 ἐειπε·

158 2451 178 2478 “
187 2443 348 2522 Πριαμίδη,
364 2440 404 2521 μή
420 2438 457 2519 δή
471 2464 509 2520 με
524 2439 603 2522 ἐλωρ
619 2442 788 2506 Δαναοῖσιν
804 2438 897 2528 ἐάσης

156 2548 285 2621 κεῖσθαι,
302 2540 374 2607 άλλ’
389 2538 550 2622 ἐπάμυνον·
572 2541 678 2606 ἔπειτά
690 2566 729 2623 με
744 2542 793 2606 καὶ
806 2541 892 2607 λίποι
908 2542 983 2608 αίδιν
1049 2555 1097 2620 685

157 2650 191 2710 ἐν
205 2647 295 2711 πόλει
310 2643 444 2733 ὑμετέρῃ,
463 2646 528 2710 ἐπεὶ
544 2645 596 2710 οὐκ
612 2643 659 2728 ἄρ’
675 2647 807 2726 ἐμελλον
822 2646 919 2731 ἔγωγε

156 2748 309 2830 νοστήσας
325 2749 443 2813 οἶκόνδε
459 2749 556 2829 φίλην
571 2753 602 2816 ἐς
616 2751 745 2832 πατρίδα
758 2753 851 2835 γαῖαν

156 2850 333 2935 εὐφρανέειν
347 2851 464 2935 άλοχόν
477 2876 511 2917 τε
526 2853 622 2934 φίλην
637 2852 686 2916 καὶ
701 2850 808 2931 νήπιον
822 2849 917 2917 υίόν.”

194 2955 257 3022 Ὠς
273 2952 361 3036 φάτο,
376 2954 430 3021 τὸν
444 2953 471 3020 δ’
486 2955 521 3019 οὗ
535 2979 564 3020 τι
578 2955 720 3039 προσέφη
737 2956 933 3037 κορυθαίολος
944 2953 1071 3036 Ἕκτωρ,

156 3059 239 3122 άλλδ
254 3057 409 3141 παρήϊξεν,
424 3058 605 3140 λελιημένος
621 3061 701 3142 όφρα
715 3059 847 3145 τάχιστα
1052 3069 1101 3135 ⁶90
1207 3134 1210 3143 ,

157 3159 262 3226 ὤσαιτ’
277 3157 443 3245 Ἀργείους,
459 3161 581 3226 πολέων
598 3161 624 3227 δ’
640 3161 698 3227 άπδ
716 3162 809 3244 θυμὸν
825 3163 935 3231 ἐλοιτο.

157 3269 186 3330 ot
200 3267 257 3344 μὲν
272 3263 319 3346 ἄρ’
334 3267 473 3330 άντίθεον
489 3268 744 3348 Σαρπηδόναδῖοι
761 3271 873 3348 ἐταῖροι

156 3368 245 3431 εἶσαν
259 3365 309 3430 ὑπ’
325 3369 477 3451 αἰγιόχοιο
495 3367 569 3435 Διὸς
583 3369 760 3450 περικαλλέιΙ
779 3371 879 3454 φηγῷ·

156 3473 189 3533 ἐκ
205 3469 232 3535 δ’
247 3470 305 3552 άρο
321 3473 349 3535 οἱ
363 3477 458 3554 μηροΰ
474 3472 545 3552 δόρυ
559 3473 697 3552 μείλινον
711 3469 774 3538 ὦσε
789 3473 894 3554 θύραζε

155 3576 281 3653 ἴφθιμος
297 3573 456 3656 Πελάγων,
474 3575 508 3642 ὅς
523 3577 552 3638 οί
568 3575 661 3655 φίλος
676 3575 729 3655 ἦεν
743 3580 870 3659 ἑταῖρος.
1050 3584 1099 3652 ⁶9⁵

154 3674 249 3740 τάνδ’
265 3675 353 3740 ἔλιπε
368 3675 465 3761 ψυχή,
482 3679 557 3741 κατά
572 3675 599 3766 δ’
617 3679 785 3759 άφθαλμῶν
800 3677 900 3763 κέχυτ’
916 3677 1020 3762 άχλῦς·
