2792 4232
245 324 309 406 356
566 330 616 400 17·
642 319 813 384 ιλιΑΔου
837 322 869 404 ν.

247 485 373 568 ζεύγλης
388 484 570 570 ἐξεριποῦσα
587 492 669 571 παρα
685 489 774 572 ζυγὸν
789 488 1023 573 ἀμφοτέρωθεν.’
1095 493 1100 503 ”
1145 516 1195 566 44ο

244 590 400 671 μυρομένω
415 588 440 654 δ’
457 590 515 672 ἄρα
529 592 571 655 τό
585 618 622 674 γε
637 593 710 658 ίδιδν
724 591 835 672 ἐλέησε
855 594 1000 675 Κρονίων,
1138 601 1141 611 ’

246 691 372 771 κινήσας
386 694 419 757 δέ
434 693 508 776 κάρη
523 693 611 777 προτὶ
627 694 663 762 δν
676 695 832 776 μυθήσατο
849 699 951 778 θυμόν·

246 796 294 858 “fi
309 797 409 874 δειλό,
424 800 456 862 τί
469 805 554 880 σφωί·
568 801 659 879 δόμεν
674 800 900 884 Πηλῆϊλάνακτι

246 901 353 983 θνητῷ,
367 901 452 981 ὑμεῖς
465 899 492 965 δ’
510 901 601 966 ἐστδν
616 901 717 986 ἀγήρω
734 901 761 966 τ’
777 902 915 968 ἀθανάτω
935 928 978 968 τε.

245 1000 326 1080 ήίνα
337 1003 514 1082 δυστήνοισι
529 1005 594 1085 μετ’
611 1005 758 1089 ἀνδράσιν
773 1003 859 1089 ἄλγε’
876 1006 986 1090 ἔχητον
991 1029 1005 1079 ,·
1146 1031 1195 1082 445

245 1104 280 1168 οὐ
294 1107 351 1184 μέν
364 1104 422 1189 γάρ
437 1109 467 1170 τί
481 1108 540 1171 πού
553 1110 639 1175 ἐστιν
657 1110 853 1192 ὀϊζυρώτερον
868 1110 975 1192 ἀνδρὸς

246 1206 374 1285 πόντων,
391 1211 474 1275 όσσο
487 1237 520 1276 τε
535 1217 626 1295 γαῖαν
640 1213 691 1276 ἐπι
706 1214 803 1278 πνείει
818 1238 852 1277 τε
867 1213 917 1276 καὶ
933 1213 1027 1295 ἕρπει.
1117 1291 1119 1296 Ι

245 1311 316 1375 ἀλλ’
332 1313 367 1376 ού
381 1315 441 1392 μὰν
454 1316 524 1393 ὐμῖν
538 1342 575 1397 γε
591 1317 640 1381 καὶ
659 1315 772 1398 ἀρμοσι
788 1315 997 1380 δαιδαλέοισιν

241 1415 360 1498 Ἕκτωρ
376 1419 545 1499 Πριαμίδης
559 1417 757 1502 ἐποχήσεται·
781 1419 889 1502 οὐγὰρ
904 1419 1010 1485 ἐάσω.Ι

246 1515 265 1594 ἦ
280 1515 336 1600 οὐχ
352 1516 421 1583 ἀλις
436 1517 475 1583 ὣς
494 1519 543 1582 καὶ
558 1517 655 1600 τεύχε’
672 1519 805 1602 ἔχεικαὶ
821 1518 980 1601 ἐπεύχεται
996 1519 1090 1584 οὕτως
1098 1543 1108 1594 ς
1145 1527 1197 1595 45‘0

247 1625 348 1700 σφῶϊν
363 1619 388 1684 δ’
405 1622 439 1685 ἐν
453 1620 599 1702 γούνεσσι
614 1627 704 1701 βαλῶ
720 1619 811 1701 μένας
826 1620 873 1700 ἠδ’
890 1619 934 1686 ἐνὶ
953 1623 1044 1706 θνμφ,
1120 1655 1123 1664 ·

247 1726 328 1805 ὄφρα
343 1725 392 1788 καὶ
407 1723 619 1801 Αὐτομέδοντα
635 1724 794 1789 σαιίσετον
812 1726 846 1788 ἐκ
861 1723 1009 1804 πολέμοιο

247 1830 319 1904 νῆας
334 1827 384 1891 ἐπι
396 1826 568 1909 γλαφυρός·
592 1828 638 1892 ἐτι
656 1826 714 1917 γάρ
730 1834 824 1910 σφισι
840 1832 926 1893 κῦδος
941 1826 1044 1909 ὀρέξω,

248 1932 384 2003 κτείνειν,
401 1932 445 1996 είς
463 1932 481 1993 ό
496 1957 529 1996 κε
545 1934 619 2010 νῆας
634 1931 825 2011 ἐϋσσέλμους
839 1932 1010 2013 ἀφίκωνται

247 2035 301 2121 δύῃ
322 2032 465 2114 τ’,ήέλιος
484 2032 532 2098 καὶ
548 2036 598 2100 ἐπὶ
615 2033 728 2124 κνέφας
745 2034 825 2117 ἱερὸν
840 2034 944 2121 έλθη.”
1146 2061 1196 2111 455

283 2137 347 2204 Ὧς
363 2140 455 2204 εἰπὼν
469 2141 610 2204 ἵπποισιν
626 2137 807 2206 ἐνέπνευσεν
823 2137 914 2219 μένος
928 2135 974 2217 ήύ.
1183 2147 1186 2154 ’

247 2245 288 2325 τὸ
304 2241 330 2307 δ’
347 2245 406 2307 ἀπὸ
421 2242 556 2325 χαιτάων
576 2243 678 2323 κονίην
693 2241 822 2308 οὖδάσδε
836 2244 972 2321 βαλόντε

246 2347 332 2428 ῥίμφ’
349 2347 460 2428 έφερον
475 2345 546 2415 θοὸν
562 2344 641 2426 δρμα
655 2346 731 2424 μετὰ
745 2350 851 2427 Τρῶας
866 2346 916 2408 καὶ
930 2343 1082 2426 Ἀχαιούς.

247 2454 328 2514 τοῖσι
344 2447 371 2513 δ’
386 2449 433 2514 ἐπ’
451 2448 628 2527 Αὐτομέδων
643 2448 749 2532 μάχετ’
766 2448 933 2532 ἀχνύμενός
948 2473 1005 2530 περ
1020 2449 1149 2529 ἑταίρου,

248 2555 352 2620 ἵπποις
366 2551 486 2617 ἀίσσων
501 2554 542 2618 ὥς
558 2553 582 2616 τ’
600 2555 738 2635 αἰγυπιὸς
756 2550 832 2631 μετὰ
847 2554 952 2634 χῆνας·
1146 2564 1197 2628 46ο

246 2655 301 2738 ῥέα
315 2658 371 2736 μέν
384 2655 443 2740 γὰρ
458 2657 628 2738 φεύγεσκεν
643 2657 718 2719 ὐπέκ
733 2655 844 2735 Τριόων
859 2656 1036 2737 ὀρυμαγδοῦ,

246 2762 313 2843 ῥεῖα
328 2760 352 2824 δ’
370 2759 536 2839 ἐπαΐξασκε
554 2759 651 2825 πολύν
666 2757 729 2822 καθ’
747 2760 855 2839 ὅμιλον
870 2758 999 2835 ἀπόζων.

248 2864 319 2927 ἀλλ’
335 2863 390 2946 οὐχ
405 2862 470 2951 ᾔρει
486 2870 598 2945 φῶτας,
619 2864 670 2926 ὅτε
685 2862 807 2926 σεύαιτο
822 2861 949 2927 διύκειν·

248 2967 283 3031 οὐ
297 2966 355 3050 γάρ
370 2993 433 3035 πως
448 2967 485 3047 ἦν
500 2968 565 3031 οἶον
581 2965 660 3030 ἐόνθ’
680 2967 747 3050 ίερφ
764 2967 808 3029 ἐνὶ
820 2967 916 3050 δίφρῳ
944 2995 947 3004 ·

249 3071 334 3154 ἔγχει
350 3073 542 3152 ἐφορμᾶσθαι
558 3070 607 3133 καὶ
622 3070 763 3150 ἐπίσχειν
778 3068 872 3134 ὠκέας
885 3070 1006 3132 ἵππους.
1148 3078 1197 3144 465

249 3175 309 3256 ὀψὲ
324 3175 357 3238 δέ
372 3172 408 3253 δή
423 3198 475 3253 μιν
491 3177 606 3254 ἑταῖρος
624 3172 698 3253 ἀνὴρ
714 3174 777 3238 ἵδεν
792 3173 999 3253 ὀφθαλμοῖσιν
1187 3183 1189 3188 ’

247 3275 443 3356 Ἀλκιμέδων,
458 3276 521 3342 υίὸς
536 3275 684 3358 Λαέρκεος
700 3277 874 3354 Αἱμονίδαο·

249 3385 306 3460 στῆ
323 3377 349 3444 δ’
365 3382 471 3448 ὄπιθεν
485 3382 614 3462 δίφροιο,
631 3381 679 3444 καὶ
696 3379 905 3460 Αὐτομέδοντα
920 3377 1084 3459 προσηύδα·

252 3494 272 3524 “
280 3485 461 3564 Αὐτόμεδον,
478 3485 524 3552 τίς
539 3485 587 3546 τοί
601 3509 636 3548 νυ
651 3487 728 3548 θεῶν
744 3481 887 3564 νηκερδέα
906 3481 1025 3562 βουλὴν

250 3593 283 3654 ἐν
299 3585 468 3665 στήθεσσιν
483 3588 581 3666 έθηκε,
598 3588 647 3652 καὶ
662 3586 785 3667 ἐξέλετο
801 3584 913 3670 φρένας
927 3583 1065 3658 ἐσθλός4
1148 3608 1199 3660 ηῑο

251 3693 317 3754 οἶον
332 3697 407 3773 πρὸς
420 3696 527 3772 Τρῶος
541 3689 653 3774 μάχεοι
668 3689 773 3774 τρότφ
790 3690 823 3752 ἐν
839 3687 935 3774 ὁμίλῳ
