2834 4234
511 341 560 385 11.
583 326 817 386 ΟΔΎΣΣΕΙΑΣ
847 326 883 388 Λ.
1109 324 1171 405 687

226 495 329 556 πολλὰ
342 491 424 572 μάλ’,
439 495 522 558 άσσα
536 521 568 560 τε
583 501 693 575 μητρδς
707 493 840 576 Ἐρινύες
859 494 1043 559 ἐκτελέουσι.
1126 509 1174 556 280

271 597 328 660 Καὶ
343 601 466 679 Χλιῖριν
482 599 563 663 εἶδον
578 599 773 680 περικαλλέα,
790 599 844 676 τήν
860 623 934 662 ποτε
949 597 1070 678 Νηλεὺς

225 702 321 782 γῆμεν
338 704 387 765 ἑδν
402 700 452 765 διά
468 702 592 781 κάλλος,
608 701 674 768 ἐπεὶ
689 703 763 783 πόρε
777 702 866 782 μυρία
882 703 963 779 ἕδνα,

226 803 398 882 ὁπλοτάτην
413 804 521 886 κούρην
539 805 707 887 Ἀμφίονος
721 806 871 883 Ἰασίδαο,

227 908 259 972 ὅς
274 907 340 970 ποτ’
355 911 387 972 ἐν
402 907 579 994 Ὀρχομενῷ
597 910 730 994 Μινυείῳ
743 910 795 990 ἶφι
810 908 956 973 ἀνασσεν·

225 1009 244 1088 ἡ
260 1013 293 1074 δὲ
309 1012 414 1075 Πύλου
429 1014 588 1092 βασίλευε,
604 1012 690 1078 τέκεν
705 1012 738 1077 δέ
752 1015 782 1076 αἱ
798 1014 899 1094 ἀγλαδι
914 1012 1013 1089 τέκνα,
1125 1027 1172 1085 285

227 1113 366 1196 Νέστορά
384 1142 414 1180 τε
429 1118 564 1198 Χρομίον
579 1143 613 1180 τε
629 1116 854 1198 Περικλύμενόν
870 1116 894 1179 τ’
912 1115 1077 1198 ἀγέρωχον.

226 1222 306 1282 τοῖσι
325 1218 350 1283 δ’
367 1217 414 1282 ἐπ’
430 1221 559 1301 ἰφθίμην
575 1221 667 1300 Πηρὼ
683 1221 761 1299 τέκε,
778 1224 875 1300 θαῦμα
891 1224 1043 1301 βροτοῖσι,

226 1321 279 1399 τὴν
296 1321 404 1389 πάντες
418 1324 552 1405 μνώοντο
567 1324 741 1403 περικτίται·
764 1323 833 1388 οὐδέ
847 1349 876 1386 τι
892 1322 1013 1400 Νηλεὺς

225 1425 268 1509 τῷ
283 1427 381 1490 ἐδίδου
397 1425 430 1492 δς
445 1426 486 1507 μή
500 1431 607 1492 ἕλικας
622 1427 701 1507 βόας
717 1428 940 1507 εὐρυμετώπους

225 1530 258 1590 ἐκ
273 1530 415 1608 Φυλάκης
430 1529 553 1595 ἐλάσειε
568 1533 640 1610 βίης
655 1529 844 1612 Ἰφικληείης
1123 1548 1175 1608 290·

225 1632 384 1714 ἀργαλέας·
413 1633 466 1700 τὰς
481 1633 507 1698 δ’
524 1635 586 1701 οἶος
600 1633 751 1717 ὑπέσχετο
767 1633 872 1714 μάντις
888 1633 1011 1714 ἀμύμων

225 1734 362 1814 ἐξελάαν·
391 1737 512 1820 χαλεπὴ
528 1740 562 1801 δέ
578 1741 646 1801 θεοῦ
662 1741 735 1802 κατὰ
748 1742 840 1819 μοῖρα
854 1736 974 1816 πέδησε,

225 1842 332 1919 δεσμοί
346 1841 371 1902 τ’
388 1842 532 1923 ἀργαλέοι
548 1839 596 1905 καὶ
612 1842 759 1921 βουκόλοι
774 1842 944 1922 ἀγροιῶται.

224 1942 296 2006 ἀλλ’
312 1945 364 2008 ὅτε
381 1945 417 2022 δή
433 1945 524 2023 μῆνές
540 1970 573 2008 τε
588 1945 637 2007 καὶ
651 1943 756 2024 ἡμέραι
772 1942 963 2022 ἐξετελεῦντο

223 2045 271 2128 ἂψ
287 2047 539 2129 περιτελλομένου
554 2047 637 2113 έτεος
653 2044 702 2110 καὶ
718 2044 870 2125 ἐπήλυθον
886 2049 968 2126 ὧραι,
1128 2073 1173 2121 295

225 2148 273 2214 καὶ
290 2152 358 2215 τότε
372 2149 409 2229 δή
424 2177 475 2231 μιν
490 2151 583 2215 ἔλυσε
597 2152 653 2231 βίη
668 2150 846 2231 Ἰφικληείη,

224 2255 364 2334 θέσφατα
379 2253 465 2319 πάντ’
483 2255 616 2320 εἰπόντα·
650 2254 725 2320 Διὸς
741 2253 766 2318 δ’
784 2254 933 2317 ἐτελείετο
948 2251 1058 2332 βουλή.

268 2355 326 2422 Καὶ
342 2357 445 2437 Λήδην
460 2359 549 2433 εῖδον,
565 2358 620 2436 τὴν
634 2357 803 2438 Τυνδαρέου
819 2356 1003 2438 παράκοιτιν,

222 2461 242 2539 ἥ
258 2462 285 2544 ῥ’
298 2464 357 2526 ὑπὸ
371 2460 529 2546 Τυνδαρέῳ
546 2463 767 2542 κρατερόφρονε
783 2462 904 2543 γείνατο
921 2465 1018 2539 παῖδε,

225 2564 367 2646 Κάστορά
382 2566 408 2628 θ’
427 2567 596 2647 ἱππόδαμον
614 2564 661 2629 καὶ
676 2564 739 2644 πὺξ
753 2567 867 2647 ἀγαθὸν
882 2564 1087 2640 Πολυδεύκεα,
1123 2592 1173 2639 3ου

224 2668 292 2734 τοὺς
307 2668 397 2750 ἄμφω
416 2669 506 2746 ζωοὺς
523 2668 644 2753 κατέχει
659 2670 803 2746 φυσίζοος
819 2669 879 2731 αἶα·

224 2772 252 2835 οῖ
269 2771 317 2836 καὶ
332 2774 435 2854 νέρθεν
454 2776 509 2854 γῆς
525 2773 613 2853 τιμὴν
630 2779 704 2854 πρὸς
720 2778 816 2850 Ζηνὸς
832 2773 956 2854 ἔχοντες

224 2875 338 2940 ἄλλοτε
351 2879 408 2954 μὲν
426 2875 530 2953 <davd
549 2866 728 2958 ἑτερήμεροι,
743 2875 857 2940 ἀλλοτε
873 2876 897 2938 δ’
915 2875 985 2939 οὗτε

224 2984 375 3046 τεθνᾶσιν·
405 2980 494 3060 τιμην
509 2983 541 3044 δέ
557 2982 748 3064 λελόγχασιν
762 2980 818 3044 ἶσα
832 2983 941 3042 θεοῖσι.

266 3084 331 3162 Τήν
346 3087 379 3148 δέ
391 3083 455 3162 μέτ’
472 3084 662 3164 Ἰφιμέδειαν,
677 3083 812 3160 Ἀλωῆος
828 3081 1011 3163 παράκοιτιν,
1039 3137 1044 3141 .
1124 3110 1173 3158 3⁰5

224 3191 346 3265 εἴσιδον,
361 3186 380 3265 ἦ
397 3187 433 3265 δή
450 3187 550 3267 φάσκε
567 3186 757 3252 Ποσειδάωνι
772 3189 904 3269 μιγῆναι,

224 3291 273 3353 καί
287 3289 312 3368 ῥ’
330 3292 430 3355 έτεκεν
446 3293 497 3356 δύο
509 3295 605 3368 παῖδε,
620 3293 801 3369 μινυνθαδίω
817 3293 849 3352 δέ
866 3289 1020 3371 γενέσθην,

221 3393 316 3458 Ὦτόν
333 3393 359 3457 τ’
376 3395 515 3460 ἀντίθεον
529 3395 725 3473 τηλεκλειτόν
740 3393 766 3457 τ’
783 3392 962 3475 Ἐφιάλτην,

224 3497 274 3565 οδς
289 3498 324 3576 δὴ
340 3499 503 3576 μηκίστους
518 3497 612 3580 θρέψε
629 3499 766 3579 ζείδωρος
782 3498 893 3579 άρουρα

225 3600 271 3666 καὶ
288 3601 367 3666 πολὺ
384 3605 565 3669 καλλίστους
579 3600 655 3683 μετά
670 3628 707 3684 γε
723 3609 831 3666 κλυτὸν
847 3601 990 3684 Ὠρίωνα·
1125 3628 1174 3674 ,ιιο

223 3704 362 3787 ἐννέωροι
378 3702 434 3788 γάρ
449 3705 497 3770 τοί
511 3732 547 3788 γε
562 3703 611 3770 καὶ
626 3704 827 3790 ἐννεαπήχεες
844 3705 924 3785 ήσαυ
