2738 4226
264 323 323 388 232
579 323 627 368 12.
654 310 823 368 ΙΛΙΑΔΟΣ
848 310 890 369 Μ.

261 481 320 537 τῶν
335 474 455 541 πάντων
471 476 565 557 ὁμόσε
581 475 703 555 στόματ’
722 477 831 557 ἔτραπε
847 480 964 555 Φοῖβος
978 476 1152 551 Ἀπόλλων,

262 581 390 659 ἐννῆμαρ
406 583 431 642 δ’
448 581 478 645 ἐς
492 585 594 662 τεῖχος
609 581 648 642 ἵει
662 580 742 662 ῥόον·
766 581 802 649 ὗε,
814 579 840 642 δ’
855 579 915 660 ἄρα
930 579 1004 645 Ζεὺς
1173 605 1185 639 2
1190 607 1203 654 5

262 681 396 763 συνεχές,
414 683 494 763 όφρα
510 707 543 745 κε
559 686 677 747 θᾶσσον
692 683 829 747 ἁλίπλοα
843 683 947 765 τείχεα
963 684 1037 762 θείη.

262 783 348 849 αὐτὸς
364 783 388 846 δ’
406 785 594 867 ἐννοσίγαιος
610 785 688 866 έχων
703 786 844 867 χείρεσσι
860 785 995 866 τρίαιναν

261 885 363 967 ἡγεῖτ’,
383 889 416 950 ἐκ
432 887 457 949 δ’
472 885 530 969 ἄρα
545 886 643 950 πάντα
659 889 799 967 θεμείλια
814 886 924 967 κύμασι
940 887 1039 968 πέμπε

262 995 376 1070 φιτρῶν
392 992 440 1054 καὶ
455 989 548 1067 λάων,
564 993 601 1053 τὰ
617 989 711 1053 θέσαν
725 989 885 1070 μογέοντες
901 989 1031 1073 Ἀχαιοί,

261 1096 330 1155 λεῖα
345 1093 369 1156 δ’
386 1095 529 1172 ἐποίησεν
544 1093 613 1175 παρ’
629 1095 776 1176 ἀγάρροον
790 1091 1032 1171 Ἑλλήσποντον,
1176 1119 1209 1168 30

262 1195 343 1260 αὖτις
359 1195 383 1259 δ’
399 1196 486 1274 ἠϊόνα
500 1197 637 1278 μεγάλην
651 1196 825 1278 ψαμάθοισι
840 1194 968 1276 κάλυψε,

262 1303 361 1379 τεῖχος
376 1299 557 1378 ἀμαλδύνας·
580 1299 730 1380 ποταμοὺς
746 1300 770 1364 δ’
789 1300 898 1381 ἔτρεψε
913 1299 1036 1365 νέεσθαι

263 1402 317 1480 κὰρ
332 1402 412 1482 ῥόον,
428 1401 516 1488 ᾗπερ
531 1404 664 1483 πρόσθεν
680 1405 725 1467 ἵεν
743 1404 923 1484 καλλίρροον
937 1404 1023 1482 ὕδωρ.
1077 1429 1081 1436 ·
1156 1473 1158 1478 ,

299 1504 362 1570 Ὣς
377 1502 422 1587 ἄρ’
439 1506 571 1585 ἔμελλον
586 1508 696 1570 ὄπισθε
712 1505 893 1572 Ποσειδάων
908 1508 957 1571 καί
972 1507 1135 1570 Ἀπόλλων

263 1607 435 1688 θησέμεναι·
457 1609 527 1672 τότε
541 1606 568 1672 δ’
584 1610 661 1690 ἀμφὶ
675 1608 757 1691 μάχη
774 1607 868 1688 ἐνοπή
884 1635 917 1673 τε
932 1609 1031 1688 δεδήει
1176 1633 1207 1684 35

262 1716 363 1792 τεῖχος
379 1709 532 1792 ἐύδμητον,
550 1711 692 1794 κανάχιζε
707 1715 741 1776 δέ
755 1713 885 1794 δούρατα
900 1714 1020 1794 πύργων

262 1815 441 1894 βαλλόμεν’·
464 1814 600 1898 Ἀργεῖοι
616 1817 649 1880 δέ
666 1815 740 1881 Διὸς
752 1815 879 1898 μάστιγι
895 1817 1037 1895 δαμέντες

263 1919 369 1994 νηυσὶν
385 1919 434 1982 ἐπι
449 1921 644 2005 γλαφυρῇσιν
660 1918 797 2001 ἐελμένοι
815 1921 1012 2003 ἰσχανόωντο,

259 2018 390 2102 Ἕκτορα
405 2023 556 2099 δειδιότες,
572 2021 714 2103 κρατερὸν
729 2020 872 2105 μήστωρα
887 2024 1011 2103 φόβοιο·

263 2124 353 2205 αὐτὰρ
370 2123 430 2205 ὅγ’
446 2124 485 2190 ὣς
500 2124 535 2189 τὸ
550 2125 683 2207 πρόσθεν
699 2125 846 2207 ἐμάρνατο
860 2127 929 2193 ίσος
945 2125 1052 2211 ἀέλλῃ·
1176 2153 1210 2197 40

263 2227 302 2292 ὡς
318 2225 343 2290 δ’
359 2225 403 2290 ὅτ’
419 2226 456 2290 ἀν
472 2228 505 2290 ἐν
520 2252 553 2292 τε
569 2228 693 2292 κύνεσσι
709 2230 758 2292 καὶ
774 2228 900 2311 ἀνδράσι
916 2229 1079 2314 θηρευτῇσι

264 2329 387 2411 κάπριος
402 2331 437 2409 ἠὲ
451 2329 531 2392 λέων
547 2328 711 2411 στρέφεται
726 2330 830 2396 σθένεϊ
843 2331 1045 2412 βλεμεαίνων·

264 2437 292 2496 οἱ
308 2433 341 2496 δέ
356 2458 389 2497 τε
404 2432 554 2515 πυργηδὸν
571 2432 671 2514 σφέας
686 2434 791 2501 αὐτοὺς
806 2435 982 2515 ἀρτύναντες

263 2536 365 2598 ἀντίον
380 2538 519 2599 ἵστανται
535 2536 584 2599 καὶ
601 2537 789 2615 ἀκοντίζουσι
804 2538 928 2616 θαμειὰς

264 2642 375 2722 αἰχμὰς
390 2642 422 2703 ἐκ
438 2644 557 2722 χειρῶν·
580 2645 634 2704 τοῦ
649 2640 673 2703 δ’
690 2639 813 2703 οὔποτε
828 2637 991 2718 κυδάλιμον
1007 2645 1061 2722 κῆρ
1178 2669 1211 2718 45

263 2747 372 2824 ταρβεῖ
386 2743 454 2806 οὐδὲ
469 2747 625 2823 φοβεῖται,
642 2745 784 2826 ἀγηνορίη
801 2741 834 2806 δέ
848 2769 900 2823 μιν
916 2743 995 2806 ἔκτα·

263 2846 381 2929 ταρφέα
395 2872 428 2911 τε
443 2847 607 2928 στρέφεται
624 2849 733 2930 στίχας
748 2848 863 2927 ἀνδρῶν
878 2847 1063 2927 πειρητίζων·

265 2952 346 3031 όππη
363 2950 387 3013 τ’
405 2951 502 3038 ίθύση,
520 2954 555 3039 τῇ
571 2951 596 3014 τ’
613 2954 727 3015 είκοιισι
743 2951 848 3032 στίχες
863 2952 988 3033 ἀνδρῶν·

265 3057 303 3120 ὣς
314 3053 433 3135 Ἕκτωρ
449 3054 494 3119 ἀν’
511 3056 620 3134 ὅμιλον
636 3055 687 3118 ίδιν
703 3053 850 3116 εἵλίσσεθ
869 3055 1002 3135 ἑταίρους

264 3156 380 3238 τάφρον
396 3156 565 3237 ἐποτρύνων
580 3154 783 3235 διαβαινέμεν·
807 3157 876 3221 οὗδέ
894 3160 923 3221 οἱ
938 3159 1025 3220 ἵπποι
1180 3184 1212 3232 50

264 3261 384 3337 τόλμων
400 3259 559 3333 ὠκύποδες,
573 3259 656 3339 μάλα
670 3262 703 3323 δέ
718 3259 893 3342 χρεμέτιζον
908 3258 954 3325 ἐπ’
970 3259 1049 3343 ἄκρῳ

264 3363 362 3444 χείλει
378 3364 572 3443 ἐφεσταότες·
596 3362 656 3427 ἀπὸ
671 3362 729 3444 γὰρ
744 3366 914 3427 δειδίσσετο
930 3360 1044 3442 τάφρος

266 3467 365 3546 εὐρεῖ’,
383 3465 441 3529 οὔτ’
459 3467 503 3546 ἀρ’
519 3465 710 3548 ὑπερθορέειν
725 3465 839 3550 σχεδὸν
853 3465 920 3529 οὔτε
936 3468 1066 3546 περῆσαι

264 3570 372 3651 ῥηϊδίη·
396 3571 519 3651 κρημνοὶ
534 3568 592 3651 γὰρ
608 3570 773 3651 ἐπηρεφέες
788 3569 856 3649 περὶ
872 3572 975 3632 πᾶσαν

266 3674 400 3736 ἔστασαν
416 3671 637 3753 ἀμφοτέρωθεν,
655 3675 781 3753 ὕπερθεν
797 3674 828 3736 δέ
846 3673 1056 3737 σκολόπεσσιν
1177 3700 1209 3749 55
