2738 4226
227 380 230 386 ,
279 337 337 418 198
600 356 648 401 10.
674 342 845 402 ΙΛΙΑΔΟΣ
870 343 903 404 K.

275 517 336 576 πῶς
351 510 376 573 δ’
394 511 424 572 αἱ
440 515 498 572 τῶν
514 508 618 571 ἄλλων
632 508 745 590 Τράων
761 512 899 588 φυλακαί
911 534 944 574 τε
960 509 1008 573 καὶ
1026 510 1133 586 εὖνοί,

274 614 357 676 άσσα
371 638 404 676 τε
418 612 565 692 μητιόωσι
579 610 655 692 μετὰ
675 614 794 692 σφίσιν,
810 609 829 691 ἢ
844 611 996 692 μεμάασιν

274 717 341 781 αύθι
354 715 456 796 μένειν
471 720 551 796 παρὰ
566 716 673 796 νηυσὶν
689 716 872 797 ἀπόπροθεν,
891 714 927 796 ἦε
942 717 1068 780 πόλινδε
1168 743 1220 794 4¹0

273 820 320 902 δφ
335 816 595 902 ἀναχωρήσουσιν,
613 821 678 885 ἐπεὶ
695 817 871 899 δαμάσαντό
885 817 914 902 γ’
931 817 1103 903 Ἀχαιούς·”

316 923 377 986 Τδν
391 919 418 986 δ’
434 922 504 986 οὔτε
518 921 683 1003 προσέειπε
699 923 818 1001 Δόλων,
835 919 989 1001 Εὐμήδεος
1003 925 1077 988 υἱός·

274 1035 291 1061 “
300 1029 404 1109 τοιγδρ
420 1025 480 1108 ἐγύ
495 1050 543 1089 τοι
557 1031 651 1089 ταῦτα
664 1023 737 1106 μάλ’
752 1025 898 1107 ἀτρεκέως
914 1026 1079 1106 καταλέξω.

269 1130 386 1212 Ἕκτωρ
399 1132 455 1209 μέν
469 1132 545 1210 μετδ
559 1134 668 1203 τοῖσιν,
685 1131 753 1193 ὅσοι
769 1131 962 1212 βουληφόροι
979 1133 1051 1208 εἰσί,

272 1235 388 1312 βουλδις
402 1233 545 1313 βουλεύει
560 1232 642 1297 θείου
658 1234 738 1312 παρὰ
754 1230 866 1312 σήματι
879 1231 975 1310 Ἴλου,
1169 1263 1198 1310 4¹
1204 1264 1217 1311 5

272 1337 386 1416 νόσφιν
401 1335 461 1399 άπδ
477 1336 645 1416 φλοίσβου·
667 1334 807 1415 φυλακὰς
823 1333 849 1398 δ’
864 1335 900 1402 δς
916 1338 1018 1418 είρεαι,
1035 1337 1124 1419 ἥρως,

272 1438 366 1506 οὔτις
382 1437 536 1520 κεκριμένη
551 1439 653 1521 ῥύεται
668 1437 799 1518 στρατὸν
814 1437 882 1500 οὐδὲ
899 1437 1065 1520 φυλάσσει.
1137 1475 1143 1490 ·

243 1527 245 1537 ’
272 1543 365 1604 ὅσσαι
379 1543 434 1622 μέν
448 1543 560 1623 Τράων
575 1541 667 1624 πυρὸς
682 1541 821 1625 ἐσχάραι,
839 1543 922 1608 οίσιν
937 1541 1061 1625 ἀνάγκη,

272 1648 301 1708 οἱ
316 1643 342 1708 δ’
358 1646 560 1728 ἐγρηγόρθασι
575 1643 811 1726 φυλασσέμεναί
823 1670 857 1709 τε
873 1644 1014 1710 κέλονται

272 1747 429 1826 ἀλλήλοις·
452 1749 526 1829 άτδιρ
542 1748 611 1813 αὖτε
627 1748 813 1828 πολύκλητοι
831 1751 982 1831 ἐπίκουροι
1167 1781 1217 1826 420

271 1853 400 1915 εὕδουσι·
422 1851 544 1932 Τρωσὶν
558 1853 616 1933 γδρ
632 1851 847 1934 ἐπιτραπέουσι
864 1852 1048 1933 φυλάσσειν·

271 1954 305 2016 οὐ
319 1953 376 2035 γάρ
392 1960 468 2034 σφιν
483 1957 588 2020 παῖδες
604 1954 718 2038 σχεδὸν
732 1955 822 2035 ἥαται
838 1956 906 2019 ούδέ
919 1953 1089 2037 γυναῖκες.”

312 2057 374 2120 Τδν
389 2055 414 2119 δ’
430 2057 676 2139 ἀπαμειβόμενος
691 2057 833 2141 προσέφη
850 2059 1018 2140 πολύμητις
1035 2059 1215 2126 Ὀδυσσεύς·

271 2172 289 2196 “
300 2165 362 2225 πῶς
376 2158 434 2242 γὰρ
449 2165 511 2233 νΰν,
528 2162 670 2243 Τράεσσι
685 2161 863 2244 μεμιγμένοι
881 2163 1098 2243 ἱπποδάμοισιν

270 2260 395 2342 εύδουσ’,
410 2261 430 2342 ἧ
444 2263 617 2338 ἀπάνευθε,·
641 2265 739 2330 δίειπέ
752 2290 814 2345 μοι,
831 2268 913 2347 ὄφρα
928 2265 1049 2332 δαείω.”
1164 2294 1215 2344 4²5

311 2366 373 2430 Τδν
387 2367 412 2429 δ’
429 2363 565 2447 ἠμείβετ’
582 2367 686 2432 ἔπειτα
703 2369 822 2441 Δόλων,
840 2368 995 2449 Εὐμήδεος
1011 2372 1084 2436 υἱός·

270 2470 403 2554 “τοιγδρ
418 2472 476 2554 ἐγὼ
493 2472 542 2534 καὶ
557 2475 651 2534 ταῦτα
664 2469 736 2549 μάλ’
754 2471 900 2552 ἀτρεκέως
917 2472 1084 2553 καταλέξω.

186 2603 189 2613 ·
268 2575 341 2656 πρὸς
355 2576 411 2654 μέν
425 2575 500 2641 διλδς
515 2578 612 2655 Κᾶρες
627 2575 677 2638 καὶ
693 2573 826 2642 Παίονες
841 2575 1042 2658 ἀγκυλότοξοι

268 2681 317 2744 καὶ
332 2677 464 2760 Λέλεγες
481 2677 529 2740 καὶ
545 2676 703 2743 Καύκωνες
719 2678 781 2742 δῖοί
793 2703 827 2743 τε
843 2681 1014 2763 Πελασγοί,

268 2785 341 2867 πρὸς
356 2783 503 2863 Θύμβρης
518 2778 545 2844 δ’
559 2780 674 2865 ἔλαχον
689 2783 796 2848 Λύκιοι
812 2785 919 2848 Μυσοί
934 2786 959 2849 τ’
976 2785 1125 2868 ἀγέρωχοι
1163 2815 1215 2862 430

268 2889 316 2952 καὶ
331 2886 446 2969 Φρύγες
463 2882 631 2968 ἱππόμαχοι
647 2885 697 2950 καὶ
712 2884 834 2972 Μῄονες
850 2889 1078 2970 ἱπποκορυσταί.

268 2991 350 3055 ἀλλὰ
364 2990 412 3068 τίη
429 2988 481 3068 ἐμὲ
495 2992 589 3052 ταῦτα
602 2986 793 3069 διεξερέεσθε
808 2989 922 3053 ἕκαστα
934 3015 945 3065 ,·

267 3098 294 3160 εἰ
308 3097 366 3178 γδρ
381 3091 417 3171 δὴ
431 3090 565 3171 μέματον
578 3091 690 3174 Τράων
705 3097 865 3156 καταδῦναι
881 3094 996 3172 όμιλον,

267 3195 396 3280 Θρήϊκες
411 3194 466 3259 οἵδ’
482 3193 632 3258 ἀπάνευθε
647 3192 798 3274 νεήλυδες,
816 3194 943 3279 ἔσχατοι
958 3197 1073 3260 ἄλλων·

266 3302 300 3365 ἐν
313 3297 347 3362 δέ
362 3303 439 3378 σφιν
453 3294 562 3374 Ῥῆσος
575 3297 734 3375 βασιλεύς,
751 3303 823 3363 παῖς
837 3295 993 3376 Ἠϊονῆος.
1163 3327 1213 3379 435

265 3407 317 3465 τοΰ
332 3400 367 3480 δὴ
384 3401 567 3465 καλλίστους
581 3399 691 3467 ίπτους
706 3401 773 3463 ίδον
787 3399 840 3478 ἠδὲ
854 3400 1025 3482 μεγίστους·

264 3506 437 3585 λευκότεροι
451 3502 565 3587 χιόνος,
583 3502 675 3567 θείειν
689 3499 716 3566 δ’
733 3500 891 3582 ἀνέμοισιν
907 3503 1016 3580 ὁμοῖοι·

265 3609 344 3691 άρμα
358 3607 391 3672 δέ
405 3608 435 3672 οί
449 3607 552 3690 χρυσῷ
568 3605 665 3670 τεκαὶ
682 3605 797 3690 ἀργύρῳ
814 3604 847 3668 εὖ
862 3602 1003 3685 ἤσκηται·

264 3712 373 3794 τεύχεα
387 3712 420 3774 δέ
434 3709 562 3793 χρύσεια
575 3708 719 3790 πελύρια,
736 3711 833 3786 θαῦμα
850 3706 978 3787 ἰδέσθαι,
