2746 4228
502 353 530 402 2.
555 343 724 402 ΙΛΙΑΔΟΣ
748 345 780 405 Β.

171 509 251 571 τοῖσι
266 505 291 571 δ’
308 503 358 588 ἅμ’
373 507 544 590 ὀγδώκοντα
557 508 697 588 μέλαιναι
713 515 781 589 νῆες
796 510 913 575 ἕποντο.

213 609 253 672 Οἰ
268 613 302 674 δέ
317 609 461 690 Μυκήνας
476 613 568 695 εἰχον,
586 614 757 692 ἐϋκτίμενον
772 615 959 696 πτολίεθρον,

172 712 297 793 ἀφνειόν
310 738 344 777 τε
361 714 508 796 Κόρινθον
522 714 694 794 ἐϋκτιμένας
708 740 742 780 τε
756 717 907 789 Κλεωνάς,
1059 747 1107 798 570

169 813 307 896 Ὀρνειάς
322 813 346 877 τ’
364 814 505 894 ἐνέμοντο
519 815 715 899 Ἀραιθυρέην
731 817 755 880 τ’
773 819 926 899 ἐρατεινήν

170 916 218 979 καὶ
234 916 367 989 Σικυῶν’,
385 916 428 979 ὅθ’
444 916 489 998 ἄρ’
503 916 671 1000 Ἀδρηστος
685 920 775 1001 πρῶτ’
792 923 1006 999 ἐμβασίλευεν,

170 1016 241 1080 αἵθ
256 1016 442 1100 Ὑπερησίην
456 1045 489 1083 τε
505 1021 554 1084 καί
568 1021 707 1100 αἰπεινήν
722 1022 897 1087 Γονόεσσαν

170 1119 333 1202 Πελλήνην
347 1122 372 1185 τ’
390 1123 474 1206 εἰχον
488 1122 532 1201 ἠδ’
549 1127 657 1205 Αἴγιον
673 1124 882 1205 ἀμφενέμοντο

169 1224 316 1305 Αἰγιαλόν
330 1224 355 1286 τ’
372 1225 429 1290 άνδ
444 1224 542 1290 πάντα
558 1225 606 1289 καί
623 1225 696 1307 ἀμφ’
712 1226 839 1306 Ἑλίκην
856 1228 980 1310 εὐρεῖαν,
1057 1253 1104 1306 575

169 1331 227 1390 τῶν
241 1327 347 1392 ἑκατὸν
363 1333 442 1406 νηῶν
456 1326 531 1410 ἦρχε
546 1328 652 1408 κρείων
665 1328 864 1412 Ἀγαμέμνων

168 1427 329 1511 Ἀτρείδης·
354 1429 415 1510 ἅμα
429 1432 469 1514 τῷ
484 1455 521 1512 γε
535 1429 614 1493 πολὺ
629 1436 770 1495 πλεῖστοι
787 1434 836 1496 καί
851 1433 968 1516 άριστοι

167 1534 237 1596 λαοὶ
252 1532 363 1599 ἕποντ’·
387 1534 420 1598 ἐν
434 1531 458 1596 δ’
476 1532 564 1598 αὐτὸς
580 1533 703 1598 ἐδύσετο
719 1535 838 1616 νώροπα
852 1537 970 1619 χαλκὸν

168 1637 300 1710 κυδιόων,
317 1640 412 1699 πᾶσιν
426 1639 459 1700 δέ
473 1635 658 1718 μετέπρεπεν
672 1635 834 1718 ἡρώεσσιν,

169 1739 260 1803 οὕνεκ’
277 1740 400 1822 άριστος
415 1740 476 1819 έην,
492 1738 572 1804 πολὺ
587 1741 619 1804 δέ
634 1740 798 1806 πλείστους
813 1740 868 1823 ἄγε
882 1743 983 1808 λαούς.
1054 1761 1103 1822 580

208 1841 248 1904 Οἰ
264 1841 289 1905 δ’
306 1843 391 1926 εἶχον
406 1843 512 1920 κοίλην
525 1843 734 1922 Λακεδαίμονα
749 1844 934 1919 κητώεσσαν,

167 1947 261 2027 Φᾶρίν
275 1971 309 2010 τε
323 1943 464 2027 Σπάρτην
478 1971 512 2010 τε
526 1943 740 2027 πολυτρήρωνά
754 1971 787 2010 τε
803 1945 943 2026 Μέσσην,

166 2048 311 2131 Βρυσειάς
325 2048 350 2112 τ’
368 2047 508 2127 ἐνέμοντο
524 2049 572 2112 καί
588 2048 717 2131 Αύγειδς
733 2049 893 2130 ἐρατεινάς,

167 2156 197 2218 αἰ
209 2153 232 2217 τ’
250 2152 295 2235 ἄρ’
310 2152 463 2232 Ἀμύκλας
478 2152 563 2235 εἶχον
574 2149 669 2217 Ἕλος
684 2150 719 2225 τ’,
736 2151 854 2233 έφαλον
869 2155 1056 2236 πτολίεθρον,

166 2260 195 2322 οἰ
207 2282 240 2321 τε
255 2255 341 2322 Λάαν
357 2257 441 2339 εἰχον
455 2255 498 2334 ἠδ’
516 2257 649 2320 Οἴτυλον
662 2253 879 2336 ἀμφενέμοντο,
1051 2270 1099 2334 ⁵⁸⁵

166 2367 222 2428 τῶν
237 2363 267 2424 οἱ
282 2359 431 2440 ἀδελφεὸς
446 2358 530 2441 ἦρχε,
546 2358 626 2438 βοήν
641 2357 753 2439 ἀγαθδς
768 2356 933 2434 Μενέλαος,

165 2463 308 2544 ἑξήκοντα
323 2469 407 2529 νεῶν·
432 2461 580 2544 ἀπάτερθε
596 2465 628 2526 δὲ
645 2460 849 2544 θωρήσσοντο·

164 2570 196 2633 ἐν
211 2567 236 2632 δ’
257 2566 344 2633 αὐτὸς
360 2567 424 2630 κίεν
437 2563 491 2652 ᾗσι
507 2565 689 2652 προθυμίῃσι
704 2565 863 2639 πεποιθώς,

164 2671 293 2753 ὀτρύνων
308 2670 485 2748 πόλεμόνδε·
507 2667 647 2748 μάλιστα
658 2669 691 2733 δέ
706 2670 768 2733 ίετο
784 2669 864 2753 θνμῷ

163 2778 307 2839 τίσασθαι
320 2772 449 2852 Ἑλένης
465 2771 619 2855 ὁρμήματά
633 2797 667 2836 τε
681 2771 833 2855 στοναχάς
842 2796 890 2835 τε.
1050 2798 1100 2848 590

206 2878 246 2941 Οἰ
263 2881 296 2943 δέ
311 2878 416 2943 Πύλον
431 2877 455 2939 τ’
472 2875 613 2956 ἐνέμοντο
629 2877 678 2940 καί
691 2874 821 2958 Ἀρήνην
837 2873 989 2957 ἐρατεινήν

162 2983 212 3047 καὶ
228 2981 338 3064 Θρύον,
352 2981 513 3062 Ἀλφειοῖο
528 2980 631 3063 πόρον,
648 2979 697 3043 καί
713 2977 847 3044 ἐύκτιτον
862 2977 949 3051 Αἰπύ,

161 3087 212 3152 καί
229 3083 482 3168 Κυπαρισσήεντα
496 3084 546 3148 καί
560 3079 778 3164 Ἀμφιγένειαν
793 3082 902 3154 ἔναιον,

163 3190 212 3255 καὶ
228 3187 365 3252 Πτελεὸν
380 3188 431 3250 καὶ
441 3184 536 3252 Ἕλος
552 3186 600 3250 καί
617 3185 744 3267 Δώριον,
762 3184 834 3250 ἔνθα
848 3209 882 3248 τε
897 3189 1019 3249 Μοῦσαι

163 3294 322 3373 ἀντόμεναι
338 3291 475 3372 Θάμυριν
489 3290 543 3355 τδν
558 3288 676 3371 Θρήϊκα
691 3293 811 3354 παῦσαν
826 3289 937 3368 ἀοιδῆς,
1049 3314 1098 3366 595

162 3397 351 3481 Οἰχαλίηθεν
367 3396 452 3460 ἰόντα
467 3394 534 3475 παρ’
551 3392 681 3476 Εὐρύτου
695 3396 873 3476 Οἰχαλιῆος·

162 3507 269 3564 στεῦτο
284 3500 342 3582 γδρ
358 3498 522 3582 εὐχόμενος
537 3496 705 3578 νικησέμεν,
722 3499 807 3579 εἰπερ
822 3496 860 3563 ἂν
874 3496 959 3562 αιἰταί

161 3608 284 3668 Μοῦσαι
300 3605 438 3676 ἀείδοιεν,
457 3607 558 3684 κοῦραι
575 3602 649 3668 Διὸς
663 3602 823 3684 αἰγιόχοιο·

160 3705 193 3768 αἰ
208 3705 241 3766 δέ
255 3701 472 3787 χολωσάμεναι
484 3701 579 3782 πηρὸν
594 3700 696 3778 θέσαν,
713 3701 805 3784 αὐτὰρ
820 3700 924 3780 ἀοιδήν
