<?xml version="1.0" encoding="UTF-8"?>
<!DOCTYPE html PUBLIC "-//W3C//DTD XHTML 1.0 Transitional//EN"
    "http://www.w3.org/TR/xhtml1/DTD/xhtml1-transitional.dtd">
<html xmlns="http://www.w3.org/1999/xhtml" xml:lang="en" lang="en">
 <head>
  <title>
</title>
<meta http-equiv="Content-Type" content="text/html;charset=utf-8" />
  <meta name='ocr-system' content='tesseract 3.04.00' />
  <meta name='ocr-capabilities' content='ocr_page ocr_carea ocr_par ocr_line ocrx_word'/>
</head>
<body>
  <div class='ocr_page' id='page_1' title='image "./homerioperaetre00homegoog_0127.png"; bbox 0 0 2728 4230; ppageno 0'>
   <div class='ocr_carea' id='block_1_1' title="bbox 416 347 1078 431">
    <p class='ocr_par' dir='ltr' id='par_1_1' title="bbox 416 347 1078 431">
     <span class='ocr_line' id='line_1_1' title="bbox 416 347 1078 431; baseline 0.003 -23"><span class='ocrx_word' id='word_1_1' title='bbox 416 347 445 411; x_wconf 92' lang='lat'>6.</span> <span class='ocrx_word' id='word_1_2' title='bbox 472 351 640 410; x_wconf 81' lang='grc' dir='ltr'>ΙΛῙΑΔΟΣ</span> <span class='ocrx_word' id='word_1_3' title='bbox 664 351 699 414; x_wconf 91' lang='lat' dir='ltr'>Z.</span> <span class='ocrx_word' id='word_1_4' title='bbox 1019 367 1078 431; x_wconf 84' lang='lat'>1¹3</span> 
     </span>
    </p>
   </div>
   <div class='ocr_carea' id='block_1_2' title="bbox 45 514 1081 1321">
    <p class='ocr_par' dir='ltr' id='par_1_2' title="bbox 137 514 873 599">
     <span class='ocr_line' id='line_1_2' title="bbox 137 514 873 599; baseline 0.005 -19"><span class='ocrx_word' id='word_1_5' title='bbox 137 517 274 599; x_wconf 66' lang='grc' dir='ltr'>ἀνδρῶνι</span> <span class='ocrx_word' id='word_1_6' title='bbox 298 514 318 596; x_wconf 86' lang='grc' dir='ltr'>ή</span> <span class='ocrx_word' id='word_1_7' title='bbox 332 518 383 598; x_wconf 87' lang='grc' dir='ltr'>σοὶ</span> <span class='ocrx_word' id='word_1_8' title='bbox 397 517 507 599; x_wconf 82' lang='grc' dir='ltr'>ἄριστα</span> <span class='ocrx_word' id='word_1_9' title='bbox 522 521 683 596; x_wconf 86' lang='grc' dir='ltr'>πεποίηται</span> <span class='ocrx_word' id='word_1_10' title='bbox 699 519 774 583; x_wconf 87' lang='grc' dir='ltr'>κατά</span> <span class='ocrx_word' id='word_1_11' title='bbox 788 516 873 584; x_wconf 84' lang='grc' dir='ltr'>οἶκον</span> 
     </span>
    </p>

    <p class='ocr_par' dir='ltr' id='par_1_3' title="bbox 136 620 973 806">
     <span class='ocr_line' id='line_1_3' title="bbox 137 620 973 704; baseline 0.005 -22"><span class='ocrx_word' id='word_1_12' title='bbox 137 620 209 702; x_wconf 84' lang='grc' dir='ltr'>πρὸς</span> <span class='ocrx_word' id='word_1_13' title='bbox 223 621 345 702; x_wconf 89' lang='grc' dir='ltr'>Τρόων</span> <span class='ocrx_word' id='word_1_14' title='bbox 367 626 427 685; x_wconf 80' lang='grc' dir='ltr'>τῶν</span> <span class='ocrx_word' id='word_1_15' title='bbox 441 620 482 702; x_wconf 88' lang='grc' dir='ltr'>μή</span> <span class='ocrx_word' id='word_1_16' title='bbox 497 647 542 688; x_wconf 86' lang='grc' dir='ltr'>τις</span> <span class='ocrx_word' id='word_1_17' title='bbox 556 620 725 704; x_wconf 78' lang='grc' dir='ltr'>ὑπεκφύγοι</span> <span class='ocrx_word' id='word_1_18' title='bbox 739 621 829 688; x_wconf 77' lang='grc' dir='ltr'>αἰπὺν</span> <span class='ocrx_word' id='word_1_19' title='bbox 844 623 973 702; x_wconf 86' lang='grc' dir='ltr'>ὄλεθρον</span> 
     </span>
     <span class='ocr_line' id='line_1_4' title="bbox 136 720 921 806; baseline -0.001 -19"><span class='ocrx_word' id='word_1_20' title='bbox 136 722 239 804; x_wconf 84' lang='grc' dir='ltr'>χεῖράς</span> <span class='ocrx_word' id='word_1_21' title='bbox 255 720 283 786; x_wconf 85' lang='grc' dir='ltr'>θ’</span> <span class='ocrx_word' id='word_1_22' title='bbox 297 722 452 806; x_wconf 83' lang='grc' dir='ltr'>ἡμετέρας,</span> <span class='ocrx_word' id='word_1_23' title='bbox 466 720 537 804; x_wconf 88' lang='grc' dir='ltr'>μηδ’</span> <span class='ocrx_word' id='word_1_24' title='bbox 552 724 587 788; x_wconf 88' lang='grc' dir='ltr'>όν</span> <span class='ocrx_word' id='word_1_25' title='bbox 603 748 671 790; x_wconf 90' lang='grc' dir='ltr'>τινα</span> <span class='ocrx_word' id='word_1_26' title='bbox 685 722 811 805; x_wconf 78' lang='grc' dir='ltr'>γαστέρι</span> <span class='ocrx_word' id='word_1_27' title='bbox 824 722 921 806; x_wconf 93' lang='grc' dir='ltr'>μήτηρ</span> 
     </span>
    </p>

    <p class='ocr_par' dir='ltr' id='par_1_4' title="bbox 45 823 1081 1116">
     <span class='ocr_line' id='line_1_5' title="bbox 137 823 1001 908; baseline 0.003 -19"><span class='ocrx_word' id='word_1_28' title='bbox 137 833 243 906; x_wconf 78' lang='grc' dir='ltr'>κοῦρον</span> <span class='ocrx_word' id='word_1_29' title='bbox 259 827 349 892; x_wconf 91' lang='grc' dir='ltr'>ἐόντα</span> <span class='ocrx_word' id='word_1_30' title='bbox 364 826 462 908; x_wconf 88' lang='grc' dir='ltr'>φέροι,</span> <span class='ocrx_word' id='word_1_31' title='bbox 477 825 547 908; x_wconf 87' lang='grc' dir='ltr'>μηδ’</span> <span class='ocrx_word' id='word_1_32' title='bbox 563 826 596 894; x_wconf 89' lang='grc' dir='ltr'>δς</span> <span class='ocrx_word' id='word_1_33' title='bbox 611 826 713 908; x_wconf 85' lang='grc' dir='ltr'>φύγοι,</span> <span class='ocrx_word' id='word_1_34' title='bbox 729 823 800 890; x_wconf 83' lang='grc' dir='ltr'>ἀλλ’</span> <span class='ocrx_word' id='word_1_35' title='bbox 814 825 876 906; x_wconf 85' lang='grc' dir='ltr'>δμα</span> <span class='ocrx_word' id='word_1_36' title='bbox 891 826 1001 892; x_wconf 89' lang='grc' dir='ltr'>πάντες</span> 
     </span>
     <span class='ocr_line' id='line_1_6' title="bbox 138 925 1081 1011; baseline 0 -19"><span class='ocrx_word' id='word_1_37' title='bbox 138 927 230 994; x_wconf 83' lang='grc' dir='ltr'>Ἰλίου</span> <span class='ocrx_word' id='word_1_38' title='bbox 246 927 439 1009; x_wconf 75' lang='grc' dir='ltr'>ἐξαπολοίατ’</span> <span class='ocrx_word' id='word_1_39' title='bbox 454 928 615 1010; x_wconf 77' lang='grc' dir='ltr'>ἀκήδεστοι</span> <span class='ocrx_word' id='word_1_40' title='bbox 629 931 679 994; x_wconf 78' lang='grc' dir='ltr'>καὶ</span> <span class='ocrx_word' id='word_1_41' title='bbox 693 925 852 1011; x_wconf 86' lang='grc' dir='ltr'>άφαντοι.”</span> <span class='ocrx_word' id='word_1_42' title='bbox 1047 943 1081 992; x_wconf 83' lang='grc' dir='ltr'>6ο</span> 
     </span>
     <span class='ocr_line' id='line_1_7' title="bbox 45 1030 897 1116; baseline 0.011 -25"><span class='ocrx_word' id='word_1_43' title='bbox 45 1059 50 1067; x_wconf 91' lang='grc'><strong><em>·</em></strong></span> <span class='ocrx_word' id='word_1_44' title='bbox 171 1031 237 1099; x_wconf 84' lang='grc' dir='ltr'>Ὣς</span> <span class='ocrx_word' id='word_1_45' title='bbox 252 1032 346 1097; x_wconf 83' lang='grc' dir='ltr'>είπδν</span> <span class='ocrx_word' id='word_1_46' title='bbox 360 1033 490 1116; x_wconf 76' lang='grc' dir='ltr'>ἔτρεφεν</span> <span class='ocrx_word' id='word_1_47' title='bbox 504 1034 668 1114; x_wconf 76' lang='grc' dir='ltr'>ἀδελφειοῦ</span> <span class='ocrx_word' id='word_1_48' title='bbox 683 1030 797 1115; x_wconf 91' lang='grc' dir='ltr'>φρένας</span> <span class='ocrx_word' id='word_1_49' title='bbox 810 1031 897 1113; x_wconf 85' lang='grc' dir='ltr'>ἥρως,</span> 
     </span>
    </p>

    <p class='ocr_par' dir='ltr' id='par_1_5' title="bbox 139 1133 878 1220">
     <span class='ocr_line' id='line_1_8' title="bbox 139 1133 878 1220; baseline 0.004 -23"><span class='ocrx_word' id='word_1_50' title='bbox 139 1137 245 1213; x_wconf 85' lang='grc' dir='ltr'>αἴσιμα</span> <span class='ocrx_word' id='word_1_51' title='bbox 260 1136 424 1216; x_wconf 78' lang='grc' dir='ltr'>παρειπών·</span> <span class='ocrx_word' id='word_1_52' title='bbox 448 1137 466 1200; x_wconf 85' lang='grc' dir='ltr'>ό</span> <span class='ocrx_word' id='word_1_53' title='bbox 480 1133 507 1200; x_wconf 88' lang='grc' dir='ltr'>δ’</span> <span class='ocrx_word' id='word_1_54' title='bbox 522 1136 583 1200; x_wconf 86' lang='grc' dir='ltr'>ἀπὸ</span> <span class='ocrx_word' id='word_1_55' title='bbox 598 1136 667 1200; x_wconf 85' lang='grc' dir='ltr'>ἐθεν</span> <span class='ocrx_word' id='word_1_56' title='bbox 683 1136 783 1200; x_wconf 84' lang='grc' dir='ltr'>όσατο</span> <span class='ocrx_word' id='word_1_57' title='bbox 797 1137 878 1220; x_wconf 83' lang='grc' dir='ltr'>χειρὶ</span> 
     </span>
    </p>

    <p class='ocr_par' dir='ltr' id='par_1_6' title="bbox 138 1235 859 1321">
     <span class='ocr_line' id='line_1_9' title="bbox 138 1235 859 1321; baseline 0.001 -20"><span class='ocrx_word' id='word_1_58' title='bbox 138 1236 208 1320; x_wconf 82' lang='grc' dir='ltr'>ἥρω’</span> <span class='ocrx_word' id='word_1_59' title='bbox 220 1238 402 1320; x_wconf 82' lang='grc' dir='ltr'>Ἀδρήστου·</span> <span class='ocrx_word' id='word_1_60' title='bbox 425 1238 478 1304; x_wconf 90' lang='grc' dir='ltr'>τδν</span> <span class='ocrx_word' id='word_1_61' title='bbox 493 1239 526 1302; x_wconf 80' lang='grc' dir='ltr'>δέ</span> <span class='ocrx_word' id='word_1_62' title='bbox 542 1239 648 1320; x_wconf 91' lang='grc' dir='ltr'>κρείων</span> <span class='ocrx_word' id='word_1_63' title='bbox 663 1235 859 1321; x_wconf 81' lang='grc' dir='ltr'>Ἀγαμέμνων</span> 
     </span>
    </p>
   </div>
   <div class='ocr_carea' id='block_1_3' title="bbox 140 1339 965 1424">
    <p class='ocr_par' dir='ltr' id='par_1_7' title="bbox 30 1339 965 1438">
     <span class='ocr_line' id='line_1_10' title="bbox 140 1339 965 1424; baseline -0.018 -17"><span class='ocrx_word' id='word_1_64' title='bbox 140 1341 210 1404; x_wconf 82' lang='grc' dir='ltr'>οδτα</span> <span class='ocrx_word' id='word_1_65' title='bbox 225 1342 301 1406; x_wconf 86' lang='grc' dir='ltr'>κατὰ</span> <span class='ocrx_word' id='word_1_66' title='bbox 316 1340 463 1424; x_wconf 80' lang='grc' dir='ltr'>λαπάρην·</span> <span class='ocrx_word' id='word_1_67' title='bbox 488 1344 506 1406; x_wconf 87' lang='grc' dir='ltr'>ό</span> <span class='ocrx_word' id='word_1_68' title='bbox 520 1339 547 1408; x_wconf 91' lang='grc' dir='ltr'>δ’</span> <span class='ocrx_word' id='word_1_69' title='bbox 563 1340 748 1424; x_wconf 80' lang='grc' dir='ltr'>ἀνετράπετ’,</span> <span class='ocrx_word' id='word_1_70' title='bbox 765 1339 918 1424; x_wconf 66' lang='grc' dir='ltr'>Ἀτρεΐδης</span> <span class='ocrx_word' id='word_1_71' title='bbox 932 1344 965 1406; x_wconf 66' lang='grc' dir='ltr'>δὲ</span> 
     </span>
    </p>
   </div>
   <div class='ocr_carea' id='block_1_4' title="bbox 139 1444 1081 1631">
    <p class='ocr_par' dir='ltr' id='par_1_8' title="bbox 139 1444 1081 1631">
     <span class='ocr_line' id='line_1_11' title="bbox 139 1444 1081 1528; baseline 0.001 -22"><span class='ocrx_word' id='word_1_72' title='bbox 139 1444 200 1524; x_wconf 83' lang='grc' dir='ltr'>λάξ</span> <span class='ocrx_word' id='word_1_73' title='bbox 212 1448 246 1512; x_wconf 87' lang='grc' dir='ltr'>ἐν</span> <span class='ocrx_word' id='word_1_74' title='bbox 261 1444 390 1524; x_wconf 82' lang='grc' dir='ltr'>στήθεσι</span> <span class='ocrx_word' id='word_1_75' title='bbox 407 1448 468 1526; x_wconf 86' lang='grc' dir='ltr'>βάς</span> <span class='ocrx_word' id='word_1_76' title='bbox 484 1444 638 1524; x_wconf 80' lang='grc' dir='ltr'>ἐξέσπασε</span> <span class='ocrx_word' id='word_1_77' title='bbox 652 1447 790 1524; x_wconf 76' lang='grc' dir='ltr'>μείλινον</span> <span class='ocrx_word' id='word_1_78' title='bbox 805 1446 905 1528; x_wconf 80' lang='grc' dir='ltr'>ἔγχος.</span> <span class='ocrx_word' id='word_1_79' title='bbox 1048 1458 1081 1520; x_wconf 82' lang='lat'>⁶5</span> 
     </span>
     <span class='ocr_line' id='line_1_12' title="bbox 180 1546 956 1631; baseline 0.004 -20"><span class='ocrx_word' id='word_1_80' title='bbox 180 1547 311 1631; x_wconf 85' lang='grc' dir='ltr'>Νέστωρ</span> <span class='ocrx_word' id='word_1_81' title='bbox 325 1547 352 1612; x_wconf 87' lang='grc' dir='ltr'>δ’</span> <span class='ocrx_word' id='word_1_82' title='bbox 367 1546 555 1631; x_wconf 85' lang='grc' dir='ltr'>Ἀργείοισιν</span> <span class='ocrx_word' id='word_1_83' title='bbox 570 1547 710 1614; x_wconf 84' lang='grc' dir='ltr'>ἐκέκλετο</span> <span class='ocrx_word' id='word_1_84' title='bbox 725 1547 839 1629; x_wconf 83' lang='grc' dir='ltr'>μακρὸν</span> <span class='ocrx_word' id='word_1_85' title='bbox 853 1546 956 1615; x_wconf 84' lang='grc' dir='ltr'>ἀύσας·</span> 
     </span>
    </p>
   </div>
   <div class='ocr_carea' id='block_1_5' title="bbox 24 1648 1084 2566">
    <p class='ocr_par' dir='ltr' id='par_1_9' title="bbox 34 1648 871 1734">
     <span class='ocr_line' id='line_1_13' title="bbox 140 1648 871 1734; baseline 0.005 -18.493"><span class='ocrx_word' id='word_1_86' title='bbox 140 1648 188 1715; x_wconf 81' lang='grc' dir='ltr'>“όι</span> <span class='ocrx_word' id='word_1_87' title='bbox 204 1653 293 1734; x_wconf 87' lang='grc' dir='ltr'>φίλοι</span> <span class='ocrx_word' id='word_1_88' title='bbox 307 1651 402 1733; x_wconf 85' lang='grc' dir='ltr'>ήρωες</span> <span class='ocrx_word' id='word_1_89' title='bbox 418 1651 543 1728; x_wconf 87' lang='grc' dir='ltr'>Δαναοί,</span> <span class='ocrx_word' id='word_1_90' title='bbox 560 1650 740 1733; x_wconf 90' lang='grc' dir='ltr'>θεράποντες</span> <span class='ocrx_word' id='word_1_91' title='bbox 751 1649 871 1733; x_wconf 84' lang='grc' dir='ltr'>Ἀρηος,</span> 
     </span>
    </p>

    <p class='ocr_par' dir='ltr' id='par_1_10' title="bbox 24 1753 881 1837">
     <span class='ocr_line' id='line_1_14' title="bbox 24 1753 881 1837; baseline 0.004 -20"><span class='ocrx_word' id='word_1_92' title='bbox 24 1784 49 1813; x_wconf 69' lang='lat'>·=.</span> <span class='ocrx_word' id='word_1_93' title='bbox 140 1753 179 1834; x_wconf 89' lang='grc' dir='ltr'>μή</span> <span class='ocrx_word' id='word_1_94' title='bbox 194 1780 241 1822; x_wconf 89' lang='grc' dir='ltr'>τις</span> <span class='ocrx_word' id='word_1_95' title='bbox 255 1760 310 1821; x_wconf 85' lang='grc' dir='ltr'>νΰν</span> <span class='ocrx_word' id='word_1_96' title='bbox 324 1754 439 1837; x_wconf 89' lang='grc' dir='ltr'>ἐνάρων</span> <span class='ocrx_word' id='word_1_97' title='bbox 452 1753 699 1835; x_wconf 79' lang='grc' dir='ltr'>ἐπιβαλλόμενος</span> <span class='ocrx_word' id='word_1_98' title='bbox 713 1755 881 1834; x_wconf 80' lang='grc' dir='ltr'>μετόπισθε</span> 
     </span>
    </p>

    <p class='ocr_par' dir='ltr' id='par_1_11' title="bbox 24 1857 929 1940">
     <span class='ocr_line' id='line_1_15' title="bbox 24 1857 929 1940; baseline -0.002 -14"><span class='ocrx_word' id='word_1_99' title='bbox 24 1861 48 1926; x_wconf 71' lang='grc'>“’.</span> <span class='ocrx_word' id='word_1_100' title='bbox 141 1859 278 1939; x_wconf 86' lang='grc' dir='ltr'>μιμνέτω,</span> <span class='ocrx_word' id='word_1_101' title='bbox 295 1859 335 1927; x_wconf 79' lang='grc' dir='ltr'>ὥς</span> <span class='ocrx_word' id='word_1_102' title='bbox 351 1885 384 1925; x_wconf 93' lang='grc' dir='ltr'>κε</span> <span class='ocrx_word' id='word_1_103' title='bbox 399 1863 532 1928; x_wconf 78' lang='grc' dir='ltr'>πλεῖστα</span> <span class='ocrx_word' id='word_1_104' title='bbox 548 1857 650 1940; x_wconf 89' lang='grc' dir='ltr'>φέρων</span> <span class='ocrx_word' id='word_1_105' title='bbox 665 1858 716 1924; x_wconf 81' lang='grc' dir='ltr'>ἐπὶ</span> <span class='ocrx_word' id='word_1_106' title='bbox 732 1861 805 1936; x_wconf 86' lang='grc' dir='ltr'>νῆας</span> <span class='ocrx_word' id='word_1_107' title='bbox 820 1859 929 1936; x_wconf 85' lang='grc' dir='ltr'>ίκηται,</span> 
     </span>
    </p>

    <p class='ocr_par' dir='ltr' id='par_1_12' title="bbox 24 1960 1084 2147">
     <span class='ocr_line' id='line_1_16' title="bbox 24 1960 1084 2046; baseline -0.004 -16"><span class='ocrx_word' id='word_1_108' title='bbox 24 1981 50 2030; x_wconf 74' lang='lat'>²··.</span> <span class='ocrx_word' id='word_1_109' title='bbox 143 1960 210 2025; x_wconf 85' lang='grc' dir='ltr'>ἀλλ’</span> <span class='ocrx_word' id='word_1_110' title='bbox 226 1962 335 2046; x_wconf 86' lang='grc' dir='ltr'>ἀνδρας</span> <span class='ocrx_word' id='word_1_111' title='bbox 351 1963 520 2042; x_wconf 84' lang='grc' dir='ltr'>κτείνωμεν·</span> <span class='ocrx_word' id='word_1_112' title='bbox 544 1963 650 2027; x_wconf 84' lang='grc' dir='ltr'>ἔπειτα</span> <span class='ocrx_word' id='word_1_113' title='bbox 663 1961 697 2026; x_wconf 81' lang='grc' dir='ltr'>δέ</span> <span class='ocrx_word' id='word_1_114' title='bbox 711 1961 761 2024; x_wconf 81' lang='grc' dir='ltr'>καὶ</span> <span class='ocrx_word' id='word_1_115' title='bbox 776 1960 814 2025; x_wconf 87' lang='grc' dir='ltr'>τά</span> <span class='ocrx_word' id='word_1_116' title='bbox 829 1961 933 2040; x_wconf 80' lang='grc' dir='ltr'>ἕκηλοι</span> <span class='ocrx_word' id='word_1_117' title='bbox 1051 1985 1084 2041; x_wconf 77' lang='grc' dir='ltr'>γα</span> 
     </span>
     <span class='ocr_line' id='line_1_17' title="bbox 24 2062 812 2147; baseline 0.01 -25"><span class='ocrx_word' id='word_1_118' title='bbox 24 2083 42 2122; x_wconf 70' lang='grc' dir='ltr'>ι·</span> <span class='ocrx_word' id='word_1_119' title='bbox 143 2063 260 2147; x_wconf 79' lang='grc' dir='ltr'>νεκροὺς</span> <span class='ocrx_word' id='word_1_120' title='bbox 275 2064 317 2146; x_wconf 84' lang='grc' dir='ltr'>δμ</span> <span class='ocrx_word' id='word_1_121' title='bbox 331 2067 436 2132; x_wconf 80' lang='grc' dir='ltr'>πεδίον</span> <span class='ocrx_word' id='word_1_122' title='bbox 451 2062 603 2145; x_wconf 86' lang='grc' dir='ltr'>συλήσετε</span> <span class='ocrx_word' id='word_1_123' title='bbox 617 2062 812 2143; x_wconf 76' lang='grc' dir='ltr'>τεθνηῶτας.”</span> 
     </span>
    </p>

    <p class='ocr_par' dir='ltr' id='par_1_13' title="bbox 25 2166 906 2252">
     <span class='ocr_line' id='line_1_18' title="bbox 25 2166 906 2252; baseline 0.003 -21"><span class='ocrx_word' id='word_1_124' title='bbox 25 2193 56 2232; x_wconf 57' lang='grc' dir='ltr'>ἰι</span> <span class='ocrx_word' id='word_1_125' title='bbox 177 2167 240 2236; x_wconf 84' lang='grc' dir='ltr'>Ὣς</span> <span class='ocrx_word' id='word_1_126' title='bbox 255 2169 349 2234; x_wconf 78' lang='grc' dir='ltr'>είπδν</span> <span class='ocrx_word' id='word_1_127' title='bbox 363 2169 474 2252; x_wconf 77' lang='grc' dir='ltr'>ὤτρυνε</span> <span class='ocrx_word' id='word_1_128' title='bbox 488 2167 578 2249; x_wconf 85' lang='grc' dir='ltr'>μένας</span> <span class='ocrx_word' id='word_1_129' title='bbox 594 2169 643 2232; x_wconf 83' lang='grc' dir='ltr'>καὶ</span> <span class='ocrx_word' id='word_1_130' title='bbox 658 2167 753 2246; x_wconf 85' lang='grc' dir='ltr'>θυμὸν</span> <span class='ocrx_word' id='word_1_131' title='bbox 768 2166 906 2234; x_wconf 79' lang='grc' dir='ltr'>ἑκάστου</span> 
     </span>
    </p>

    <p class='ocr_par' dir='ltr' id='par_1_14' title="bbox 26 2267 880 2355">
     <span class='ocr_line' id='line_1_19' title="bbox 26 2267 880 2355; baseline 0.002 -23"><span class='ocrx_word' id='word_1_132' title='bbox 26 2267 55 2325; x_wconf 55' lang='lat' dir='ltr'>&#39;lx</span> <span class='ocrx_word' id='word_1_133' title='bbox 144 2272 212 2336; x_wconf 85' lang='grc' dir='ltr'>ἔνθα</span> <span class='ocrx_word' id='word_1_134' title='bbox 228 2299 279 2337; x_wconf 89' lang='grc' dir='ltr'>κεν</span> <span class='ocrx_word' id='word_1_135' title='bbox 295 2272 366 2338; x_wconf 81' lang='grc' dir='ltr'>αδτε</span> <span class='ocrx_word' id='word_1_136' title='bbox 379 2276 481 2355; x_wconf 80' lang='grc' dir='ltr'>Τρόιες</span> <span class='ocrx_word' id='word_1_137' title='bbox 496 2271 667 2354; x_wconf 85' lang='grc' dir='ltr'>ἀρηϊφίλων</span> <span class='ocrx_word' id='word_1_138' title='bbox 681 2268 731 2334; x_wconf 79' lang='grc' dir='ltr'>ὑπ’</span> <span class='ocrx_word' id='word_1_139' title='bbox 746 2269 880 2354; x_wconf 79' lang='grc' dir='ltr'>Ἀχαιῶν</span> 
     </span>
    </p>

    <p class='ocr_par' dir='ltr' id='par_1_15' title="bbox 30 2373 819 2462">
     <span class='ocr_line' id='line_1_20' title="bbox 30 2373 819 2462; baseline 0 -20"><span class='ocrx_word' id='word_1_140' title='bbox 30 2377 51 2442; x_wconf 63' lang='grc' dir='ltr'>’ξ</span> <span class='ocrx_word' id='word_1_141' title='bbox 140 2373 235 2442; x_wconf 85' lang='grc' dir='ltr'>Ἴλιον</span> <span class='ocrx_word' id='word_1_142' title='bbox 250 2375 459 2456; x_wconf 81' lang='grc' dir='ltr'>εἰσανέβησαν</span> <span class='ocrx_word' id='word_1_143' title='bbox 469 2375 651 2462; x_wconf 74' lang='grc' dir='ltr'>ἀναλκείῃσι</span> <span class='ocrx_word' id='word_1_144' title='bbox 665 2373 819 2454; x_wconf 80' lang='grc' dir='ltr'>δαμέντες,</span> 
     </span>
    </p>

    <p class='ocr_par' dir='ltr' id='par_1_16' title="bbox 39 2477 1084 2566">
     <span class='ocr_line' id='line_1_21' title="bbox 39 2477 1084 2566; baseline 0.004 -25"><span class='ocrx_word' id='word_1_145' title='bbox 39 2507 45 2535; x_wconf 66' lang='grc' dir='ltr'>ι</span> <span class='ocrx_word' id='word_1_146' title='bbox 144 2481 170 2542; x_wconf 79' lang='grc' dir='ltr'>εἰ</span> <span class='ocrx_word' id='word_1_147' title='bbox 182 2479 221 2559; x_wconf 76' lang='grc' dir='ltr'>μὴ</span> <span class='ocrx_word' id='word_1_148' title='bbox 237 2477 287 2562; x_wconf 83' lang='grc' dir='ltr'>ἀρ’</span> <span class='ocrx_word' id='word_1_149' title='bbox 304 2480 406 2566; x_wconf 80' lang='grc' dir='ltr'>Αίνείη</span> <span class='ocrx_word' id='word_1_150' title='bbox 420 2503 454 2545; x_wconf 89' lang='grc' dir='ltr'>τε</span> <span class='ocrx_word' id='word_1_151' title='bbox 468 2480 518 2544; x_wconf 81' lang='grc' dir='ltr'>καὶ</span> <span class='ocrx_word' id='word_1_152' title='bbox 529 2477 654 2559; x_wconf 80' lang='grc' dir='ltr'>Ἕκτορι</span> <span class='ocrx_word' id='word_1_153' title='bbox 669 2477 736 2546; x_wconf 81' lang='grc' dir='ltr'>εἶτε</span> <span class='ocrx_word' id='word_1_154' title='bbox 751 2480 907 2561; x_wconf 82' lang='grc' dir='ltr'>παραστδς</span> <span class='ocrx_word' id='word_1_155' title='bbox 1054 2502 1084 2557; x_wconf 80' lang='lat'>75</span> 
     </span>
    </p>
   </div>
   <div class='ocr_carea' id='block_1_6' title="bbox 144 2578 879 2665">
    <p class='ocr_par' dir='ltr' id='par_1_17' title="bbox 144 2578 879 2665">
     <span class='ocr_line' id='line_1_22' title="bbox 144 2578 879 2665; baseline 0.007 -22"><span class='ocrx_word' id='word_1_156' title='bbox 144 2583 310 2663; x_wconf 84' lang='grc' dir='ltr'>Πριαμίδης</span> <span class='ocrx_word' id='word_1_157' title='bbox 320 2581 459 2659; x_wconf 85' lang='grc' dir='ltr'>Ἕλενος,</span> <span class='ocrx_word' id='word_1_158' title='bbox 475 2583 670 2648; x_wconf 85' lang='grc' dir='ltr'>οἰωνοπόλων</span> <span class='ocrx_word' id='word_1_159' title='bbox 683 2578 732 2665; x_wconf 83' lang='grc' dir='ltr'>ὄχ’</span> <span class='ocrx_word' id='word_1_160' title='bbox 748 2581 879 2664; x_wconf 85' lang='grc' dir='ltr'>ἀριστος·</span> 
     </span>
    </p>
   </div>
   <div class='ocr_carea' id='block_1_7' title="bbox 40 2683 948 2767">
    <p class='ocr_par' dir='ltr' id='par_1_18' title="bbox 40 2683 948 2767">
     <span class='ocr_line' id='line_1_23' title="bbox 40 2683 948 2767; baseline 0.002 -19"><span class='ocrx_word' id='word_1_161' title='bbox 40 2713 42 2720; x_wconf 69' lang='grc'><strong>’</strong></span> <span class='ocrx_word' id='word_1_162' title='bbox 144 2689 164 2718; x_wconf 85' lang='grc'><strong>“</strong></span> <span class='ocrx_word' id='word_1_163' title='bbox 172 2687 277 2751; x_wconf 82' lang='grc' dir='ltr'>Αἰνεία</span> <span class='ocrx_word' id='word_1_164' title='bbox 291 2711 324 2751; x_wconf 89' lang='grc' dir='ltr'>τε</span> <span class='ocrx_word' id='word_1_165' title='bbox 340 2687 389 2752; x_wconf 89' lang='grc' dir='ltr'>καὶ</span> <span class='ocrx_word' id='word_1_166' title='bbox 399 2684 520 2767; x_wconf 82' lang='grc' dir='ltr'>Ἕκτορ,</span> <span class='ocrx_word' id='word_1_167' title='bbox 537 2685 604 2750; x_wconf 82' lang='grc' dir='ltr'>ἐπεὶ</span> <span class='ocrx_word' id='word_1_168' title='bbox 619 2685 711 2752; x_wconf 90' lang='grc' dir='ltr'>πόνος</span> <span class='ocrx_word' id='word_1_169' title='bbox 725 2683 798 2765; x_wconf 80' lang='grc' dir='ltr'>ὔμμι</span> <span class='ocrx_word' id='word_1_170' title='bbox 810 2683 948 2765; x_wconf 89' lang='grc' dir='ltr'>μάλιστα</span> 
     </span>
    </p>
   </div>
   <div class='ocr_carea' id='block_1_8' title="bbox 142 2785 908 2976">
    <p class='ocr_par' dir='ltr' id='par_1_19' title="bbox 142 2785 908 2976">
     <span class='ocr_line' id='line_1_24' title="bbox 142 2785 892 2872; baseline 0.003 -22"><span class='ocrx_word' id='word_1_171' title='bbox 142 2789 252 2868; x_wconf 90' lang='grc' dir='ltr'>Τρόων</span> <span class='ocrx_word' id='word_1_172' title='bbox 267 2790 316 2854; x_wconf 80' lang='grc' dir='ltr'>καὶ</span> <span class='ocrx_word' id='word_1_173' title='bbox 331 2790 449 2854; x_wconf 88' lang='grc' dir='ltr'>Λυκίων</span> <span class='ocrx_word' id='word_1_174' title='bbox 464 2786 645 2872; x_wconf 85' lang='grc' dir='ltr'>ἐγκέκλιται,</span> <span class='ocrx_word' id='word_1_175' title='bbox 661 2785 758 2854; x_wconf 76' lang='grc' dir='ltr'>οὕνεκ’</span> <span class='ocrx_word' id='word_1_176' title='bbox 773 2788 892 2870; x_wconf 86' lang='grc' dir='ltr'>ἀριστοι</span> 
     </span>
     <span class='ocr_line' id='line_1_25' title="bbox 143 2888 908 2976; baseline 0.003 -22"><span class='ocrx_word' id='word_1_177' title='bbox 143 2896 244 2958; x_wconf 81' lang='grc' dir='ltr'>πᾶσαν</span> <span class='ocrx_word' id='word_1_178' title='bbox 260 2888 307 2957; x_wconf 90' lang='grc' dir='ltr'>ἐπ’</span> <span class='ocrx_word' id='word_1_179' title='bbox 324 2892 390 2957; x_wconf 86' lang='grc' dir='ltr'>ίθύν</span> <span class='ocrx_word' id='word_1_180' title='bbox 405 2894 477 2957; x_wconf 91' lang='grc' dir='ltr'>ἐστε</span> <span class='ocrx_word' id='word_1_181' title='bbox 490 2890 647 2976; x_wconf 89' lang='grc' dir='ltr'>μάχεσθαί</span> <span class='ocrx_word' id='word_1_182' title='bbox 660 2916 694 2956; x_wconf 91' lang='grc' dir='ltr'>τε</span> <span class='ocrx_word' id='word_1_183' title='bbox 710 2890 852 2974; x_wconf 86' lang='grc' dir='ltr'>φρονέειν</span> <span class='ocrx_word' id='word_1_184' title='bbox 866 2915 908 2968; x_wconf 90' lang='grc' dir='ltr'>τε,</span> 
     </span>
    </p>
   </div>
   <div class='ocr_carea' id='block_1_9' title="bbox 40 2994 1085 3078">
    <p class='ocr_par' dir='ltr' id='par_1_20' title="bbox 40 2994 1085 3078">
     <span class='ocr_line' id='line_1_26' title="bbox 40 2994 1085 3078; baseline 0.001 -19"><span class='ocrx_word' id='word_1_185' title='bbox 40 3017 42 3024; x_wconf 81' lang='grc'><strong>’</strong></span> <span class='ocrx_word' id='word_1_186' title='bbox 143 2995 225 3074; x_wconf 83' lang='grc' dir='ltr'>στῆτ’</span> <span class='ocrx_word' id='word_1_187' title='bbox 241 2996 342 3072; x_wconf 77' lang='grc' dir='ltr'>αὐτοῦ,</span> <span class='ocrx_word' id='word_1_188' title='bbox 359 2996 408 3061; x_wconf 74' lang='grc' dir='ltr'>καὶ</span> <span class='ocrx_word' id='word_1_189' title='bbox 422 2994 500 3060; x_wconf 87' lang='grc' dir='ltr'>λαδν</span> <span class='ocrx_word' id='word_1_190' title='bbox 514 2994 672 3077; x_wconf 74' lang='grc' dir='ltr'>ἐρυκάκετε</span> <span class='ocrx_word' id='word_1_191' title='bbox 687 2995 746 3078; x_wconf 88' lang='grc' dir='ltr'>πρὸ</span> <span class='ocrx_word' id='word_1_192' title='bbox 760 2994 884 3062; x_wconf 86' lang='grc' dir='ltr'>πυλάων</span> <span class='ocrx_word' id='word_1_193' title='bbox 1052 3011 1085 3060; x_wconf 87' lang='grc' dir='ltr'>8ο</span> 
     </span>
    </p>
   </div>
   <div class='ocr_carea' id='block_1_10' title="bbox 136 3097 1083 3803">
    <p class='ocr_par' dir='ltr' id='par_1_21' title="bbox 142 3097 941 3286">
     <span class='ocr_line' id='line_1_27' title="bbox 142 3097 941 3184; baseline 0.004 -24"><span class='ocrx_word' id='word_1_194' title='bbox 142 3097 239 3184; x_wconf 85' lang='grc' dir='ltr'>πάντῃ</span> <span class='ocrx_word' id='word_1_195' title='bbox 254 3101 458 3182; x_wconf 80' lang='grc' dir='ltr'>ἐποιχόμενοι,</span> <span class='ocrx_word' id='word_1_196' title='bbox 474 3099 546 3181; x_wconf 87' lang='grc' dir='ltr'>πρὶν</span> <span class='ocrx_word' id='word_1_197' title='bbox 560 3097 624 3162; x_wconf 77' lang='grc' dir='ltr'>αὖτ’</span> <span class='ocrx_word' id='word_1_198' title='bbox 640 3103 674 3168; x_wconf 87' lang='grc' dir='ltr'>ἐν</span> <span class='ocrx_word' id='word_1_199' title='bbox 687 3100 778 3184; x_wconf 75' lang='grc' dir='ltr'>χερσὶ</span> <span class='ocrx_word' id='word_1_200' title='bbox 792 3104 941 3182; x_wconf 78' lang='grc' dir='ltr'>γυναικῶν</span> 
     </span>
     <span class='ocr_line' id='line_1_28' title="bbox 142 3200 916 3286; baseline 0.003 -22"><span class='ocrx_word' id='word_1_201' title='bbox 142 3202 310 3284; x_wconf 89' lang='grc' dir='ltr'>φεύγοντος</span> <span class='ocrx_word' id='word_1_202' title='bbox 322 3201 456 3278; x_wconf 83' lang='grc' dir='ltr'>πεσέειν,</span> <span class='ocrx_word' id='word_1_203' title='bbox 472 3200 586 3282; x_wconf 89' lang='grc' dir='ltr'>δηίοισι</span> <span class='ocrx_word' id='word_1_204' title='bbox 600 3204 634 3268; x_wconf 87' lang='grc' dir='ltr'>δέ</span> <span class='ocrx_word' id='word_1_205' title='bbox 648 3202 750 3286; x_wconf 90' lang='grc' dir='ltr'>χάρμα</span> <span class='ocrx_word' id='word_1_206' title='bbox 763 3203 916 3286; x_wconf 88' lang='grc' dir='ltr'>γενέσθαι.</span> 
     </span>
    </p>

    <p class='ocr_par' dir='ltr' id='par_1_22' title="bbox 142 3303 903 3390">
     <span class='ocr_line' id='line_1_29' title="bbox 142 3303 903 3390; baseline 0.008 -24"><span class='ocrx_word' id='word_1_207' title='bbox 142 3303 236 3385; x_wconf 77' lang='grc' dir='ltr'>αὐτὰρ</span> <span class='ocrx_word' id='word_1_208' title='bbox 250 3306 319 3370; x_wconf 92' lang='grc' dir='ltr'>ἐπεί</span> <span class='ocrx_word' id='word_1_209' title='bbox 332 3331 366 3369; x_wconf 88' lang='grc' dir='ltr'>κε</span> <span class='ocrx_word' id='word_1_210' title='bbox 381 3303 544 3388; x_wconf 89' lang='grc' dir='ltr'>φάλαγγας</span> <span class='ocrx_word' id='word_1_211' title='bbox 558 3303 759 3390; x_wconf 78' lang='grc' dir='ltr'>ἐποτρύνητον</span> <span class='ocrx_word' id='word_1_212' title='bbox 774 3305 903 3382; x_wconf 84' lang='grc' dir='ltr'>άπάσας,</span> 
     </span>
    </p>

    <p class='ocr_par' dir='ltr' id='par_1_23' title="bbox 140 3407 913 3492">
     <span class='ocr_line' id='line_1_30' title="bbox 140 3407 913 3492; baseline 0.004 -20"><span class='ocrx_word' id='word_1_213' title='bbox 140 3407 227 3485; x_wconf 81' lang='grc' dir='ltr'>ἡμεῖς</span> <span class='ocrx_word' id='word_1_214' title='bbox 240 3410 296 3488; x_wconf 85' lang='grc' dir='ltr'>μέν</span> <span class='ocrx_word' id='word_1_215' title='bbox 312 3412 462 3474; x_wconf 78' lang='grc' dir='ltr'>Δαναοῖσι</span> <span class='ocrx_word' id='word_1_216' title='bbox 475 3407 666 3492; x_wconf 82' lang='grc' dir='ltr'>μαχησόμεθ’</span> <span class='ocrx_word' id='word_1_217' title='bbox 682 3409 751 3474; x_wconf 79' lang='grc' dir='ltr'>αὖθι</span> <span class='ocrx_word' id='word_1_218' title='bbox 764 3408 913 3488; x_wconf 86' lang='grc' dir='ltr'>μένοντες,</span> 
     </span>
    </p>

    <p class='ocr_par' dir='ltr' id='par_1_24' title="bbox 136 3509 1083 3696">
     <span class='ocr_line' id='line_1_31' title="bbox 142 3509 1083 3594; baseline 0.009 -21"><span class='ocrx_word' id='word_1_219' title='bbox 142 3509 195 3574; x_wconf 75' lang='grc' dir='ltr'>καὶ</span> <span class='ocrx_word' id='word_1_220' title='bbox 207 3509 291 3591; x_wconf 85' lang='grc' dir='ltr'>μάλα</span> <span class='ocrx_word' id='word_1_221' title='bbox 305 3511 473 3592; x_wconf 88' lang='grc' dir='ltr'>τειρόμενοί</span> <span class='ocrx_word' id='word_1_222' title='bbox 486 3530 553 3593; x_wconf 88' lang='grc' dir='ltr'>περ·</span> <span class='ocrx_word' id='word_1_223' title='bbox 577 3512 724 3593; x_wconf 87' lang='grc' dir='ltr'>ἀναγκαίη</span> <span class='ocrx_word' id='word_1_224' title='bbox 741 3512 798 3594; x_wconf 84' lang='grc' dir='ltr'>γὰρ</span> <span class='ocrx_word' id='word_1_225' title='bbox 813 3513 938 3594; x_wconf 87' lang='grc' dir='ltr'>ἐπείγει·</span> <span class='ocrx_word' id='word_1_226' title='bbox 1051 3526 1083 3583; x_wconf 79' lang='grc'>85</span> 
     </span>
     <span class='ocr_line' id='line_1_32' title="bbox 136 3611 956 3696; baseline 0.006 -23"><span class='ocrx_word' id='word_1_227' title='bbox 136 3611 259 3694; x_wconf 86' lang='grc' dir='ltr'>Ἕκτορ,</span> <span class='ocrx_word' id='word_1_228' title='bbox 276 3613 351 3694; x_wconf 84' lang='grc' dir='ltr'>ἀτάρ</span> <span class='ocrx_word' id='word_1_229' title='bbox 366 3611 404 3676; x_wconf 79' lang='grc' dir='ltr'>σὺ</span> <span class='ocrx_word' id='word_1_230' title='bbox 419 3614 545 3679; x_wconf 92' lang='grc' dir='ltr'>πόλινδε</span> <span class='ocrx_word' id='word_1_231' title='bbox 558 3613 713 3696; x_wconf 86' lang='grc' dir='ltr'>μετέρχεο,</span> <span class='ocrx_word' id='word_1_232' title='bbox 730 3614 795 3678; x_wconf 78' lang='grc' dir='ltr'>είπέ</span> <span class='ocrx_word' id='word_1_233' title='bbox 809 3611 836 3678; x_wconf 89' lang='grc' dir='ltr'>δ’</span> <span class='ocrx_word' id='word_1_234' title='bbox 852 3613 956 3680; x_wconf 84' lang='grc' dir='ltr'>ἔπειτα</span> 
     </span>
    </p>

    <p class='ocr_par' dir='ltr' id='par_1_25' title="bbox 139 3713 866 3803">
     <span class='ocr_line' id='line_1_33' title="bbox 139 3713 866 3803; baseline 0.01 -27"><span class='ocrx_word' id='word_1_235' title='bbox 139 3714 248 3796; x_wconf 89' lang='grc' dir='ltr'>μητέρι</span> <span class='ocrx_word' id='word_1_236' title='bbox 263 3717 302 3802; x_wconf 77' lang='grc' dir='ltr'>σῇ</span> <span class='ocrx_word' id='word_1_237' title='bbox 320 3716 369 3780; x_wconf 83' lang='grc' dir='ltr'>καὶ</span> <span class='ocrx_word' id='word_1_238' title='bbox 384 3716 451 3803; x_wconf 77' lang='grc' dir='ltr'>ἐμή·</span> <span class='ocrx_word' id='word_1_239' title='bbox 473 3715 492 3795; x_wconf 78' lang='grc' dir='ltr'><strong>ἡ</strong></span> <span class='ocrx_word' id='word_1_240' title='bbox 508 3719 542 3781; x_wconf 86' lang='grc' dir='ltr'>δέ</span> <span class='ocrx_word' id='word_1_241' title='bbox 558 3713 730 3797; x_wconf 78' lang='grc' dir='ltr'>ξυνάγουσα</span> <span class='ocrx_word' id='word_1_242' title='bbox 744 3717 866 3798; x_wconf 76' lang='grc' dir='ltr'>γεραιᾶς</span> 
     </span>
    </p>
   </div>
   <div class='ocr_carea' id='block_1_11' title="bbox 0 0 1377 4230">
    <p class='ocr_par' dir='ltr' id='par_1_26' title="bbox 0 0 1377 4230">
     <span class='ocr_line' id='line_1_34' title="bbox 0 0 1377 4230; baseline 0 0"><span class='ocrx_word' id='word_1_243' title='bbox 0 0 1377 4230; x_wconf 95' lang='lat' dir='ltr'> </span> 
     </span>
    </p>
   </div>
  </div>
 </body>
</html>
