2758 4228
271 327 335 393 930
666 315 816 376 ΎΜΝΟΙ.

308 480 372 548 Ὣς
387 481 475 562 φάτο·
497 487 583 564 χαῖρε
599 485 631 547 δέ
647 487 757 563 Δῆλος,
773 481 956 565 ἀμειβομένη
973 486 1007 546 δὲ
1022 483 1188 563 προσηύδα·

270 589 373 663 Λητοῖ,
389 588 510 666 κυδίστη
527 587 653 670 θύγατερ
667 588 801 670 μεγάλου
818 588 929 664 Κοίοιο,

271 690 407 767 ἀσπασίη
425 716 475 754 κεν
490 691 548 772 έγιθ
565 717 599 770 γε
614 691 708 773 γονὴν
724 690 841 754 ἑκάτοιο
856 689 982 756 ἄνακτος

270 791 422 872 δεξαίμην·
445 796 535 860 αίνῶς
549 794 606 876 γὰρ
621 793 767 874 ἐτήτυμόν
782 797 842 873 εἰμι
858 795 991 876 δυσηχὴς

270 896 423 978 ἀνδράσιν,
439 900 496 961 ὦδε
510 898 544 962 δέ
559 924 609 984 κεν
624 896 844 978 περιτιμήεσσα
858 900 1010 979 γενοίμην.
1188 910 1220 973 ⁶5

270 998 351 1062 ἀλλὰ
367 1003 435 1064 τόδε
452 1003 577 1082 τρομέω,
594 1006 696 1080 Λητοῖ,
713 1001 794 1078 ἔπος,
809 1001 879 1065 οὐδέ
895 1026 931 1065 σε
948 999 1054 1064 κεύσω·

268 1104 339 1182 λίην
353 1103 411 1185 γάρ
426 1103 492 1167 τινά
508 1112 604 1185 φασιν
619 1102 794 1168 ἀτάσθαλον
809 1104 991 1168 Ἀπόλλωνα

269 1207 427 1282 ἔσσεσθαι,
442 1207 519 1286 μέγα
534 1212 566 1271 δὲ
583 1209 824 1289 πρυτανευσέμεν
838 1207 1016 1274 ἀθανάτοισι

268 1307 316 1374 καὶ
333 1315 469 1390 θνητοῖσι
484 1316 644 1392 βροτοῖσιν
658 1309 707 1376 έπὶ
723 1313 861 1393 ζείδωρον
876 1313 1013 1394 ἄρουραν.

267 1416 307 1497 τῷ
322 1413 355 1496 ῤ’
372 1417 461 1481 οίνῶς
477 1416 607 1479 δείδοικα
622 1415 697 1478 κατὰ
713 1415 809 1496 φρένα
824 1413 872 1478 καὶ
889 1413 963 1480 κατά
978 1414 1081 1496 θυμόν,
1186 1437 1219 1490 70

266 1517 306 1596 μή
324 1518 407 1580 ὁπότ’
422 1517 459 1582 ἀν
474 1523 507 1580 τδ
523 1526 642 1598 πρῶτον
656 1519 705 1604 ἴδῃ
720 1517 800 1598 φάος
813 1519 930 1597 ἠελίοιο

266 1623 360 1698 νῆσον
375 1619 532 1699 ἀτιμήσας,
548 1622 614 1684 ἐπεὶ
630 1621 649 1700 ή
664 1621 868 1703 κραναήπεδός
885 1624 954 1700 εἰμι,

264 1722 361 1786 ποσσὶ
378 1723 589 1806 καταστρέψας
605 1724 669 1810 ὤση
685 1727 758 1791 δλδς
773 1726 806 1788 έν
821 1724 1023 1808 πελάγεσσιν.

265 1827 326 1891 ἔνθ’
342 1830 394 1907 ἐμὲ
407 1831 462 1910 μὲν
476 1828 555 1910 μέγα
569 1833 646 1907 κῦμα
665 1831 738 1892 κατὰ
754 1829 859 1911 κρατὸς
874 1828 944 1894 ἀλις
960 1825 1020 1892 αἰεὶ

265 1931 402 2006 κλύσσει,
419 1935 436 1994 ὁ
450 1932 476 1995 δ’
491 1931 591 2010 ἀλλην
606 1937 695 2016 γαῖαν
711 1931 863 2014 ἀφίξεται,
879 1933 899 2011 ἥ
918 1958 969 1996 κεν
984 1931 1045 2017 ἅδῃ,
1057 1933 1096 2009 οἱ,
1183 1956 1215 2011 75

264 2033 426 2113 τεύξασθαι
442 2035 513 2113 νηόν
527 2060 561 2099 τε
577 2037 624 2098 καὶ
641 2037 740 2100 ἄλσεα
755 2034 940 2117 δενδρήεντα·

263 2138 450 2205 πουλύποδες
466 2138 491 2202 δ’
507 2141 539 2202 έν
556 2141 622 2220 ἐμοὶ
642 2139 778 2219 θαλάμας
794 2141 896 2220 φῶκαί
911 2164 944 2203 τε
958 2138 1100 2219 μέλαιναι

264 2243 343 2305 οἰκία
358 2241 538 2321 ποιήσονται
554 2243 666 2321 ἀκηδέα
680 2241 768 2326 χήτεϊ
783 2249 876 2308 λαῶν·

264 2345 335 2407 ἀλλ’
350 2348 378 2410 εί
391 2372 441 2428 μοι
456 2348 561 2424 τλαίης
576 2372 622 2430 γε,
637 2346 701 2421 θεά,
716 2345 810 2428 μέγαν
825 2347 915 2427 ὅρκον
929 2347 1071 2426 ὀμόσσαι,

264 2448 369 2513 ένθάδε
383 2475 435 2529 μιν
448 2456 567 2530 πρῶτον
582 2448 696 2528 τεύξειν
712 2452 897 2530 περικαλλέα
912 2451 986 2528 νηὸν
1180 2468 1215 2518 8ο

264 2553 388 2633 έμμεναι
404 2555 569 2635 ἀνθρώπων
582 2552 774 2638 χρηστήριον,
789 2554 881 2636 αὐτὰρ
898 2555 1002 2618 ἔπειτα

264 2759 377 2828 πάντας
392 2761 439 2826 ἔπ’
456 2763 639 2843 ἀνθρώπους,
655 2760 722 2826 ἐπεὶ
738 2761 759 2842 ή
772 2765 967 2844 πολυώνυμος
983 2765 1080 2828 ἔσται.

301 2863 364 2932 Ὣς
380 2864 425 2948 ἀρ’
441 2867 510 2948 ἔφη·
533 2867 621 2944 Λητὼ
638 2869 671 2930 δὲ
687 2870 764 2930 θεῶν
779 2866 875 2949 μέγαν
891 2869 979 2949 ὅρκον
994 2870 1137 2948 ὄμοσσεν·

263 2969 338 3032 ίστω
355 2975 407 3034 νῦν
426 2969 497 3034 τάδε
511 2975 582 3053 γαΐα
598 2971 647 3034 καὶ
663 2970 786 3051 οὐρανὸς
801 2970 885 3052 εὐρὺς
899 2973 1036 3055 ὕπερθεν,

265 3072 313 3134 καὶ
329 3079 363 3136 τδ
380 3074 595 3154 κατειβόμενον
610 3073 724 3156 Στυγὸς
739 3061 922 3192 ὕδωρβῇτε
939 3074 1079 3158 μέγιστος
1181 3090 1213 3154 ⁸5

263 3175 349 3256 ὅρκος
365 3177 534 3242 δεινότατός
551 3202 583 3240 τε
600 3175 687 3240 πέλει
702 3175 871 3257 μακάρεσσι
887 3181 1011 3241 θεοῖσιν·

263 3276 282 3358 ή
296 3278 356 3359 μήν
371 3280 489 3361 Φοίβου
503 3281 574 3364 τῇδε
590 3279 703 3359 θυιύδης
718 3279 843 3344 ἔσσεται
859 3281 917 3345 alsi

240 3497 243 3505 ·
296 3461 326 3512 62
344 3460 462 3524 μεγάλοιο
473 3462 566 3527 κράνοιο
577 3463 668 3522 codd.;
688 3479 736 3514 em.
749 3463 849 3514 Barnes.
928 3473 957 3527 γυ
974 3462 1093 3526 ἀτιμήσας
1109 3479 1141 3529 p;
1158 3463 1213 3514 άτι-

264 3540 333 3603 μήου
348 3557 364 3590 x
371 3556 378 3600 ;
395 3539 501 3605 ἀτιμήση
519 3543 545 3590 Κ
559 3541 643 3607 (Laut.
659 3555 697 3604 31,
715 3543 766 3603 ην),
785 3541 803 3591 S
821 3543 890 3601 (Vnt.
902 3542 976 3603 1880)
990 3543 1030 3593 ed.
1047 3559 1083 3607 pr.
1180 3543 1212 3606 78

264 3619 326 3670 οίκία
342 3617 482 3679 ποιήσοντα
500 3618 593 3668 έκαοτά
608 3637 636 3668 τε
650 3619 717 3684 φῦλα
733 3617 853 3670 νετούδιυν
867 3635 892 3684 p.
959 3622 987 3668 81
1007 3621 1133 3670 Lacunam
1145 3619 1213 3670 Het—

265 3715 368 3750 mannus
384 3699 487 3758 statuit5
503 3698 594 3748 excidit
613 3696 735 3760 τευξάσθω
753 3695 823 3761 νηούς
838 3715 866 3746 τε
884 3697 923 3748 καὶ
939 3697 1019 3748 ἀλτεα
1036 3695 1193 3762 δενδρήεντα.
