2874 4234
655 24 666 94 λ

274 304 337 384 646
575 323 604 385 9.
628 308 863 369 οιιννςιλν
888 263 915 370 1.¹

313 476 414 555 Ἦμος
430 475 454 540 δ’
466 475 617 558 ἠριγένεια
632 476 713 560 φάνη
728 477 945 562 ῥοδοδάκτυλος
958 477 1051 557 Ἠώς,

275 583 370 658 υήσον
387 580 585 660 θαυμάζοντες
602 583 796 663 ἐδινεόμεσθα
812 579 874 660 κοτ’
890 582 991 662 αὐτήν.

276 683 378 766 ῶρσαν
393 687 426 747 δέ
442 683 565 764 νύμφαι,
582 689 685 766 κοῦραι
703 685 778 752 Διὸς
794 687 954 769 αἰγιόχοιο,

277 789 363 870 αἶγας
380 784 556 872 ὀρεσκφους,
572 789 623 851 ἵνα
639 791 833 864 δειπνήσειαν
849 792 970 871 ἑταῖροι.
1178 815 1224 864 15⁵

278 892 379 956 αὐτίκα
396 891 535 971 καμπύλα
550 889 624 969 τόξα
640 889 689 954 καί
705 894 846 974 αἰγανέας
862 893 1063 975 δολιχαύλους

254 993 255 1000 ¹
278 991 409 1073 εἱλόμεθ’
425 995 456 1056 ἐκ
472 1000 559 1072 νηῶν,
578 997 627 1058 διὰ
643 996 675 1058 δέ
691 997 779 1079 τρίχα
796 996 994 1075 κοσμηθέντες

278 1098 448 1178 βάλλομεν·
472 1097 551 1178 αἶψα
566 1095 591 1161 δ’
608 1099 699 1162 ἔδωκε
715 1103 782 1165 θεὸς
797 1099 954 1177 μενοεικέα
970 1097 1073 1180 θήρην.

279 1206 346 1282 νῆες
360 1200 416 1280 μέν
430 1227 481 1280 μοι
498 1201 606 1264 ἕποντο
625 1203 764 1277 δυόδεκα,
781 1204 811 1269 ἐς
829 1206 861 1266 δέ
878 1202 1008 1282 ἑκάστην

279 1304 362 1369 ἐννέα
378 1303 533 1386 λάγχανον
549 1305 641 1386 αἶγες·
667 1302 732 1385 ἐμοὶ
748 1307 780 1368 δέ
796 1303 856 1370 δέκ’
872 1304 979 1384 έξελου
994 1308 1058 1390 οἰιρ.
1178 1317 1225 1368 160

280 1411 318 1474 ῶς
334 1409 402 1471 τότε
416 1410 471 1488 μὲν
486 1409 605 1489 πρόπαν
620 1407 698 1489 ἠμαρ
713 1410 743 1474 ἐς
759 1409 865 1488 ἠέλιον
880 1411 1044 1475 καταδύντα

278 1513 375 1592 ἥμεθα
390 1511 559 1589 δαινύμενοι
575 1509 645 1592 κρὲα
661 1509 686 1574 τ’
701 1512 819 1577 ἄσπετα
836 1510 884 1576 καί
898 1514 974 1592 μέθυ
987 1512 1052 1592 ήδά.

280 1615 313 1678 ού
329 1615 386 1697 γάρ
401 1640 447 1677 πω
463 1621 543 1692 νηῶν
559 1615 699 1696 ἐξέφθιτο
715 1615 796 1682 οἶνος
811 1618 943 1698 ἐρυθρός,

280 1719 350 1782 ἀλλ’
365 1719 460 1796 ἐνέην·
485 1724 603 1781 πολλὸν
617 1722 674 1800 γὰρ
690 1720 723 1782 ἐν
738 1720 968 1801 ἀμφιφορεῦσιν
982 1720 1105 1784 έκαστοι
1168 1735 1169 1740 ’

280 1823 440 1902 ἠφύσαμεν
458 1822 593 1886 Κικόνων
610 1823 691 1902 ἱερὸν
706 1825 887 1905 πτολίεθρον
902 1824 1032 1890 ἑλόντες.
1178 1835 1226 1900 165

282 1927 456 1990 Κυκλώπων
471 1923 496 1989 δ’
512 1927 542 1990 ἐς
559 1930 648 2007 γαῖαν
663 1926 850 2004 ἐλεύσσομεν
869 1926 957 2010 ἐγγὺς
975 1929 1097 2004 ἐόντων,

282 2032 396 2094 καπνόν
412 2027 437 2092 τ’
452 2030 550 2093 αὐτῶν
565 2055 597 2095 τε
614 2030 753 2112 φθογγὴν
769 2029 842 2096 ὀίων
855 2057 888 2094 τε
905 2027 953 2093 καί
969 2033 1071 2113 αἰγῶν.

282 2134 356 2214 ἦμος
371 2131 397 2198 δ’
412 2133 515 2213 ἠέλιος
531 2134 637 2198 κατέδυ
653 2132 701 2198 καί
716 2136 767 2198 ἐπὶ
783 2134 896 2214 κνέφας
912 2133 995 2214 ἠλθε,

281 2238 318 2317 δή
333 2239 401 2301 τότε
421 2235 603 2318 κοιμήθημεν
618 2237 667 2300 ἐπὶ
681 2239 802 2319 ῥηγμῖνι
819 2235 986 2315 θαλάσσης.

282 2341 356 2420 ἠμος
371 2339 395 2404 δ’
411 2339 561 2422 ἠριγένεια
576 2339 656 2421 φάνη
670 2341 888 2424 ῥοδοδάκτυλος
907 2340 998 2420 Ἠώς,
1155 2371 1158 2380 ι
1182 2367 1229 2417 ¹70

283 2445 331 2508 καὶ
348 2442 408 2507 τότ’
424 2446 500 2526 ἐγὼν
516 2444 628 2526 ἀγορήν
644 2446 767 2524 θέμενος
781 2448 857 2524 μετὰ
873 2449 966 2509 πᾶσιν
981 2449 1092 2510 ἔειπον·

326 2547 463 2610 “Ἀλλοι
477 2549 533 2627 μὲν
548 2552 600 2612 νῦν
614 2545 738 2629 μίμνετ’,
754 2549 818 2628 ἐμοὶ
834 2549 947 2631 ἐρίηρες
963 2553 1084 2630 ἑταῖροι·

283 2654 373 2733 αὐτὰρ
392 2652 450 2733 ἐγὼ
466 2650 523 2716 σὺν
538 2649 587 2728 νηί
601 2649 626 2714 τ’
643 2652 699 2738 ἐμῇ
714 2654 761 2716 καὶ
778 2654 860 2732 ἐμοῖς
875 2653 1027 2733 ἑτάροισιν

284 2757 381 2819 ἐλθὼν
396 2754 478 2820 τῶνδ’
497 2756 611 2835 ἀνδρῶν
626 2753 817 2837 πειρήσομαι,
835 2757 866 2820 οἵ
878 2755 957 2821 τινές
973 2757 1061 2832 εἰσιν,

283 2860 302 2939 ἤ
316 2857 346 2942 ῥ’
362 2861 392 2923 οἰ
405 2859 433 2941 γ’
449 2859 594 2940 ὑβρισταί
608 2883 640 2922 τε
656 2861 704 2923 καὶ
717 2860 816 2942 ἄγριοι
832 2860 897 2923 οὐδὲ
915 2860 1033 2937 δίκαιοι,
1184 2887 1229 2936 175

285 2963 319 3042 ἠε
334 2962 514 3043 φιλόξεινοι,
531 2963 580 3026 καί
595 2971 672 3044 σφιν
689 2963 756 3029 νόος
772 2963 838 3026 ἐστὶ
853 2960 1004 3041 θεουδής.”

319 3064 385 3133 ΔΩς
400 3067 493 3130 εἰπὼν
509 3066 566 3130 ἀνὰ
581 3067 651 3145 νηὸς
667 3067 751 3147 έβην,
767 3066 912 3132 ἐκέλευσα
928 3067 953 3132 δ’
969 3067 1102 3148 ἑταίρους

285 3171 389 3237 αὐτούς
405 3170 431 3232 τ’
447 3172 606 3250 ἀμβαίνειν
623 3169 679 3236 ἀνά
695 3196 727 3234 τε
742 3169 915 3252 πρυμνήσια
929 3175 1029 3235 λῦσαι.

285 3277 313 3338 οἱ
329 3275 355 3338 δ’
370 3275 438 3355 αἶψ’
453 3276 613 3354 εἴσβαινον
629 3275 676 3338 καὶ
692 3271 741 3337 ἐπί
757 3270 861 3352 κληῗσι
877 3275 1005 3352 καθῖζον,

286 3377 354 3458 ἑξῆς
370 3377 395 3441 δ’
411 3379 544 3459 ἑζόμενοι
559 3377 669 3456 πολιήν
685 3377 745 3440 άλα
760 3379 870 3442 τύπτον
886 3382 1028 3460 ἐρετμοῖς.
1183 3393 1232 3440 180

287 3482 356 3545 ἀλλ’
372 3483 422 3545 ὅτε
438 3483 474 3561 δή
490 3482 543 3544 τὸν
558 3488 658 3564 χῶρον
674 3482 833 3563 ἀφικόμεθ’
849 3482 936 3565 ἐγγὺς
948 3483 1045 3562 ἐόντα,

287 3586 359 3650 ἔνθα
374 3585 399 3649 δ’
415 3584 461 3648 ἐπ’
477 3586 604 3671 ἐσχατιῇ
621 3584 712 3652 σπέος
729 3587 853 3668 εἴδομεν,
865 3585 939 3668 ἀγχι
954 3585 1124 3665 θαλάσσης,
1213 3623 1216 3636 ·

287 3690 416 3770 ὑψηλόν,
432 3687 565 3772 δάφνῃσι
582 3689 758 3770 κατηρεφές·
782 3690 855 3753 ἔνθα
870 3691 902 3752 δέ
917 3694 1021 3754 πολλὰ
