2848 4296
273 453 335 536 398
594 467 642 531 19.
660 452 830 512 ΙΛΙΑΔΟΣ
852 453 888 510 Τ.
921 532 922 536 ¹

271 619 441 698 καιομένοιο
456 621 557 701 πυρός·
581 626 615 683 τδ
631 621 664 683 δὲ
680 623 795 685 καίεται
809 619 901 702 ὑψόθ’
918 622 1029 702 ὄρεσφι

270 724 394 808 σταθμῷ
412 725 445 786 ἐν
461 724 603 808 οἰοπόλῳ·
627 722 696 789 τοὺς
711 723 736 786 δ’
754 724 806 787 οὐκ
823 722 986 788 ἐθέλοντας
1004 723 1115 786 ἄελλαι

270 828 381 889 πόντον
397 826 444 890 ἐπ’
462 828 621 910 ἰχθυόεντα
637 827 737 908 φίλων
754 825 904 892 ἀπάνευθε
919 825 1075 908 φέρουσιν·

270 931 309 994 ὣς
325 929 375 993 ἀπ’
391 929 559 1012 Ἀχιλλῆος
574 930 684 997 σάκεος
699 929 794 996 σέλας
810 929 877 993 αῑθέ
895 926 903 954 ’
919 931 1003 993 ίκανε

271 1039 364 1095 καλοθ
379 1032 548 1097 δαιδαλέου·
572 1035 639 1116 περὶ
656 1035 689 1097 δέ
704 1032 890 1115 τρυφάλειαν
906 1033 1008 1113 ἀείρας
1170 1045 1219 1106 3⁸0

270 1137 354 1216 κρατὶ
370 1135 440 1199 θέτο
462 1135 602 1217 βριαρήν·
624 1137 643 1216 ἡ
660 1137 684 1200 δ’
703 1137 798 1218 ἀστήρ
814 1137 853 1202 ὣς
869 1135 1048 1214 ἀπέλαμπεν

270 1243 409 1320 ἵππουρις
424 1239 600 1321 τρυφάλεια,
616 1242 828 1320 περισσείοντο
843 1240 867 1304 δ’
886 1241 998 1322 ἔθειραι

208 1396 212 1406 ,
269 1343 409 1425 χρόσεαι,
425 1342 645 1424 δςἭφαιστος
660 1346 700 1408 ίει
714 1346 816 1425 λόφον
831 1342 909 1425 ἀμφὶ
925 1342 1057 1423 θαμειάς.

270 1446 396 1526 πειρήθη
413 1447 437 1510 δ’
453 1448 486 1511 έο
503 1447 592 1510 αὐτοῦ
608 1449 641 1510 ἐν
656 1448 757 1511 ἔντεσι
772 1453 835 1513 δῖος
853 1445 1024 1530 Ἀχιλλεύς,

272 1552 297 1613 εἰ
314 1553 344 1614 οἶ
361 1553 568 1632 ἐφαρμόσσειε
585 1552 633 1614 καὶ
649 1549 786 1633 ἐντρέχοι
802 1552 904 1632 ἀγλαά
918 1555 997 1633 γυῖα·
1168 1561 1217 1623 385

270 1656 310 1738 τῷ
328 1653 352 1717 δ’
371 1653 435 1717 εὐτε
451 1658 544 1735 πτερδ
558 1654 680 1736 γίγνετ’,
696 1655 777 1734 ἄειρε
792 1657 824 1717 δέ
840 1653 969 1733 ποιμένα
982 1658 1076 1717 λαῶν.

271 1760 303 1821 ἐκ
319 1754 346 1821 δ’
361 1756 419 1838 ἀρα
435 1757 576 1840 σύριγγος
592 1758 742 1839 πατρώϊον
757 1756 905 1820 ἐσπάσατ’
922 1757 1022 1840 ἔγχος,

270 1860 361 1940 βριθὺ
376 1859 454 1943 μέγα
471 1862 631 1941 στιβαρόν·
655 1863 759 1940 τὸμὲν
775 1862 808 1924 οὐ
825 1861 923 1926 δύνατ’
940 1862 1035 1926 ἀλλος
1052 1864 1187 1942 Ἀχαιῶν

272 1962 409 2042 πάλλειν,
426 1962 508 2026 ἀλλά
522 1989 575 2044 μιν
590 1964 654 2030 οἶος
670 1965 816 2028 ἐπίστατο
832 1969 928 2043 πῆλαι
944 1963 1117 2046 Ἀχιλλεύς,

272 2067 413 2146 Πηλιάδα
428 2071 545 2148 μελίην,
562 2069 617 2147 τήν
633 2069 723 2153 πατρὶ
738 2070 820 2153 φίλῳ
837 2069 912 2150 πόρε
927 2069 1044 2150 Χείρων
1170 2092 1218 2141 390

271 2173 391 2250 Πηλίου
407 2173 439 2235 ἐκ
456 2175 598 2254 κορυφῆς,
615 2173 713 2253 φόνον
729 2173 853 2251 ἔμμεναι
868 2172 1030 2254 ῆριίεσσιν·

271 2279 380 2342 ἵππους
395 2275 420 2339 δ’
437 2275 615 2355 Αὐτομέδων
631 2301 663 2340 τε
680 2277 728 2339 καὶ
741 2275 887 2355 Ἄλκιμος
902 2275 1106 2357 ἀμφιέποντες

272 2379 420 2461 ζεύγνυον·
445 2380 523 2460 ἀμφὶ
539 2381 571 2442 δέ
588 2380 667 2443 καλὰ
682 2379 807 2446 λέπαδν’
823 2380 907 2451 ἔσαν,
924 2381 956 2443 ἐν
971 2381 1004 2444 δέ
1019 2378 1164 2461 χαλινούς

270 2485 434 2569 γαμφηλῇς
449 2482 576 2562 ἔβαλον,
593 2486 668 2546 κατδ
684 2482 708 2546 δ’
724 2481 794 2560 ἡνία
809 2487 909 2548 τεῖναν
926 2483 1047 2546 ὀπίσσω

272 2586 421 2664 κολλητὸν
437 2587 505 2649 ποτὶ
521 2587 637 2667 δίφρον.
662 2588 679 2648 ὁ
695 2587 727 2650 δέ
742 2585 876 2668 μάστιγα
890 2586 1020 2667 φαεινὴν
1168 2611 1216 2660 ³95

270 2691 350 2771 χειρὶ
364 2689 473 2767 λαβὼν
488 2691 631 2771 ἀραρυῖαν
646 2688 696 2771 ἐφ’
712 2691 830 2754 ίπποιιν
845 2689 1016 2770 ἀνόρουσεν,

202 2868 205 2873 ¹
271 2791 457 2872 Αὐτομέδων·
481 2796 586 2857 όπιθεν
601 2795 634 2857 δὲ
650 2792 875 2874 κορυσσάμενος
889 2796 932 2872 βῆ
949 2790 1121 2874 Ἀχιλλεύς,

271 2897 394 2980 τεύχεσι
409 2899 592 2978 παμφαίνων
607 2899 647 2963 ὥς
662 2897 685 2958 τ’
702 2895 836 2977 ἠλέκτωρ
850 2894 1009 2976 Ὑπερίων,

272 3001 460 3081 σμερδαλέον
474 3001 499 3064 δ’
517 3004 658 3066 ίπποισιν
674 2999 814 3064 ἐκέκλετο
831 3000 942 3081 πατρὸς
957 3003 1029 3063 ἔοῖο·

273 3113 290 3140 “
301 3104 403 3171 Ξάνθε
418 3131 451 3169 τε
468 3106 517 3169 καὶ
533 3106 636 3178 Βαλίε,
652 3107 823 3185 τηλεκλυτὰ
838 3103 927 3167 τέκνα
944 3101 1111 3185 Ποδάργης,
1169 3129 1219 3178 ιοο

271 3209 374 3275 άλλως
389 3206 425 3288 δὴ
442 3209 594 3291 φράζεσθε
611 3207 772 3288 σαωσέμεν
786 3207 916 3291 ἡνιοχῆα

271 3311 319 3394 ἀφ
336 3317 464 3376 Δαναῶν
480 3314 511 3378 ἐς
526 3315 642 3394 ὅμιλον,
660 3313 728 3375 ἐπεί
741 3310 773 3396 χ’
790 3312 884 3391 ἕωμεν
900 3308 1055 3388 πολέμοιο,

270 3417 337 3495 μηδ’
356 3417 395 3482 ὧς
411 3416 590 3497 Πάτροκλον
605 3416 704 3478 λίπετ’
720 3415 824 3479 αὐτόθι
839 3411 1019 3493 τεθνηῶτα.”

314 3520 377 3586 Τὸν
392 3519 418 3584 δ’
433 3519 479 3601 ἀρ’
496 3523 554 3583 ὑπὸ
571 3520 680 3601 ζυγόφι
695 3518 836 3601 προσέφη
853 3519 947 3584 πόδας
963 3518 1068 3583 αίόλος
1083 3519 1176 3584 ἵππος

272 3621 400 3697 Ξάνθος,
418 3622 500 3703 άφαρ
517 3621 542 3685 δ’
557 3621 654 3701 ἤμυσε
671 3619 803 3703 καρήατι·
829 3624 912 3684 πᾶσα
927 3622 960 3684 δὲ
974 3621 1065 3703 χαίτη
1169 3648 1218 3698 ⁴05

273 3727 397 3809 ζεύγλης
413 3724 595 3807 ἐξεριποῦσα
610 3725 690 3806 παρά
707 3724 793 3806 ζυγδν
808 3723 897 3790 οὐδας
912 3725 1023 3790 ἵκανεν·

272 3828 418 3909 αὐδήεντα
434 3828 458 3891 δ’
476 3829 565 3907 ἔθηκε
580 3831 635 3892 θεὰ
649 3827 835 3894 λευκώλενος
845 3826 939 3908 Ἥρη·
