<?xml version="1.0" encoding="UTF-8"?>
<!DOCTYPE html PUBLIC "-//W3C//DTD XHTML 1.0 Transitional//EN"
    "http://www.w3.org/TR/xhtml1/DTD/xhtml1-transitional.dtd">
<html xmlns="http://www.w3.org/1999/xhtml" xml:lang="en" lang="en">
 <head>
  <title>
</title>
<meta http-equiv="Content-Type" content="text/html;charset=utf-8" />
  <meta name='ocr-system' content='tesseract 3.04.00' />
  <meta name='ocr-capabilities' content='ocr_page ocr_carea ocr_par ocr_line ocrx_word'/>
</head>
<body>
  <div class='ocr_page' id='page_1' title='image "./homerioperaetre00homegoog_0886.png"; bbox 0 0 2758 4228; ppageno 0'>
   <div class='ocr_carea' id='block_1_1' title="bbox 461 345 1130 432">
    <p class='ocr_par' dir='ltr' id='par_1_1' title="bbox 461 345 1130 432">
     <span class='ocr_line' id='line_1_1' title="bbox 461 345 1130 432; baseline -0.007 -19"><span class='ocrx_word' id='word_1_1' title='bbox 461 367 512 432; x_wconf 79' lang='lat'>23.</span> <span class='ocrx_word' id='word_1_2' title='bbox 535 352 771 412; x_wconf 74' lang='grc' dir='ltr'><strong>ΟΔΤΣΣΕΙΑΣ</strong></span> <span class='ocrx_word' id='word_1_3' title='bbox 795 353 833 412; x_wconf 77' lang='grc' dir='ltr'>Ψ.</span> <span class='ocrx_word' id='word_1_4' title='bbox 1071 345 1130 408; x_wconf 92' lang='lat'>881</span> 
     </span>
    </p>
   </div>
   <div class='ocr_carea' id='block_1_2' title="bbox 185 519 1131 603">
    <p class='ocr_par' dir='ltr' id='par_1_2' title="bbox 185 519 1131 603">
     <span class='ocr_line' id='line_1_2' title="bbox 185 519 1131 603; baseline -0.004 -18"><span class='ocrx_word' id='word_1_5' title='bbox 185 520 292 603; x_wconf 82' lang='grc' dir='ltr'>φεύγει</span> <span class='ocrx_word' id='word_1_6' title='bbox 308 520 400 599; x_wconf 92' lang='grc' dir='ltr'>πηούς</span> <span class='ocrx_word' id='word_1_7' title='bbox 414 545 448 584; x_wconf 89' lang='grc' dir='ltr'>τε</span> <span class='ocrx_word' id='word_1_8' title='bbox 466 521 625 602; x_wconf 73' lang='grc' dir='ltr'>προλιπὼν</span> <span class='ocrx_word' id='word_1_9' title='bbox 640 519 688 584; x_wconf 80' lang='grc' dir='ltr'>καὶ</span> <span class='ocrx_word' id='word_1_10' title='bbox 705 522 832 600; x_wconf 80' lang='grc' dir='ltr'>πατρίδα</span> <span class='ocrx_word' id='word_1_11' title='bbox 842 524 941 601; x_wconf 83' lang='grc' dir='ltr'>γαῖαν</span> <span class='ocrx_word' id='word_1_12' title='bbox 1085 547 1131 582; x_wconf 78' lang='grc' dir='ltr'>ιιο</span> 
     </span>
    </p>
   </div>
   <div class='ocr_carea' id='block_1_3' title="bbox 186 621 990 706">
    <p class='ocr_par' dir='ltr' id='par_1_3' title="bbox 186 621 990 706">
     <span class='ocr_line' id='line_1_3' title="bbox 186 621 990 706; baseline -0.002 -17"><span class='ocrx_word' id='word_1_13' title='bbox 186 625 272 704; x_wconf 80' lang='grc' dir='ltr'>ἡμεῖς</span> <span class='ocrx_word' id='word_1_14' title='bbox 288 624 313 688; x_wconf 93' lang='grc' dir='ltr'>δ’</span> <span class='ocrx_word' id='word_1_15' title='bbox 328 623 401 705; x_wconf 86' lang='grc' dir='ltr'>ἔρμα</span> <span class='ocrx_word' id='word_1_16' title='bbox 416 624 532 702; x_wconf 78' lang='grc' dir='ltr'>πόληος</span> <span class='ocrx_word' id='word_1_17' title='bbox 548 625 727 702; x_wconf 86' lang='grc' dir='ltr'>ἀπέκταμεν,</span> <span class='ocrx_word' id='word_1_18' title='bbox 746 623 775 686; x_wconf 74' lang='grc' dir='ltr'>οἳ</span> <span class='ocrx_word' id='word_1_19' title='bbox 789 621 856 706; x_wconf 83' lang='grc' dir='ltr'>μέγ’</span> <span class='ocrx_word' id='word_1_20' title='bbox 871 625 990 704; x_wconf 81' lang='grc' dir='ltr'>ἄρισται</span> 
     </span>
    </p>
   </div>
   <div class='ocr_carea' id='block_1_4' title="bbox 185 830 1136 2155">
    <p class='ocr_par' dir='ltr' id='par_1_4' title="bbox 186 830 1131 1223">
     <span class='ocr_line' id='line_1_4' title="bbox 229 830 1002 914; baseline 0.001 -21"><span class='ocrx_word' id='word_1_21' title='bbox 229 831 292 896; x_wconf 86' lang='grc' dir='ltr'>Τὸν</span> <span class='ocrx_word' id='word_1_22' title='bbox 307 831 332 893; x_wconf 85' lang='grc' dir='ltr'>δ’</span> <span class='ocrx_word' id='word_1_23' title='bbox 349 831 385 894; x_wconf 79' lang='grc' dir='ltr'>αὖ</span> <span class='ocrx_word' id='word_1_24' title='bbox 398 830 581 914; x_wconf 88' lang='grc' dir='ltr'>Τηλέμαχος</span> <span class='ocrx_word' id='word_1_25' title='bbox 596 830 782 909; x_wconf 77' lang='grc' dir='ltr'>πεπνυμένος</span> <span class='ocrx_word' id='word_1_26' title='bbox 802 831 903 895; x_wconf 80' lang='grc' dir='ltr'>ἀντίον</span> <span class='ocrx_word' id='word_1_27' title='bbox 919 831 1002 908; x_wconf 80' lang='grc' dir='ltr'>ηὔδα·</span> 
     </span>
     <span class='ocr_line' id='line_1_5' title="bbox 188 932 1111 1017; baseline -0.002 -18"><span class='ocrx_word' id='word_1_28' title='bbox 188 935 306 1000; x_wconf 80' lang='grc' dir='ltr'>“αι’πὸς</span> <span class='ocrx_word' id='word_1_29' title='bbox 321 932 463 1017; x_wconf 79' lang='grc' dir='ltr'>ταῦτάγε</span> <span class='ocrx_word' id='word_1_30' title='bbox 479 941 604 1012; x_wconf 81' lang='grc' dir='ltr'>λεῦσσε,</span> <span class='ocrx_word' id='word_1_31' title='bbox 621 934 714 1016; x_wconf 88' lang='grc' dir='ltr'>πότερ</span> <span class='ocrx_word' id='word_1_32' title='bbox 730 936 814 1016; x_wconf 88' lang='grc' dir='ltr'>φίλε·</span> <span class='ocrx_word' id='word_1_33' title='bbox 839 935 897 1012; x_wconf 85' lang='grc' dir='ltr'>σὴν</span> <span class='ocrx_word' id='word_1_34' title='bbox 911 935 968 1016; x_wconf 83' lang='grc' dir='ltr'>γὰρ</span> <span class='ocrx_word' id='word_1_35' title='bbox 985 934 1111 1015; x_wconf 83' lang='grc' dir='ltr'>ἀρίστην</span> 
     </span>
     <span class='ocr_line' id='line_1_6' title="bbox 186 1037 1131 1119; baseline -0.001 -18"><span class='ocrx_word' id='word_1_36' title='bbox 186 1043 274 1119; x_wconf 81' lang='grc' dir='ltr'>μῆτιν</span> <span class='ocrx_word' id='word_1_37' title='bbox 289 1037 336 1102; x_wconf 85' lang='grc' dir='ltr'>ἔπ’</span> <span class='ocrx_word' id='word_1_38' title='bbox 353 1039 527 1118; x_wconf 76' lang='grc' dir='ltr'>ἀνθρώπους</span> <span class='ocrx_word' id='word_1_39' title='bbox 542 1037 617 1119; x_wconf 87' lang='grc' dir='ltr'>φόσ’</span> <span class='ocrx_word' id='word_1_40' title='bbox 633 1041 767 1119; x_wconf 82' lang='grc' dir='ltr'>ἔμμεναι,</span> <span class='ocrx_word' id='word_1_41' title='bbox 783 1039 851 1103; x_wconf 80' lang='grc' dir='ltr'>οὐδέ</span> <span class='ocrx_word' id='word_1_42' title='bbox 867 1037 900 1102; x_wconf 87' lang='grc' dir='ltr'>κέ</span> <span class='ocrx_word' id='word_1_43' title='bbox 914 1040 959 1104; x_wconf 90' lang='grc' dir='ltr'>τίς</span> <span class='ocrx_word' id='word_1_44' title='bbox 975 1063 1021 1101; x_wconf 95' lang='grc' dir='ltr'>τοι</span> <span class='ocrx_word' id='word_1_45' title='bbox 1085 1066 1131 1114; x_wconf 83' lang='lat'>125</span> 
     </span>
     <span class='ocr_line' id='line_1_7' title="bbox 186 1142 897 1223; baseline -0.001 -17"><span class='ocrx_word' id='word_1_46' title='bbox 186 1142 281 1208; x_wconf 79' lang='grc' dir='ltr'>ἄλλος</span> <span class='ocrx_word' id='word_1_47' title='bbox 297 1143 372 1221; x_wconf 87' lang='grc' dir='ltr'>ἀνὴρ</span> <span class='ocrx_word' id='word_1_48' title='bbox 388 1142 498 1223; x_wconf 76' lang='grc' dir='ltr'>ἐρίσειε</span> <span class='ocrx_word' id='word_1_49' title='bbox 514 1147 706 1221; x_wconf 83' lang='grc' dir='ltr'>καταθνητῶν</span> <span class='ocrx_word' id='word_1_50' title='bbox 721 1143 897 1223; x_wconf 73' lang='grc' dir='ltr'>ἀνθρώπων.</span> 
     </span>
    </p>

    <p class='ocr_par' dir='ltr' id='par_1_5' title="bbox 186 1241 977 1436">
     <span class='ocr_line' id='line_1_8' title="bbox 188 1241 977 1334; baseline -0.003 -24"><span class='ocrx_word' id='word_1_51' title='bbox 188 1242 289 1334; x_wconf 80' lang='grc' dir='ltr'>[ἡμεῖς</span> <span class='ocrx_word' id='word_1_52' title='bbox 304 1241 329 1308; x_wconf 86' lang='grc' dir='ltr'>δ’</span> <span class='ocrx_word' id='word_1_53' title='bbox 345 1249 535 1326; x_wconf 78' lang='grc' dir='ltr'>ἐμμεμαῶτες</span> <span class='ocrx_word' id='word_1_54' title='bbox 550 1244 600 1326; x_wconf 77' lang='grc' dir='ltr'>ἀμ’</span> <span class='ocrx_word' id='word_1_55' title='bbox 616 1247 752 1328; x_wconf 80' lang='grc' dir='ltr'>ἑψόμεθ’,</span> <span class='ocrx_word' id='word_1_56' title='bbox 769 1244 838 1310; x_wconf 80' lang='grc' dir='ltr'>οὐδέ</span> <span class='ocrx_word' id='word_1_57' title='bbox 853 1247 884 1308; x_wconf 91' lang='grc' dir='ltr'>τί</span> <span class='ocrx_word' id='word_1_58' title='bbox 899 1253 977 1327; x_wconf 90' lang='grc' dir='ltr'>φημι</span> 
     </span>
     <span class='ocr_line' id='line_1_9' title="bbox 186 1344 957 1436; baseline -0.003 -22"><span class='ocrx_word' id='word_1_59' title='bbox 186 1353 281 1426; x_wconf 95' lang='grc' dir='ltr'>ἀλκῆς</span> <span class='ocrx_word' id='word_1_60' title='bbox 297 1347 489 1427; x_wconf 75' lang='grc' dir='ltr'>δευήσεσθαι,</span> <span class='ocrx_word' id='word_1_61' title='bbox 504 1351 562 1428; x_wconf 86' lang='grc' dir='ltr'>ὅση</span> <span class='ocrx_word' id='word_1_62' title='bbox 579 1350 700 1430; x_wconf 91' lang='grc' dir='ltr'>δύναμίς</span> <span class='ocrx_word' id='word_1_63' title='bbox 715 1376 751 1432; x_wconf 91' lang='grc' dir='ltr'>γε</span> <span class='ocrx_word' id='word_1_64' title='bbox 767 1344 957 1436; x_wconf 86' lang='grc' dir='ltr'>πάρεστιν.”]</span> 
     </span>
    </p>

    <p class='ocr_par' dir='ltr' id='par_1_6' title="bbox 185 1450 1136 2155">
     <span class='ocr_line' id='line_1_10' title="bbox 228 1450 1123 1535; baseline 0 -19"><span class='ocrx_word' id='word_1_65' title='bbox 228 1459 290 1518; x_wconf 86' lang='grc' dir='ltr'>Τὸν</span> <span class='ocrx_word' id='word_1_66' title='bbox 306 1454 331 1516; x_wconf 89' lang='grc' dir='ltr'>δ’</span> <span class='ocrx_word' id='word_1_67' title='bbox 347 1454 592 1534; x_wconf 77' lang='grc' dir='ltr'>ἀπαμειβόμενος</span> <span class='ocrx_word' id='word_1_68' title='bbox 607 1455 747 1535; x_wconf 80' lang='grc' dir='ltr'>προσέφη</span> <span class='ocrx_word' id='word_1_69' title='bbox 763 1453 928 1532; x_wconf 89' lang='grc' dir='ltr'>πολύμητις</span> <span class='ocrx_word' id='word_1_70' title='bbox 944 1450 1123 1516; x_wconf 87' lang='grc' dir='ltr'>Ὀδυσσεύς·</span> 
     </span>
     <span class='ocr_line' id='line_1_11' title="bbox 187 1555 1136 1639; baseline -0.003 -19"><span class='ocrx_word' id='word_1_71' title='bbox 187 1563 208 1592; x_wconf 84' lang='grc'><strong><em>“</em></strong></span> <span class='ocrx_word' id='word_1_72' title='bbox 216 1559 320 1639; x_wconf 76' lang='grc' dir='ltr'>τοιγὰρ</span> <span class='ocrx_word' id='word_1_73' title='bbox 336 1556 414 1637; x_wconf 80' lang='grc' dir='ltr'>ἔγῶν</span> <span class='ocrx_word' id='word_1_74' title='bbox 430 1555 503 1636; x_wconf 79' lang='grc' dir='ltr'>ἐρέω</span> <span class='ocrx_word' id='word_1_75' title='bbox 519 1558 560 1622; x_wconf 82' lang='grc' dir='ltr'>ὥς</span> <span class='ocrx_word' id='word_1_76' title='bbox 574 1582 626 1635; x_wconf 92' lang='grc' dir='ltr'>μοι</span> <span class='ocrx_word' id='word_1_77' title='bbox 641 1562 724 1620; x_wconf 88' lang='grc' dir='ltr'>δοκεῖ</span> <span class='ocrx_word' id='word_1_78' title='bbox 740 1556 817 1620; x_wconf 88' lang='grc' dir='ltr'>εῖναι</span> <span class='ocrx_word' id='word_1_79' title='bbox 832 1556 952 1638; x_wconf 84' lang='grc' dir='ltr'>ἄριστα.</span> <span class='ocrx_word' id='word_1_80' title='bbox 1088 1581 1136 1629; x_wconf 82' lang='lat'>130</span> 
     </span>
     <span class='ocr_line' id='line_1_12' title="bbox 187 1658 1015 1742; baseline -0.001 -17"><span class='ocrx_word' id='word_1_81' title='bbox 187 1667 289 1742; x_wconf 90' lang='grc' dir='ltr'>πρῶτα</span> <span class='ocrx_word' id='word_1_82' title='bbox 302 1661 358 1739; x_wconf 76' lang='grc' dir='ltr'>μὲν</span> <span class='ocrx_word' id='word_1_83' title='bbox 373 1658 410 1740; x_wconf 80' lang='grc' dir='ltr'>ἀρ</span> <span class='ocrx_word' id='word_1_84' title='bbox 425 1659 581 1724; x_wconf 78' lang='grc' dir='ltr'>λούσασθε</span> <span class='ocrx_word' id='word_1_85' title='bbox 598 1661 647 1723; x_wconf 88' lang='grc' dir='ltr'>καὶ</span> <span class='ocrx_word' id='word_1_86' title='bbox 663 1659 860 1741; x_wconf 81' lang='grc' dir='ltr'>ἀμφιέσασθε</span> <span class='ocrx_word' id='word_1_87' title='bbox 874 1665 1015 1742; x_wconf 90' lang='grc' dir='ltr'>χιτῶνας,</span> 
     </span>
     <span class='ocr_line' id='line_1_13' title="bbox 186 1760 979 1848; baseline -0.005 -20"><span class='ocrx_word' id='word_1_88' title='bbox 186 1767 284 1848; x_wconf 80' lang='grc' dir='ltr'>δμῳὰς</span> <span class='ocrx_word' id='word_1_89' title='bbox 300 1763 324 1827; x_wconf 92' lang='grc' dir='ltr'>δ’</span> <span class='ocrx_word' id='word_1_90' title='bbox 342 1765 375 1827; x_wconf 92' lang='grc' dir='ltr'>έν</span> <span class='ocrx_word' id='word_1_91' title='bbox 389 1763 568 1845; x_wconf 85' lang='grc' dir='ltr'>μεγάροισιν</span> <span class='ocrx_word' id='word_1_92' title='bbox 583 1765 714 1845; x_wconf 84' lang='grc' dir='ltr'>ἀνιόγετε</span> <span class='ocrx_word' id='word_1_93' title='bbox 730 1760 828 1843; x_wconf 80' lang='grc' dir='ltr'>εἵμαθ’</span> <span class='ocrx_word' id='word_1_94' title='bbox 844 1764 979 1827; x_wconf 80' lang='grc' dir='ltr'>ἑλέσθαι·</span> 
     </span>
     <span class='ocr_line' id='line_1_14' title="bbox 187 1867 891 1948; baseline 0 -20"><span class='ocrx_word' id='word_1_95' title='bbox 187 1867 278 1947; x_wconf 83' lang='grc' dir='ltr'>αὐτὰρ</span> <span class='ocrx_word' id='word_1_96' title='bbox 293 1870 373 1933; x_wconf 87' lang='grc' dir='ltr'>θεῖος</span> <span class='ocrx_word' id='word_1_97' title='bbox 389 1867 489 1932; x_wconf 85' lang='grc' dir='ltr'>ἀοιδὸς</span> <span class='ocrx_word' id='word_1_98' title='bbox 506 1867 586 1948; x_wconf 88' lang='grc' dir='ltr'>ἔχων</span> <span class='ocrx_word' id='word_1_99' title='bbox 601 1868 757 1947; x_wconf 89' lang='grc' dir='ltr'>φόρμιγγα</span> <span class='ocrx_word' id='word_1_100' title='bbox 770 1867 891 1947; x_wconf 83' lang='grc' dir='ltr'>λίγειαν</span> 
     </span>
     <span class='ocr_line' id='line_1_15' title="bbox 185 1970 859 2052; baseline -0.006 -18"><span class='ocrx_word' id='word_1_101' title='bbox 185 1972 257 2049; x_wconf 89' lang='grc' dir='ltr'>ἡμῖν</span> <span class='ocrx_word' id='word_1_102' title='bbox 271 1971 407 2052; x_wconf 81' lang='grc' dir='ltr'>ἡγείσθω</span> <span class='ocrx_word' id='word_1_103' title='bbox 423 1970 667 2050; x_wconf 90' lang='grc' dir='ltr'>φιλοπαίγμονος</span> <span class='ocrx_word' id='word_1_104' title='bbox 682 1970 859 2052; x_wconf 82' lang='grc' dir='ltr'>ὀρχηθμοῖο,</span> 
     </span>
     <span class='ocr_line' id='line_1_16' title="bbox 186 2072 1132 2155; baseline -0.005 -17"><span class='ocrx_word' id='word_1_105' title='bbox 186 2077 227 2140; x_wconf 81' lang='grc' dir='ltr'>ὥς</span> <span class='ocrx_word' id='word_1_106' title='bbox 242 2073 293 2137; x_wconf 87' lang='grc' dir='ltr'>κέν</span> <span class='ocrx_word' id='word_1_107' title='bbox 308 2099 354 2139; x_wconf 91' lang='grc' dir='ltr'>τις</span> <span class='ocrx_word' id='word_1_108' title='bbox 369 2074 445 2153; x_wconf 89' lang='grc' dir='ltr'>φαίη</span> <span class='ocrx_word' id='word_1_109' title='bbox 461 2073 559 2155; x_wconf 84' lang='grc' dir='ltr'>γόμον</span> <span class='ocrx_word' id='word_1_110' title='bbox 574 2073 699 2152; x_wconf 83' lang='grc' dir='ltr'>ἔμμεναι</span> <span class='ocrx_word' id='word_1_111' title='bbox 717 2072 802 2138; x_wconf 82' lang='grc' dir='ltr'>ἐκτὸς</span> <span class='ocrx_word' id='word_1_112' title='bbox 818 2072 943 2145; x_wconf 84' lang='grc' dir='ltr'>ἀκούων,</span> <span class='ocrx_word' id='word_1_113' title='bbox 1086 2099 1132 2147; x_wconf 81' lang='lat'>135</span> 
     </span>
    </p>
   </div>
   <div class='ocr_carea' id='block_1_5' title="bbox 185 2279 1133 3812">
    <p class='ocr_par' dir='ltr' id='par_1_7' title="bbox 185 2279 981 2362">
     <span class='ocr_line' id='line_1_17' title="bbox 185 2279 981 2362; baseline -0.004 -17"><span class='ocrx_word' id='word_1_114' title='bbox 185 2282 225 2361; x_wconf 88' lang='grc' dir='ltr'>μὴ</span> <span class='ocrx_word' id='word_1_115' title='bbox 241 2281 358 2362; x_wconf 89' lang='grc' dir='ltr'>πρόσθε</span> <span class='ocrx_word' id='word_1_116' title='bbox 374 2282 462 2348; x_wconf 87' lang='grc' dir='ltr'>κλέος</span> <span class='ocrx_word' id='word_1_117' title='bbox 478 2280 545 2362; x_wconf 81' lang='grc' dir='ltr'>εὐρὺ</span> <span class='ocrx_word' id='word_1_118' title='bbox 563 2281 660 2355; x_wconf 91' lang='grc' dir='ltr'>φόνου</span> <span class='ocrx_word' id='word_1_119' title='bbox 675 2279 751 2344; x_wconf 88' lang='grc' dir='ltr'>κατά</span> <span class='ocrx_word' id='word_1_120' title='bbox 766 2279 843 2343; x_wconf 81' lang='grc' dir='ltr'>ἄστυ</span> <span class='ocrx_word' id='word_1_121' title='bbox 859 2280 981 2362; x_wconf 89' lang='grc' dir='ltr'>γένηται</span> 
     </span>
    </p>

    <p class='ocr_par' dir='ltr' id='par_1_8' title="bbox 186 2380 965 2466">
     <span class='ocr_line' id='line_1_18' title="bbox 186 2380 965 2466; baseline -0.004 -19"><span class='ocrx_word' id='word_1_122' title='bbox 186 2387 302 2466; x_wconf 88' lang='grc' dir='ltr'>ἀνδρῶν</span> <span class='ocrx_word' id='word_1_123' title='bbox 317 2383 507 2465; x_wconf 81' lang='grc' dir='ltr'>μνηστήρων,</span> <span class='ocrx_word' id='word_1_124' title='bbox 524 2384 595 2464; x_wconf 92' lang='grc' dir='ltr'>πρίν</span> <span class='ocrx_word' id='word_1_125' title='bbox 610 2383 638 2465; x_wconf 93' lang='grc' dir='ltr'>γ’</span> <span class='ocrx_word' id='word_1_126' title='bbox 653 2383 748 2464; x_wconf 88' lang='grc' dir='ltr'>ἡμέας</span> <span class='ocrx_word' id='word_1_127' title='bbox 764 2382 892 2462; x_wconf 85' lang='grc' dir='ltr'>ἔλθέμεν</span> <span class='ocrx_word' id='word_1_128' title='bbox 908 2380 965 2461; x_wconf 84' lang='grc' dir='ltr'>ἔξω</span> 
     </span>
    </p>

    <p class='ocr_par' dir='ltr' id='par_1_9' title="bbox 186 2487 993 2570">
     <span class='ocr_line' id='line_1_19' title="bbox 186 2487 993 2570; baseline -0.004 -19"><span class='ocrx_word' id='word_1_129' title='bbox 186 2490 278 2570; x_wconf 82' lang='grc' dir='ltr'>ἀγρὸν</span> <span class='ocrx_word' id='word_1_130' title='bbox 293 2490 324 2554; x_wconf 82' lang='grc' dir='ltr'>ἐς</span> <span class='ocrx_word' id='word_1_131' title='bbox 338 2488 484 2569; x_wconf 88' lang='grc' dir='ltr'>ἡμέτερον</span> <span class='ocrx_word' id='word_1_132' title='bbox 498 2487 727 2569; x_wconf 88' lang='grc' dir='ltr'>πολυδένδρεον.</span> <span class='ocrx_word' id='word_1_133' title='bbox 758 2487 829 2551; x_wconf 91' lang='grc' dir='ltr'>ἔνθα</span> <span class='ocrx_word' id='word_1_134' title='bbox 848 2487 872 2551; x_wconf 89' lang='grc' dir='ltr'>δ’</span> <span class='ocrx_word' id='word_1_135' title='bbox 889 2488 993 2551; x_wconf 88' lang='grc' dir='ltr'>ἔπειτα</span> 
     </span>
    </p>

    <p class='ocr_par' dir='ltr' id='par_1_10' title="bbox 186 2589 1133 2777">
     <span class='ocr_line' id='line_1_20' title="bbox 186 2589 1133 2675; baseline -0.003 -20"><span class='ocrx_word' id='word_1_136' title='bbox 186 2591 376 2672; x_wconf 87' lang='grc' dir='ltr'>φρασσόμεθ’</span> <span class='ocrx_word' id='word_1_137' title='bbox 393 2593 458 2655; x_wconf 85' lang='grc' dir='ltr'>όττι</span> <span class='ocrx_word' id='word_1_138' title='bbox 473 2618 506 2656; x_wconf 90' lang='grc' dir='ltr'>κε</span> <span class='ocrx_word' id='word_1_139' title='bbox 523 2591 625 2672; x_wconf 84' lang='grc' dir='ltr'>κέρδος</span> <span class='ocrx_word' id='word_1_140' title='bbox 639 2591 809 2671; x_wconf 86' lang='grc' dir='ltr'>Ὀλύμπιος</span> <span class='ocrx_word' id='word_1_141' title='bbox 824 2589 1016 2675; x_wconf 76' lang='grc' dir='ltr'>ἔγγυολίξῃ.”</span> <span class='ocrx_word' id='word_1_142' title='bbox 1084 2617 1133 2668; x_wconf 81' lang='lat'>140</span> 
     </span>
     <span class='ocr_line' id='line_1_21' title="bbox 223 2694 1133 2777; baseline 0.001 -20"><span class='ocrx_word' id='word_1_143' title='bbox 223 2695 287 2762; x_wconf 84' lang='grc' dir='ltr'>Ὣς</span> <span class='ocrx_word' id='word_1_144' title='bbox 302 2696 400 2777; x_wconf 83' lang='grc' dir='ltr'>ἔφαθ’,</span> <span class='ocrx_word' id='word_1_145' title='bbox 416 2698 445 2759; x_wconf 88' lang='grc' dir='ltr'>οἱ</span> <span class='ocrx_word' id='word_1_146' title='bbox 462 2696 487 2759; x_wconf 81' lang='grc' dir='ltr'>δ’</span> <span class='ocrx_word' id='word_1_147' title='bbox 503 2697 561 2775; x_wconf 83' lang='grc' dir='ltr'>ἄρα</span> <span class='ocrx_word' id='word_1_148' title='bbox 576 2700 628 2758; x_wconf 81' lang='grc' dir='ltr'>τοῦ</span> <span class='ocrx_word' id='word_1_149' title='bbox 643 2695 727 2772; x_wconf 79' lang='grc' dir='ltr'>μάλα</span> <span class='ocrx_word' id='word_1_150' title='bbox 741 2698 798 2775; x_wconf 75' lang='grc' dir='ltr'>μὲν</span> <span class='ocrx_word' id='word_1_151' title='bbox 815 2694 907 2759; x_wconf 91' lang='grc' dir='ltr'>κλύον</span> <span class='ocrx_word' id='word_1_152' title='bbox 922 2694 966 2773; x_wconf 85' lang='grc' dir='ltr'>ἡδ’</span> <span class='ocrx_word' id='word_1_153' title='bbox 983 2694 1133 2758; x_wconf 90' lang='grc' dir='ltr'>έπίθοντο.</span> 
     </span>
    </p>

    <p class='ocr_par' dir='ltr' id='par_1_11' title="bbox 187 2797 1024 2880">
     <span class='ocr_line' id='line_1_22' title="bbox 187 2797 1024 2880; baseline 0.002 -19"><span class='ocrx_word' id='word_1_154' title='bbox 187 2805 288 2879; x_wconf 91' lang='grc' dir='ltr'>πρῶτα</span> <span class='ocrx_word' id='word_1_155' title='bbox 303 2801 358 2879; x_wconf 72' lang='grc' dir='ltr'>μὲν</span> <span class='ocrx_word' id='word_1_156' title='bbox 376 2799 429 2863; x_wconf 78' lang='grc' dir='ltr'>οὖν</span> <span class='ocrx_word' id='word_1_157' title='bbox 445 2799 598 2862; x_wconf 90' lang='grc' dir='ltr'>λούσαντο</span> <span class='ocrx_word' id='word_1_158' title='bbox 614 2797 662 2862; x_wconf 83' lang='grc' dir='ltr'>καὶ</span> <span class='ocrx_word' id='word_1_159' title='bbox 678 2798 868 2878; x_wconf 84' lang='grc' dir='ltr'>ἀμφιέσαντο</span> <span class='ocrx_word' id='word_1_160' title='bbox 884 2803 1024 2880; x_wconf 89' lang='grc' dir='ltr'>χιτῶνας,</span> 
     </span>
    </p>

    <p class='ocr_par' dir='ltr' id='par_1_12' title="bbox 187 2899 958 2984">
     <span class='ocr_line' id='line_1_23' title="bbox 187 2899 958 2984; baseline 0.001 -18"><span class='ocrx_word' id='word_1_161' title='bbox 187 2905 342 2966; x_wconf 84' lang='grc' dir='ltr'>ῶπλισθεν</span> <span class='ocrx_word' id='word_1_162' title='bbox 357 2904 390 2967; x_wconf 73' lang='grc' dir='ltr'>δὲ</span> <span class='ocrx_word' id='word_1_163' title='bbox 401 2905 551 2984; x_wconf 85' lang='grc' dir='ltr'>γυναῖκες·</span> <span class='ocrx_word' id='word_1_164' title='bbox 574 2903 590 2964; x_wconf 88' lang='grc' dir='ltr'>ὁ</span> <span class='ocrx_word' id='word_1_165' title='bbox 605 2899 631 2965; x_wconf 87' lang='grc' dir='ltr'>δ’</span> <span class='ocrx_word' id='word_1_166' title='bbox 647 2904 747 2965; x_wconf 81' lang='grc' dir='ltr'>είλετο</span> <span class='ocrx_word' id='word_1_167' title='bbox 764 2905 843 2966; x_wconf 90' lang='grc' dir='ltr'>θεῖος</span> <span class='ocrx_word' id='word_1_168' title='bbox 858 2903 958 2967; x_wconf 84' lang='grc' dir='ltr'>ἀοιδὸς</span> 
     </span>
    </p>

    <p class='ocr_par' dir='ltr' id='par_1_13' title="bbox 186 3002 964 3088">
     <span class='ocr_line' id='line_1_24' title="bbox 186 3002 964 3088; baseline -0.004 -19"><span class='ocrx_word' id='word_1_169' title='bbox 186 3008 341 3088; x_wconf 88' lang='grc' dir='ltr'>φόρμιγγα</span> <span class='ocrx_word' id='word_1_170' title='bbox 356 3005 525 3088; x_wconf 83' lang='grc' dir='ltr'>γλαφυρήν,</span> <span class='ocrx_word' id='word_1_171' title='bbox 544 3008 577 3069; x_wconf 83' lang='grc' dir='ltr'>ἐν</span> <span class='ocrx_word' id='word_1_172' title='bbox 592 3005 625 3070; x_wconf 90' lang='grc' dir='ltr'>δέ</span> <span class='ocrx_word' id='word_1_173' title='bbox 641 3013 751 3084; x_wconf 88' lang='grc' dir='ltr'>σφισιν</span> <span class='ocrx_word' id='word_1_174' title='bbox 767 3007 870 3085; x_wconf 84' lang='grc' dir='ltr'>ἵμερον</span> <span class='ocrx_word' id='word_1_175' title='bbox 884 3002 964 3084; x_wconf 83' lang='grc' dir='ltr'>ῶρσε</span> 
     </span>
    </p>

    <p class='ocr_par' dir='ltr' id='par_1_14' title="bbox 185 3109 937 3192">
     <span class='ocr_line' id='line_1_25' title="bbox 185 3109 937 3192; baseline -0.004 -19"><span class='ocrx_word' id='word_1_176' title='bbox 185 3114 304 3189; x_wconf 85' lang='grc' dir='ltr'>μολπῆς</span> <span class='ocrx_word' id='word_1_177' title='bbox 320 3136 355 3174; x_wconf 90' lang='grc' dir='ltr'>τε</span> <span class='ocrx_word' id='word_1_178' title='bbox 369 3113 516 3192; x_wconf 83' lang='grc' dir='ltr'>γλυκερῆς</span> <span class='ocrx_word' id='word_1_179' title='bbox 533 3111 583 3174; x_wconf 83' lang='grc' dir='ltr'>καὶ</span> <span class='ocrx_word' id='word_1_180' title='bbox 602 3109 750 3190; x_wconf 88' lang='grc' dir='ltr'>ἀμύμονος</span> <span class='ocrx_word' id='word_1_181' title='bbox 765 3109 937 3190; x_wconf 85' lang='grc' dir='ltr'>ὀρχηθμοῖο.</span> 
     </span>
    </p>

    <p class='ocr_par' dir='ltr' id='par_1_15' title="bbox 186 3204 934 3296">
     <span class='ocr_line' id='line_1_26' title="bbox 186 3204 934 3296; baseline -0.003 -21"><span class='ocrx_word' id='word_1_182' title='bbox 186 3219 284 3278; x_wconf 87' lang='grc' dir='ltr'>ταῖσιν</span> <span class='ocrx_word' id='word_1_183' title='bbox 300 3217 332 3278; x_wconf 68' lang='grc' dir='ltr'>δὲ</span> <span class='ocrx_word' id='word_1_184' title='bbox 346 3215 424 3293; x_wconf 89' lang='grc' dir='ltr'>μέγα</span> <span class='ocrx_word' id='word_1_185' title='bbox 440 3204 523 3293; x_wconf 85' lang='grc' dir='ltr'>δῶμα</span> <span class='ocrx_word' id='word_1_186' title='bbox 539 3213 803 3296; x_wconf 82' lang='grc' dir='ltr'>περιστεναχίζετο</span> <span class='ocrx_word' id='word_1_187' title='bbox 819 3209 934 3275; x_wconf 86' lang='grc' dir='ltr'>ποσσὶν</span> 
     </span>
    </p>

    <p class='ocr_par' dir='ltr' id='par_1_16' title="bbox 187 3308 916 3400">
     <span class='ocr_line' id='line_1_27' title="bbox 187 3308 916 3400; baseline -0.004 -19"><span class='ocrx_word' id='word_1_188' title='bbox 187 3320 302 3400; x_wconf 91' lang='grc' dir='ltr'>ἀνδρῶν</span> <span class='ocrx_word' id='word_1_189' title='bbox 317 3318 484 3394; x_wconf 77' lang='grc' dir='ltr'>παιζόντων</span> <span class='ocrx_word' id='word_1_190' title='bbox 500 3316 694 3393; x_wconf 80' lang='grc' dir='ltr'>καλλιζώνων</span> <span class='ocrx_word' id='word_1_191' title='bbox 708 3342 741 3379; x_wconf 91' lang='grc' dir='ltr'>τε</span> <span class='ocrx_word' id='word_1_192' title='bbox 756 3308 916 3398; x_wconf 84' lang='grc' dir='ltr'>γυναικῶν.</span> 
     </span>
    </p>

    <p class='ocr_par' dir='ltr' id='par_1_17' title="bbox 186 3419 907 3497">
     <span class='ocr_line' id='line_1_28' title="bbox 186 3419 907 3497; baseline -0.004 -13"><span class='ocrx_word' id='word_1_193' title='bbox 186 3424 243 3485; x_wconf 84' lang='grc' dir='ltr'>ῶδε</span> <span class='ocrx_word' id='word_1_194' title='bbox 259 3420 292 3484; x_wconf 82' lang='grc' dir='ltr'>δέ</span> <span class='ocrx_word' id='word_1_195' title='bbox 307 3446 352 3486; x_wconf 90' lang='grc' dir='ltr'>τις</span> <span class='ocrx_word' id='word_1_196' title='bbox 367 3421 491 3485; x_wconf 89' lang='grc' dir='ltr'>είπεσκε</span> <span class='ocrx_word' id='word_1_197' title='bbox 508 3420 606 3497; x_wconf 89' lang='grc' dir='ltr'>δόμων</span> <span class='ocrx_word' id='word_1_198' title='bbox 622 3421 766 3484; x_wconf 83' lang='grc' dir='ltr'>ἔκτοσθεν</span> <span class='ocrx_word' id='word_1_199' title='bbox 781 3419 907 3482; x_wconf 86' lang='grc' dir='ltr'>ἀκούων·</span> 
     </span>
    </p>

    <p class='ocr_par' dir='ltr' id='par_1_18' title="bbox 187 3523 971 3606">
     <span class='ocr_line' id='line_1_29' title="bbox 187 3523 971 3606; baseline 0.001 -19"><span class='ocrx_word' id='word_1_200' title='bbox 187 3523 234 3603; x_wconf 82' lang='grc' dir='ltr'>“ἡ</span> <span class='ocrx_word' id='word_1_201' title='bbox 248 3524 332 3604; x_wconf 84' lang='grc' dir='ltr'>μάλα</span> <span class='ocrx_word' id='word_1_202' title='bbox 349 3524 385 3602; x_wconf 85' lang='grc' dir='ltr'>δή</span> <span class='ocrx_word' id='word_1_203' title='bbox 400 3550 446 3590; x_wconf 92' lang='grc' dir='ltr'>τις</span> <span class='ocrx_word' id='word_1_204' title='bbox 462 3525 554 3606; x_wconf 85' lang='grc' dir='ltr'>ἔγημε</span> <span class='ocrx_word' id='word_1_205' title='bbox 569 3525 783 3602; x_wconf 86' lang='grc' dir='ltr'>πολυμνήστην</span> <span class='ocrx_word' id='word_1_206' title='bbox 797 3523 971 3603; x_wconf 84' lang='grc' dir='ltr'>βασίλειαν·</span> 
     </span>
    </p>

    <p class='ocr_par' dir='ltr' id='par_1_19' title="bbox 191 3626 845 3711">
     <span class='ocr_line' id='line_1_30' title="bbox 191 3626 845 3711; baseline -0.006 -19"><span class='ocrx_word' id='word_1_207' title='bbox 191 3629 328 3711; x_wconf 86' lang='grc' dir='ltr'>σχετλίη,</span> <span class='ocrx_word' id='word_1_208' title='bbox 345 3628 405 3690; x_wconf 82' lang='grc' dir='ltr'>οὐδ’</span> <span class='ocrx_word' id='word_1_209' title='bbox 421 3629 493 3708; x_wconf 90' lang='grc' dir='ltr'>ἔτλη</span> <span class='ocrx_word' id='word_1_210' title='bbox 510 3631 619 3692; x_wconf 89' lang='grc' dir='ltr'>πόσιος</span> <span class='ocrx_word' id='word_1_211' title='bbox 635 3626 669 3688; x_wconf 84' lang='grc' dir='ltr'>ού</span> <span class='ocrx_word' id='word_1_212' title='bbox 685 3626 845 3706; x_wconf 92' lang='grc' dir='ltr'>κουριδίοιο</span> 
     </span>
    </p>

    <p class='ocr_par' dir='ltr' id='par_1_20' title="bbox 187 3729 907 3812">
     <span class='ocr_line' id='line_1_31' title="bbox 187 3729 907 3812; baseline -0.007 -16"><span class='ocrx_word' id='word_1_213' title='bbox 187 3735 324 3811; x_wconf 84' lang='grc' dir='ltr'>εἴρυσθαι</span> <span class='ocrx_word' id='word_1_214' title='bbox 339 3731 418 3812; x_wconf 92' lang='grc' dir='ltr'>μέγα</span> <span class='ocrx_word' id='word_1_215' title='bbox 432 3737 515 3810; x_wconf 88' lang='grc' dir='ltr'>δῶμα</span> <span class='ocrx_word' id='word_1_216' title='bbox 530 3729 700 3811; x_wconf 83' lang='grc' dir='ltr'>διαμπερές,</span> <span class='ocrx_word' id='word_1_217' title='bbox 716 3729 770 3809; x_wconf 76' lang='grc' dir='ltr'>ἧος</span> <span class='ocrx_word' id='word_1_218' title='bbox 784 3729 907 3794; x_wconf 86' lang='grc' dir='ltr'>ίκοιτο.”</span> 
     </span>
    </p>
   </div>
   <div class='ocr_carea' id='block_1_6' title="bbox 0 0 1386 4228">
    <p class='ocr_par' dir='ltr' id='par_1_21' title="bbox 0 0 1386 4228">
     <span class='ocr_line' id='line_1_32' title="bbox 0 0 1386 4228; baseline 0 0"><span class='ocrx_word' id='word_1_219' title='bbox 0 0 1386 4228; x_wconf 95' lang='lat' dir='ltr'> </span> 
     </span>
    </p>
   </div>
  </div>
 </body>
</html>
