2792 4232
179 374 181 378 ,
242 331 305 395 322
354 271 356 276 ⁵
560 317 608 382 ιο.
631 320 801 380 ιοιοοον
826 319 867 380 11.

242 485 367 568 τεύχεσί
381 509 414 550 τε
429 483 482 564 ξὺν
497 487 574 552 πᾶσι
589 485 638 550 καὶ
654 483 841 568 ἀγχεμάχοις
856 483 1035 565 ἑτάροισιν.”

279 586 342 653 Ὣς
360 584 447 669 ἔφατ’
464 588 635 671 εὐχόμενος,
651 593 704 651 τοῦ
720 589 745 652 δ’
763 588 852 654 έκλυε
866 589 993 668 μητίετα
1009 587 1092 654 Ζεύς.

242 692 283 775 τῷ
299 688 324 754 δ’
341 691 444 771 έτερον
456 692 513 770 μὲν
529 690 620 755 ἔδωκε
635 688 742 772 πατήρ,
759 690 861 772 ἕτερον
876 688 903 753 δ’
915 688 1066 754 ἀνένευσε·
1142 715 1191 764 250

244 799 322 870 νηῶν
336 791 392 872 μέν
407 795 437 858 οἰ
453 793 635 860 ἀπόσασθαι
651 794 787 872 πόλεμόν
801 818 835 858 τε
849 792 951 876 μάχην
965 818 999 858 τε

244 901 329 969 δῶκε,
345 896 421 960 σόον
436 893 462 960 δ’
479 895 623 970 ἀνένευσε
636 895 736 982 μάχης
751 895 788 975 ἓξ
801 896 994 964 ἀπονέεσθαι.

243 1000 263 1080 ή
277 1025 323 1066 τοι
340 1003 356 1065 ό
373 1002 429 1081 μὲν
445 1002 576 1068 σπείσας
590 1027 624 1072 τε
639 1004 688 1072 καὶ
705 1000 865 1082 εὐξάμενος
880 1002 933 1065 Διὶ
948 1002 1039 1082 πατρὶ

243 1103 291 1186 ἀφ
306 1107 428 1185 κλισίην
444 1107 580 1184 εἰσῆλθε,
597 1103 689 1172 δέπας
704 1102 730 1169 δ’
747 1101 872 1184 ἀπέθηκ’
891 1106 936 1170 ένί
951 1106 1048 1188 χηλῷ,

245 1209 301 1283 στῆ
316 1209 349 1271 δὲ
363 1204 482 1290 πάροιθ’
498 1207 596 1276 ἐλθὸν
611 1207 741 1286 κλισίης,
759 1208 803 1271 ἔτι
818 1206 844 1272 δ’
860 1205 952 1286 ήθελε
972 1208 1053 1290 θυμῷ
1163 1231 1171 1242 ·

245 1309 386 1374 εἰσιδέειν
400 1309 512 1391 Τρώων
528 1310 576 1375 καί
591 1309 725 1393 Ἀχαιῶν
742 1310 876 1392 φύλοπιν
891 1308 987 1388 αἰνήν.

287 1414 328 1476 Οἱ
343 1408 369 1475 δ’
385 1411 446 1490 ἅμα
461 1412 628 1497 Πατρόκλῳ
643 1412 828 1495 μεγαλήτορι
844 1411 1048 1495 θωρηχθέντες

245 1518 379 1599 ἔστιχον,
396 1513 464 1595 ὄφρ’
481 1516 514 1578 ἓν
527 1516 631 1597 Τρωσί
645 1515 723 1599 μέγα
738 1515 917 1599 φρονέοντες
933 1517 1072 1597 ὄρουσαν.

246 1619 351 1683 αὐτίκα
366 1617 398 1682 δὲ
415 1614 590 1698 σφήκεσσιν
605 1618 736 1686 ἐοικότες
752 1617 911 1702 ἐξεχέοντο

246 1723 393 1796 εἰνοδίοις,
411 1719 461 1785 οδς
476 1723 580 1790 παῖδες,
597 1721 809 1802 ἐριδμαίνωσιν
825 1723 953 1800 ἔθοντες,

246 1827 304 1892 αἰεὶ
320 1824 537 1908 κερτομέοντες,
553 1828 610 1910 όδῷ
628 1824 678 1890 ἔπι
693 1823 766 1890 οἰκί’
783 1824 917 1907 ἔχοντας,

247 1926 400 2008 νηπίαχοι·
424 1922 512 2004 ξυνδν
528 1925 560 1988 δὲ
576 1923 667 1989 κακῶν
681 1922 831 1991 πολέεσσι
847 1928 967 1989 τιθεῖσι.

246 2027 315 2094 τοὺς
329 2025 356 2091 δ’
373 2029 470 2109 εἰπερ
486 2024 567 2108 παρά
581 2027 626 2093 τίς
644 2049 676 2091 τε
692 2027 763 2092 κιδν
778 2026 933 2108 ἄνθρωπος
949 2025 1049 2104 ὁδίτης

247 2127 355 2217 κινήσῃ
371 2127 475 2208 ἀέκων,
491 2131 520 2194 οἱ
535 2125 561 2194 δ’
577 2128 706 2207 ἄλκιμον
721 2127 792 2210 ἦτορ
809 2128 933 2210 ἔχοντες

247 2233 374 2315 πρόσσω
390 2236 447 2298 πῶς
462 2230 584 2300 πέτεται
600 2232 649 2300 καί
665 2231 769 2309 ἀμύνει
784 2232 849 2295 οἰσι
864 2229 998 2294 τέκεσσι.

247 2340 306 2398 τῶν
321 2334 390 2397 τότε
405 2335 594 2415 Μυρμιδόνες
610 2334 732 2415 κραδίην
748 2334 797 2396 καί
813 2332 906 2413 θυμὸν
921 2332 1043 2414 ἔχοντες

248 2439 280 2500 ἐκ
297 2442 375 2516 νηῶν
391 2434 523 2520 ἐχέοντο·
545 2435 607 2516 βοὴ
623 2433 649 2500 δ’
666 2435 822 2515 ἄσβεστος
837 2435 952 2518 ἀρόρει.

249 2538 425 2619 Πάτροκλος
441 2535 467 2601 δ’
484 2537 637 2620 ἑτάροισιν
652 2537 793 2605 ἐκέκλετο
807 2537 921 2620 μακρὸν
936 2534 1041 2609 ἀΰσας·

249 2651 269 2676 “
279 2641 476 2722 Μυρμιδόνες,
493 2641 593 2723 ἕταροι
611 2639 793 2722 Πηληϊάδεω
810 2638 965 2726 Ἀχιλῆος,
1023 2643 1025 2650 ⁴

249 2742 352 2824 ἀνέρες
367 2743 447 2817 έστε,
464 2745 560 2824 φίλοι,
575 2741 734 2822 μνήσασθε
749 2746 782 2808 δὲ
798 2744 932 2826 θούριδος
952 2745 1055 2821 ἀλκῆς,

250 2847 288 2912 ῶς
304 2845 340 2910 ἀν
356 2845 512 2927 Πηλεΐδην
526 2845 703 2926 τιμήσομεν,
719 2845 752 2914 δς
766 2844 835 2930 μέγ’
850 2846 973 2929 ἀριστος
1103 2913 1106 2920 ,

249 2946 394 3030 Ἀργείων
409 2952 490 3032 παρὰ
505 2950 594 3028 νηυσὶ
610 2949 659 3012 καὶ
674 2948 845 3033 ἀγχέμαχοι
861 2949 1051 3032 θεράποντες,

248 3054 310 3137 γνῷ
326 3054 359 3114 δὲ
375 3052 423 3114 καὶ
437 3050 593 3134 Ἀτρείδης
609 3053 784 3134 εὐρυκρείων
799 3051 996 3136 Ἀγαμέμνων

249 3151 288 3230 ἣν
303 3150 386 3229 ἀτην,
403 3151 421 3216 ό
435 3147 462 3214 τ’
477 3152 602 3234 ἀριστον
616 3149 750 3238 Ἀχαιῶν
766 3152 851 3218 οὐδὲν
867 3148 995 3218 έτισεν.”

285 3250 348 3317 Ὧς
364 3252 456 3316 εἰπὼν
472 3252 582 3334 ῶτρννε
596 3251 687 3332 μένος
702 3255 751 3317 καὶ
767 3255 861 3336 θυμδν
876 3254 1014 3328 ἑκάστου,

250 3357 284 3419 έν
298 3351 325 3417 δ’
341 3354 452 3418 ἔπεσον
465 3355 625 3437 Τρώεσσιν
641 3356 777 3424 ἀολλέες·
801 3359 878 3440 ἀμφὶ
893 3360 925 3422 δὲ
940 3361 1009 3436 νῆες

250 3458 436 3537 σμερδαλέον
452 3455 629 3537 κονάβησαν
644 3457 801 3524 ἀϋσάντων
814 3457 864 3524 ὑπ’
878 3460 1021 3542 Ἀχαιῶν.

291 3564 392 3641 Τρῶες
411 3556 437 3622 δ’
453 3558 492 3624 ῶς
508 3562 623 3623 εἴδοντο
638 3563 801 3626 Μενοιτίου
816 3562 945 3642 ἀλκιμον
960 3565 1034 3640 υἱόν,

249 3666 340 3730 αὐτὸν
356 3665 403 3731 καὶ
419 3661 596 3747 θεράποντα,
613 3666 669 3730 σὺν
687 3667 787 3734 έντεσι
800 3670 1030 3751 μαομαίροντας.
