<?xml version="1.0" encoding="UTF-8"?>
<!DOCTYPE html PUBLIC "-//W3C//DTD XHTML 1.0 Transitional//EN"
    "http://www.w3.org/TR/xhtml1/DTD/xhtml1-transitional.dtd">
<html xmlns="http://www.w3.org/1999/xhtml" xml:lang="en" lang="en">
 <head>
  <title>
</title>
<meta http-equiv="Content-Type" content="text/html;charset=utf-8" />
  <meta name='ocr-system' content='tesseract 3.04.00' />
  <meta name='ocr-capabilities' content='ocr_page ocr_carea ocr_par ocr_line ocrx_word'/>
</head>
<body>
  <div class='ocr_page' id='page_1' title='image "./homerioperaetre00homegoog_0120.png"; bbox 0 0 2728 4230; ppageno 0'>
   <div class='ocr_carea' id='block_1_1' title="bbox 258 293 867 374">
    <p class='ocr_par' dir='ltr' id='par_1_1' title="bbox 258 293 867 374">
     <span class='ocr_line' id='line_1_1' title="bbox 258 293 867 374; baseline 0.003 -22"><span class='ocrx_word' id='word_1_1' title='bbox 258 308 319 369; x_wconf 88' lang='lat'>104</span> <span class='ocrx_word' id='word_1_2' title='bbox 585 297 615 374; x_wconf 84' lang='lat'>5.</span> <span class='ocrx_word' id='word_1_3' title='bbox 638 293 808 355; x_wconf 77' lang='lat' dir='ltr'>1A1AA02</span> <span class='ocrx_word' id='word_1_4' title='bbox 832 295 867 354; x_wconf 79' lang='grc' dir='ltr'>υ.</span> 
     </span>
    </p>
   </div>
   <div class='ocr_carea' id='block_1_2' title="bbox 245 457 1147 3738">
    <p class='ocr_par' dir='ltr' id='par_1_2' title="bbox 245 457 1147 3738">
     <span class='ocr_line' id='line_1_2' title="bbox 256 457 923 544; baseline 0.004 -20"><span class='ocrx_word' id='word_1_5' title='bbox 256 463 336 527; x_wconf 82' lang='grc' dir='ltr'>αδτις</span> <span class='ocrx_word' id='word_1_6' title='bbox 351 457 378 526; x_wconf 91' lang='grc' dir='ltr'>δ’</span> <span class='ocrx_word' id='word_1_7' title='bbox 394 459 555 541; x_wconf 74' lang='grc' dir='ltr'>ἐμπνύνθη,</span> <span class='ocrx_word' id='word_1_8' title='bbox 572 462 640 542; x_wconf 80' lang='grc' dir='ltr'>περὶ</span> <span class='ocrx_word' id='word_1_9' title='bbox 655 464 688 526; x_wconf 78' lang='grc' dir='ltr'>δὲ</span> <span class='ocrx_word' id='word_1_10' title='bbox 704 462 793 543; x_wconf 78' lang='grc' dir='ltr'>πνοιὴ</span> <span class='ocrx_word' id='word_1_11' title='bbox 809 461 923 544; x_wconf 92' lang='grc' dir='ltr'>Βορέαο</span> 
     </span>
     <span class='ocr_line' id='line_1_3' title="bbox 256 564 994 647; baseline 0.004 -20"><span class='ocrx_word' id='word_1_12' title='bbox 256 566 361 647; x_wconf 79' lang='grc' dir='ltr'>ζώγρει</span> <span class='ocrx_word' id='word_1_13' title='bbox 377 564 574 629; x_wconf 76' lang='grc' dir='ltr'>ἐπιπνείουσα</span> <span class='ocrx_word' id='word_1_14' title='bbox 590 571 686 631; x_wconf 80' lang='grc' dir='ltr'>κακῶς</span> <span class='ocrx_word' id='word_1_15' title='bbox 703 566 876 647; x_wconf 79' lang='grc' dir='ltr'>κεκαφηότα</span> <span class='ocrx_word' id='word_1_16' title='bbox 891 565 994 646; x_wconf 90' lang='grc' dir='ltr'>θυμόν.</span> 
     </span>
     <span class='ocr_line' id='line_1_4' title="bbox 298 663 1083 756; baseline 0.005 -27"><span class='ocrx_word' id='word_1_17' title='bbox 298 665 429 750; x_wconf 86' lang='grc' dir='ltr'>Ἀργεῖοι</span> <span class='ocrx_word' id='word_1_18' title='bbox 445 664 471 730; x_wconf 91' lang='grc' dir='ltr'>δ’</span> <span class='ocrx_word' id='word_1_19' title='bbox 486 663 536 730; x_wconf 83' lang='grc' dir='ltr'>ὑπ’</span> <span class='ocrx_word' id='word_1_20' title='bbox 548 665 639 747; x_wconf 84' lang='grc' dir='ltr'>Ἀρηῖ</span> <span class='ocrx_word' id='word_1_21' title='bbox 654 669 703 731; x_wconf 80' lang='grc' dir='ltr'>καὶ</span> <span class='ocrx_word' id='word_1_22' title='bbox 714 666 839 750; x_wconf 85' lang='grc' dir='ltr'>Ἕκτορι</span> <span class='ocrx_word' id='word_1_23' title='bbox 853 670 1083 756; x_wconf 76' lang='grc' dir='ltr'>χαλκοκορυστῇ</span> 
     </span>
     <span class='ocr_line' id='line_1_5' title="bbox 255 768 976 852; baseline 0.003 -18"><span class='ocrx_word' id='word_1_24' title='bbox 255 771 322 834; x_wconf 87' lang='grc' dir='ltr'>ούτε</span> <span class='ocrx_word' id='word_1_25' title='bbox 337 771 411 834; x_wconf 81' lang='grc' dir='ltr'>τοτὲ</span> <span class='ocrx_word' id='word_1_26' title='bbox 426 768 629 851; x_wconf 79' lang='grc' dir='ltr'>προτρέποντο</span> <span class='ocrx_word' id='word_1_27' title='bbox 643 770 816 850; x_wconf 81' lang='grc' dir='ltr'>μελαινάων</span> <span class='ocrx_word' id='word_1_28' title='bbox 832 773 882 836; x_wconf 87' lang='grc' dir='ltr'>ἐπὶ</span> <span class='ocrx_word' id='word_1_29' title='bbox 897 779 976 852; x_wconf 80' lang='grc' dir='ltr'>νηῶν</span> 
     </span>
     <span class='ocr_line' id='line_1_6' title="bbox 255 871 1029 959; baseline 0 -22"><span class='ocrx_word' id='word_1_30' title='bbox 255 875 321 938; x_wconf 82' lang='grc' dir='ltr'>οὔτε</span> <span class='ocrx_word' id='word_1_31' title='bbox 336 872 402 936; x_wconf 90' lang='grc' dir='ltr'>ποτ’</span> <span class='ocrx_word' id='word_1_32' title='bbox 418 871 617 954; x_wconf 81' lang='grc' dir='ltr'>ἀντεφέροντο</span> <span class='ocrx_word' id='word_1_33' title='bbox 633 873 725 959; x_wconf 84' lang='grc' dir='ltr'>μάχῃ,</span> <span class='ocrx_word' id='word_1_34' title='bbox 743 874 811 936; x_wconf 85' lang='grc' dir='ltr'>ἀλλ’</span> <span class='ocrx_word' id='word_1_35' title='bbox 830 876 895 939; x_wconf 76' lang='grc' dir='ltr'>αἰὲν</span> <span class='ocrx_word' id='word_1_36' title='bbox 910 876 1029 938; x_wconf 84' lang='grc' dir='ltr'>ὀπίσσω</span> 
     </span>
     <span class='ocr_line' id='line_1_7' title="bbox 253 976 985 1061; baseline 0.001 -21"><span class='ocrx_word' id='word_1_37' title='bbox 253 976 384 1060; x_wconf 79' lang='grc' dir='ltr'>χάζονθ’,</span> <span class='ocrx_word' id='word_1_38' title='bbox 401 976 440 1042; x_wconf 83' lang='grc' dir='ltr'>ὡς</span> <span class='ocrx_word' id='word_1_39' title='bbox 456 977 601 1041; x_wconf 85' lang='grc' dir='ltr'>ἐπύθοντο</span> <span class='ocrx_word' id='word_1_40' title='bbox 616 977 692 1057; x_wconf 82' lang='grc' dir='ltr'>μετὰ</span> <span class='ocrx_word' id='word_1_41' title='bbox 706 978 867 1059; x_wconf 77' lang='grc' dir='ltr'>Τρώεσσιν</span> <span class='ocrx_word' id='word_1_42' title='bbox 879 977 985 1061; x_wconf 89' lang='grc' dir='ltr'>Ἀρηα.</span> 
     </span>
     <span class='ocr_line' id='line_1_8' title="bbox 294 1079 1070 1161; baseline 0.005 -20"><span class='ocrx_word' id='word_1_43' title='bbox 294 1079 390 1144; x_wconf 86' lang='grc' dir='ltr'>Ἔνθα</span> <span class='ocrx_word' id='word_1_44' title='bbox 403 1081 472 1145; x_wconf 88' lang='grc' dir='ltr'>τίνα</span> <span class='ocrx_word' id='word_1_45' title='bbox 486 1085 611 1161; x_wconf 77' lang='grc' dir='ltr'>πρῶτον,</span> <span class='ocrx_word' id='word_1_46' title='bbox 627 1081 695 1145; x_wconf 92' lang='grc' dir='ltr'>τίνα</span> <span class='ocrx_word' id='word_1_47' title='bbox 709 1080 734 1144; x_wconf 91' lang='grc' dir='ltr'>δ’</span> <span class='ocrx_word' id='word_1_48' title='bbox 750 1083 881 1144; x_wconf 81' lang='grc' dir='ltr'>ὕστατον</span> <span class='ocrx_word' id='word_1_49' title='bbox 895 1079 1070 1161; x_wconf 74' lang='grc' dir='ltr'>ἐξενάριξαν</span> 
     </span>
     <span class='ocr_line' id='line_1_9' title="bbox 250 1180 999 1266; baseline 0.007 -22"><span class='ocrx_word' id='word_1_50' title='bbox 250 1183 367 1264; x_wconf 87' lang='grc' dir='ltr'>Ἕκτωρ</span> <span class='ocrx_word' id='word_1_51' title='bbox 382 1208 415 1247; x_wconf 90' lang='grc' dir='ltr'>τε</span> <span class='ocrx_word' id='word_1_52' title='bbox 430 1181 580 1263; x_wconf 88' lang='grc' dir='ltr'>Πριάμοιο</span> <span class='ocrx_word' id='word_1_53' title='bbox 594 1180 665 1250; x_wconf 82' lang='grc' dir='ltr'>πάϊς</span> <span class='ocrx_word' id='word_1_54' title='bbox 681 1183 729 1247; x_wconf 79' lang='grc' dir='ltr'>καὶ</span> <span class='ocrx_word' id='word_1_55' title='bbox 744 1183 874 1266; x_wconf 90' lang='grc' dir='ltr'>χάλκεος</span> <span class='ocrx_word' id='word_1_56' title='bbox 885 1183 999 1265; x_wconf 70' lang='grc' dir='ltr'>Ἀρηςτ</span> 
     </span>
     <span class='ocr_line' id='line_1_10' title="bbox 254 1285 1056 1369; baseline 0 -19"><span class='ocrx_word' id='word_1_57' title='bbox 254 1289 392 1352; x_wconf 88' lang='grc' dir='ltr'>ἀντίθεον</span> <span class='ocrx_word' id='word_1_58' title='bbox 405 1285 578 1367; x_wconf 78' lang='grc' dir='ltr'>Τεύθραντ’,</span> <span class='ocrx_word' id='word_1_59' title='bbox 594 1287 644 1350; x_wconf 83' lang='grc' dir='ltr'>ἐπὶ</span> <span class='ocrx_word' id='word_1_60' title='bbox 660 1289 693 1350; x_wconf 76' lang='grc' dir='ltr'>δὲ</span> <span class='ocrx_word' id='word_1_61' title='bbox 707 1285 885 1365; x_wconf 78' lang='grc' dir='ltr'>πλήξιππον</span> <span class='ocrx_word' id='word_1_62' title='bbox 897 1286 1056 1369; x_wconf 79' lang='grc' dir='ltr'>Ὀρέστην,</span> 
     </span>
     <span class='ocr_line' id='line_1_11' title="bbox 253 1387 970 1471; baseline 0.001 -20"><span class='ocrx_word' id='word_1_63' title='bbox 253 1390 374 1471; x_wconf 80' lang='grc' dir='ltr'>Τρῆχόν</span> <span class='ocrx_word' id='word_1_64' title='bbox 388 1387 413 1450; x_wconf 93' lang='grc' dir='ltr'>τ’</span> <span class='ocrx_word' id='word_1_65' title='bbox 430 1388 578 1470; x_wconf 74' lang='grc' dir='ltr'>αἰχμητὴν</span> <span class='ocrx_word' id='word_1_66' title='bbox 594 1389 744 1454; x_wconf 76' lang='grc' dir='ltr'>Αἰτώλιον</span> <span class='ocrx_word' id='word_1_67' title='bbox 760 1390 914 1468; x_wconf 82' lang='grc' dir='ltr'>Οἰνόμαόν</span> <span class='ocrx_word' id='word_1_68' title='bbox 927 1415 970 1462; x_wconf 91' lang='grc' dir='ltr'>τε,</span> 
     </span>
     <span class='ocr_line' id='line_1_12' title="bbox 253 1489 1065 1574; baseline 0.002 -20"><span class='ocrx_word' id='word_1_69' title='bbox 253 1493 419 1571; x_wconf 82' lang='grc' dir='ltr'>Οἰνοπίδην</span> <span class='ocrx_word' id='word_1_70' title='bbox 435 1491 460 1553; x_wconf 90' lang='grc' dir='ltr'>θ’</span> <span class='ocrx_word' id='word_1_71' title='bbox 472 1489 604 1555; x_wconf 87' lang='grc' dir='ltr'>Ἕλενον</span> <span class='ocrx_word' id='word_1_72' title='bbox 618 1493 667 1555; x_wconf 84' lang='grc' dir='ltr'>καὶ</span> <span class='ocrx_word' id='word_1_73' title='bbox 680 1491 849 1573; x_wconf 81' lang='grc' dir='ltr'>Ὀρέσβιον</span> <span class='ocrx_word' id='word_1_74' title='bbox 863 1493 1065 1574; x_wconf 81' lang='grc' dir='ltr'>αἰολομίτρην,</span> 
     </span>
     <span class='ocr_line' id='line_1_13' title="bbox 253 1593 1027 1680; baseline 0.005 -23"><span class='ocrx_word' id='word_1_75' title='bbox 253 1597 286 1661; x_wconf 86' lang='grc' dir='ltr'>ὅς</span> <span class='ocrx_word' id='word_1_76' title='bbox 300 1596 331 1677; x_wconf 81' lang='grc' dir='ltr'>ῤ’</span> <span class='ocrx_word' id='word_1_77' title='bbox 348 1597 381 1661; x_wconf 90' lang='grc' dir='ltr'>ἐν</span> <span class='ocrx_word' id='word_1_78' title='bbox 392 1593 472 1680; x_wconf 75' lang='grc' dir='ltr'>Ὕλῃ</span> <span class='ocrx_word' id='word_1_79' title='bbox 488 1596 610 1660; x_wconf 85' lang='grc' dir='ltr'>ναίεσκε</span> <span class='ocrx_word' id='word_1_80' title='bbox 624 1593 703 1675; x_wconf 86' lang='grc' dir='ltr'>μέγα</span> <span class='ocrx_word' id='word_1_81' title='bbox 718 1596 863 1659; x_wconf 84' lang='grc' dir='ltr'>πλούτοιο</span> <span class='ocrx_word' id='word_1_82' title='bbox 877 1597 1027 1676; x_wconf 78' lang='grc' dir='ltr'>μεμηλώς,</span> 
     </span>
     <span class='ocr_line' id='line_1_14' title="bbox 252 1695 993 1784; baseline -0.001 -23"><span class='ocrx_word' id='word_1_83' title='bbox 252 1699 343 1784; x_wconf 83' lang='grc' dir='ltr'>λίμνη</span> <span class='ocrx_word' id='word_1_84' title='bbox 359 1695 533 1779; x_wconf 89' lang='grc' dir='ltr'>κεκλιμένος</span> <span class='ocrx_word' id='word_1_85' title='bbox 550 1699 709 1778; x_wconf 79' lang='grc' dir='ltr'>Κηφισίδι·</span> <span class='ocrx_word' id='word_1_86' title='bbox 731 1698 792 1780; x_wconf 86' lang='grc' dir='ltr'>πὰρ</span> <span class='ocrx_word' id='word_1_87' title='bbox 807 1697 841 1762; x_wconf 91' lang='grc' dir='ltr'>δέ</span> <span class='ocrx_word' id='word_1_88' title='bbox 856 1700 886 1762; x_wconf 88' lang='grc' dir='ltr'>οί</span> <span class='ocrx_word' id='word_1_89' title='bbox 901 1699 993 1762; x_wconf 83' lang='grc' dir='ltr'>ἄλλοι</span> 
     </span>
     <span class='ocr_line' id='line_1_15' title="bbox 252 1801 937 1883; baseline -0.003 -17"><span class='ocrx_word' id='word_1_90' title='bbox 252 1806 337 1866; x_wconf 83' lang='grc' dir='ltr'>ναῖον</span> <span class='ocrx_word' id='word_1_91' title='bbox 352 1802 479 1865; x_wconf 84' lang='grc' dir='ltr'>Βοιωτοὶ</span> <span class='ocrx_word' id='word_1_92' title='bbox 492 1801 577 1881; x_wconf 88' lang='grc' dir='ltr'>μάλα</span> <span class='ocrx_word' id='word_1_93' title='bbox 591 1803 682 1866; x_wconf 91' lang='grc' dir='ltr'>πίονα</span> <span class='ocrx_word' id='word_1_94' title='bbox 697 1804 790 1881; x_wconf 85' lang='grc' dir='ltr'>δῆμον</span> <span class='ocrx_word' id='word_1_95' title='bbox 806 1801 937 1883; x_wconf 84' lang='grc' dir='ltr'>ἔχοντες.</span> 
     </span>
     <span class='ocr_line' id='line_1_16' title="bbox 294 1901 1023 1984; baseline -0.001 -18"><span class='ocrx_word' id='word_1_96' title='bbox 294 1901 372 1970; x_wconf 82' lang='grc' dir='ltr'>Τοὺς</span> <span class='ocrx_word' id='word_1_97' title='bbox 386 1906 412 1968; x_wconf 87' lang='grc' dir='ltr'>δ’</span> <span class='ocrx_word' id='word_1_98' title='bbox 428 1905 467 1970; x_wconf 78' lang='grc' dir='ltr'>ὥς</span> <span class='ocrx_word' id='word_1_99' title='bbox 482 1905 535 1968; x_wconf 77' lang='grc' dir='ltr'>οὖν</span> <span class='ocrx_word' id='word_1_100' title='bbox 550 1904 659 1983; x_wconf 88' lang='grc' dir='ltr'>ἐνόησε</span> <span class='ocrx_word' id='word_1_101' title='bbox 675 1907 729 1968; x_wconf 82' lang='grc' dir='ltr'>θεὰ</span> <span class='ocrx_word' id='word_1_102' title='bbox 744 1903 930 1970; x_wconf 89' lang='grc' dir='ltr'>λευκώλενος</span> <span class='ocrx_word' id='word_1_103' title='bbox 941 1902 1023 1984; x_wconf 88' lang='grc' dir='ltr'>Ἥρη</span> 
     </span>
     <span class='ocr_line' id='line_1_17' title="bbox 250 2007 917 2094; baseline -0.001 -24"><span class='ocrx_word' id='word_1_104' title='bbox 250 2007 406 2090; x_wconf 84' lang='grc' dir='ltr'>Ἀργείους</span> <span class='ocrx_word' id='word_1_105' title='bbox 421 2007 582 2074; x_wconf 88' lang='grc' dir='ltr'>ὀλέκοντας</span> <span class='ocrx_word' id='word_1_106' title='bbox 598 2007 642 2070; x_wconf 80' lang='grc' dir='ltr'>ἐνὶ</span> <span class='ocrx_word' id='word_1_107' title='bbox 658 2007 782 2094; x_wconf 80' lang='grc' dir='ltr'>κρατερῇ</span> <span class='ocrx_word' id='word_1_108' title='bbox 798 2007 917 2093; x_wconf 79' lang='grc' dir='ltr'>ὑσμίνη,</span> 
     </span>
     <span class='ocr_line' id='line_1_18' title="bbox 252 2110 971 2192; baseline 0.003 -19"><span class='ocrx_word' id='word_1_109' title='bbox 252 2111 344 2174; x_wconf 79' lang='grc' dir='ltr'>αὐτίκ’</span> <span class='ocrx_word' id='word_1_110' title='bbox 358 2110 524 2190; x_wconf 86' lang='grc' dir='ltr'>Ἀθηναίην</span> <span class='ocrx_word' id='word_1_111' title='bbox 540 2111 614 2175; x_wconf 82' lang='grc' dir='ltr'>ἔπεα</span> <span class='ocrx_word' id='word_1_112' title='bbox 628 2111 792 2191; x_wconf 90' lang='grc' dir='ltr'>πτερόεντα</span> <span class='ocrx_word' id='word_1_113' title='bbox 806 2111 971 2192; x_wconf 84' lang='grc' dir='ltr'>προσηύδα·</span> 
     </span>
     <span class='ocr_line' id='line_1_19' title="bbox 252 2212 983 2298; baseline -0.004 -18"><span class='ocrx_word' id='word_1_114' title='bbox 252 2214 304 2280; x_wconf 81' lang='grc' dir='ltr'>“ὢ</span> <span class='ocrx_word' id='word_1_115' title='bbox 319 2216 422 2288; x_wconf 87' lang='grc' dir='ltr'>πόποι,</span> <span class='ocrx_word' id='word_1_116' title='bbox 439 2216 589 2298; x_wconf 77' lang='grc' dir='ltr'>αἰγιόχοιο</span> <span class='ocrx_word' id='word_1_117' title='bbox 606 2214 681 2280; x_wconf 86' lang='grc' dir='ltr'>Διὸς</span> <span class='ocrx_word' id='word_1_118' title='bbox 695 2212 789 2292; x_wconf 87' lang='grc' dir='ltr'>τέκος,</span> <span class='ocrx_word' id='word_1_119' title='bbox 803 2214 983 2296; x_wconf 88' lang='grc' dir='ltr'>Ἀτρυτώνη,</span> 
     </span>
     <span class='ocr_line' id='line_1_20' title="bbox 251 2315 955 2402; baseline -0.003 -21"><span class='ocrx_word' id='word_1_120' title='bbox 251 2318 270 2397; x_wconf 81' lang='grc' dir='ltr'><em>ἦ</em></span> <span class='ocrx_word' id='word_1_121' title='bbox 284 2317 314 2400; x_wconf 81' lang='grc' dir='ltr'>ῥ’</span> <span class='ocrx_word' id='word_1_122' title='bbox 331 2318 420 2383; x_wconf 79' lang='grc' dir='ltr'>ἅλιον</span> <span class='ocrx_word' id='word_1_123' title='bbox 435 2318 488 2382; x_wconf 90' lang='grc' dir='ltr'>τὸν</span> <span class='ocrx_word' id='word_1_124' title='bbox 501 2321 596 2396; x_wconf 81' lang='grc' dir='ltr'>μῦθον</span> <span class='ocrx_word' id='word_1_125' title='bbox 610 2315 782 2396; x_wconf 83' lang='grc' dir='ltr'>ὑπέστημεν</span> <span class='ocrx_word' id='word_1_126' title='bbox 797 2315 955 2402; x_wconf 76' lang='grc' dir='ltr'>Μενελάῳ,</span> 
     </span>
     <span class='ocr_line' id='line_1_21' title="bbox 248 2417 911 2503; baseline 0.002 -21"><span class='ocrx_word' id='word_1_127' title='bbox 248 2421 345 2485; x_wconf 88' lang='grc' dir='ltr'>Ἴλιον</span> <span class='ocrx_word' id='word_1_128' title='bbox 359 2418 534 2503; x_wconf 87' lang='grc' dir='ltr'>ἐκπέρσαντ’</span> <span class='ocrx_word' id='word_1_129' title='bbox 552 2419 704 2501; x_wconf 82' lang='grc' dir='ltr'>εὐτείχεον</span> <span class='ocrx_word' id='word_1_130' title='bbox 719 2417 911 2492; x_wconf 91' lang='grc' dir='ltr'>ἀπονέεσθαι,</span> 
     </span>
     <span class='ocr_line' id='line_1_22' title="bbox 252 2520 919 2605; baseline 0 -18"><span class='ocrx_word' id='word_1_131' title='bbox 252 2526 278 2587; x_wconf 82' lang='grc' dir='ltr'>εἰ</span> <span class='ocrx_word' id='word_1_132' title='bbox 294 2525 369 2587; x_wconf 86' lang='grc' dir='ltr'>ούτω</span> <span class='ocrx_word' id='word_1_133' title='bbox 384 2525 545 2605; x_wconf 88' lang='grc' dir='ltr'>μαίνεσθαι</span> <span class='ocrx_word' id='word_1_134' title='bbox 560 2520 692 2599; x_wconf 87' lang='grc' dir='ltr'>ἐάσομεν</span> <span class='ocrx_word' id='word_1_135' title='bbox 708 2521 800 2586; x_wconf 79' lang='grc' dir='ltr'>οὖλον</span> <span class='ocrx_word' id='word_1_136' title='bbox 811 2520 919 2604; x_wconf 89' lang='grc' dir='ltr'>Ἀρηα.</span> 
     </span>
     <span class='ocr_line' id='line_1_23' title="bbox 251 2624 1147 2709; baseline 0.004 -20"><span class='ocrx_word' id='word_1_137' title='bbox 251 2625 320 2690; x_wconf 86' lang='grc' dir='ltr'>ἀλλ’</span> <span class='ocrx_word' id='word_1_138' title='bbox 337 2627 393 2709; x_wconf 88' lang='grc' dir='ltr'>άγε</span> <span class='ocrx_word' id='word_1_139' title='bbox 408 2626 443 2706; x_wconf 75' lang='grc' dir='ltr'>δὴ</span> <span class='ocrx_word' id='word_1_140' title='bbox 461 2627 510 2688; x_wconf 83' lang='grc' dir='ltr'>καὶ</span> <span class='ocrx_word' id='word_1_141' title='bbox 525 2631 579 2688; x_wconf 80' lang='grc' dir='ltr'>νῶϊ</span> <span class='ocrx_word' id='word_1_142' title='bbox 594 2625 751 2706; x_wconf 89' lang='grc' dir='ltr'>μεδώμεθα</span> <span class='ocrx_word' id='word_1_143' title='bbox 766 2624 901 2706; x_wconf 90' lang='grc' dir='ltr'>θούριδος</span> <span class='ocrx_word' id='word_1_144' title='bbox 917 2624 1040 2703; x_wconf 80' lang='grc' dir='ltr'>ὀλκῆς.”</span> <span class='ocrx_word' id='word_1_145' title='bbox 1144 2653 1147 2658; x_wconf 94' lang='grc'>·</span> 
     </span>
     <span class='ocr_line' id='line_1_24' title="bbox 287 2725 1082 2814; baseline 0.004 -23"><span class='ocrx_word' id='word_1_146' title='bbox 287 2728 349 2796; x_wconf 82' lang='grc' dir='ltr'>Ὣς</span> <span class='ocrx_word' id='word_1_147' title='bbox 365 2725 462 2810; x_wconf 82' lang='grc' dir='ltr'>ἔφατ’,</span> <span class='ocrx_word' id='word_1_148' title='bbox 478 2727 538 2791; x_wconf 83' lang='grc' dir='ltr'>οόδ’</span> <span class='ocrx_word' id='word_1_149' title='bbox 556 2729 687 2806; x_wconf 81' lang='grc' dir='ltr'>ἀπίθησε</span> <span class='ocrx_word' id='word_1_150' title='bbox 702 2730 757 2792; x_wconf 84' lang='grc' dir='ltr'>θεδ</span> <span class='ocrx_word' id='word_1_151' title='bbox 771 2734 944 2814; x_wconf 79' lang='grc' dir='ltr'>γλαυκῶπις</span> <span class='ocrx_word' id='word_1_152' title='bbox 957 2728 1082 2810; x_wconf 79' lang='grc' dir='ltr'>Ἀθήνη.</span> 
     </span>
     <span class='ocr_line' id='line_1_25' title="bbox 248 2828 1010 2914; baseline 0.007 -20"><span class='ocrx_word' id='word_1_153' title='bbox 248 2832 268 2911; x_wconf 82' lang='grc' dir='ltr'><em>ἡ</em></span> <span class='ocrx_word' id='word_1_154' title='bbox 283 2833 339 2910; x_wconf 80' lang='grc' dir='ltr'>μὲν</span> <span class='ocrx_word' id='word_1_155' title='bbox 354 2828 536 2914; x_wconf 87' lang='grc' dir='ltr'>ἐποιχομένη</span> <span class='ocrx_word' id='word_1_156' title='bbox 551 2829 769 2913; x_wconf 88' lang='grc' dir='ltr'>χρυσάμπυκας</span> <span class='ocrx_word' id='word_1_157' title='bbox 784 2831 886 2897; x_wconf 83' lang='grc' dir='ltr'>ἔντυεν</span> <span class='ocrx_word' id='word_1_158' title='bbox 900 2834 1010 2900; x_wconf 79' lang='grc' dir='ltr'>ἵππους</span> 
     </span>
     <span class='ocr_line' id='line_1_26' title="bbox 245 2931 1021 3017; baseline 0.004 -21"><span class='ocrx_word' id='word_1_159' title='bbox 245 2933 337 3016; x_wconf 86' lang='grc' dir='ltr'>Ἥρη,</span> <span class='ocrx_word' id='word_1_160' title='bbox 353 2933 477 3016; x_wconf 90' lang='grc' dir='ltr'>πρέσβα</span> <span class='ocrx_word' id='word_1_161' title='bbox 493 2931 557 3010; x_wconf 90' lang='grc' dir='ltr'>θεά,</span> <span class='ocrx_word' id='word_1_162' title='bbox 574 2931 704 3017; x_wconf 87' lang='grc' dir='ltr'>θυγάτηρ</span> <span class='ocrx_word' id='word_1_163' title='bbox 719 2933 867 3016; x_wconf 88' lang='grc' dir='ltr'>μεγάλοιο</span> <span class='ocrx_word' id='word_1_164' title='bbox 882 2937 1021 3017; x_wconf 84' lang='grc' dir='ltr'>Κρόνοιο·</span> 
     </span>
     <span class='ocr_line' id='line_1_27' title="bbox 245 3034 1075 3119; baseline 0.005 -20"><span class='ocrx_word' id='word_1_165' title='bbox 245 3035 334 3117; x_wconf 88' lang='grc' dir='ltr'>Ἥβη</span> <span class='ocrx_word' id='word_1_166' title='bbox 351 3035 377 3100; x_wconf 90' lang='grc' dir='ltr'>δ’</span> <span class='ocrx_word' id='word_1_167' title='bbox 393 3035 469 3118; x_wconf 86' lang='grc' dir='ltr'>ἀμφ’</span> <span class='ocrx_word' id='word_1_168' title='bbox 484 3036 612 3119; x_wconf 85' lang='grc' dir='ltr'>ὀχέεσσι</span> <span class='ocrx_word' id='word_1_169' title='bbox 628 3041 704 3103; x_wconf 83' lang='grc' dir='ltr'>θοῶς</span> <span class='ocrx_word' id='word_1_170' title='bbox 718 3034 801 3117; x_wconf 85' lang='grc' dir='ltr'>βάλε</span> <span class='ocrx_word' id='word_1_171' title='bbox 817 3039 958 3118; x_wconf 90' lang='grc' dir='ltr'>καμπύλα</span> <span class='ocrx_word' id='word_1_172' title='bbox 972 3039 1075 3118; x_wconf 91' lang='grc' dir='ltr'>κύκλα,</span> 
     </span>
     <span class='ocr_line' id='line_1_28' title="bbox 248 3139 927 3228; baseline 0.001 -22"><span class='ocrx_word' id='word_1_173' title='bbox 248 3140 367 3226; x_wconf 87' lang='grc' dir='ltr'>χάλκεα</span> <span class='ocrx_word' id='word_1_174' title='bbox 382 3139 561 3221; x_wconf 88' lang='grc' dir='ltr'>ὀκτάκνημα,</span> <span class='ocrx_word' id='word_1_175' title='bbox 578 3141 708 3228; x_wconf 81' lang='grc' dir='ltr'>σιδηρέῳ</span> <span class='ocrx_word' id='word_1_176' title='bbox 723 3140 809 3221; x_wconf 81' lang='grc' dir='ltr'>άξονι</span> <span class='ocrx_word' id='word_1_177' title='bbox 823 3144 927 3225; x_wconf 84' lang='grc' dir='ltr'>ἀμφίς.</span> 
     </span>
     <span class='ocr_line' id='line_1_29' title="bbox 249 3243 994 3328; baseline 0.004 -20"><span class='ocrx_word' id='word_1_178' title='bbox 249 3251 309 3310; x_wconf 84' lang='grc' dir='ltr'>τῶν</span> <span class='ocrx_word' id='word_1_179' title='bbox 324 3246 343 3326; x_wconf 79' lang='grc' dir='ltr'><em>ἦ</em></span> <span class='ocrx_word' id='word_1_180' title='bbox 358 3268 405 3309; x_wconf 91' lang='grc' dir='ltr'>τοι</span> <span class='ocrx_word' id='word_1_181' title='bbox 418 3243 533 3328; x_wconf 90' lang='grc' dir='ltr'>χρυσέη</span> <span class='ocrx_word' id='word_1_182' title='bbox 549 3247 612 3312; x_wconf 86' lang='grc' dir='ltr'>ίτυς</span> <span class='ocrx_word' id='word_1_183' title='bbox 627 3245 763 3326; x_wconf 77' lang='grc' dir='ltr'>ἄφθιτος,</span> <span class='ocrx_word' id='word_1_184' title='bbox 778 3245 870 3327; x_wconf 85' lang='grc' dir='ltr'>αύτδρ</span> <span class='ocrx_word' id='word_1_185' title='bbox 884 3247 994 3328; x_wconf 85' lang='grc' dir='ltr'>ύπερθε</span> 
     </span>
     <span class='ocr_line' id='line_1_30' title="bbox 248 3347 1035 3432; baseline 0.001 -20"><span class='ocrx_word' id='word_1_186' title='bbox 248 3348 355 3432; x_wconf 89' lang='grc' dir='ltr'>χάλκε’</span> <span class='ocrx_word' id='word_1_187' title='bbox 371 3349 545 3429; x_wconf 84' lang='grc' dir='ltr'>ἐπίσσωτρα</span> <span class='ocrx_word' id='word_1_188' title='bbox 560 3348 779 3430; x_wconf 87' lang='grc' dir='ltr'>προσαρηρότα,</span> <span class='ocrx_word' id='word_1_189' title='bbox 795 3353 893 3429; x_wconf 83' lang='grc' dir='ltr'>θαῦμα</span> <span class='ocrx_word' id='word_1_190' title='bbox 907 3347 1035 3413; x_wconf 74' lang='grc' dir='ltr'>ἰδέσθαι·</span> 
     </span>
     <span class='ocr_line' id='line_1_31' title="bbox 250 3448 1073 3533; baseline 0.001 -17"><span class='ocrx_word' id='word_1_191' title='bbox 250 3456 384 3532; x_wconf 77' lang='grc' dir='ltr'>πλῆμναι</span> <span class='ocrx_word' id='word_1_192' title='bbox 400 3448 426 3515; x_wconf 92' lang='grc' dir='ltr'>δ’</span> <span class='ocrx_word' id='word_1_193' title='bbox 442 3451 570 3533; x_wconf 85' lang='grc' dir='ltr'>ἀργύρου</span> <span class='ocrx_word' id='word_1_194' title='bbox 586 3451 647 3515; x_wconf 78' lang='grc' dir='ltr'>εἰσὶ</span> <span class='ocrx_word' id='word_1_195' title='bbox 663 3452 835 3533; x_wconf 83' lang='grc' dir='ltr'>περίδρομοι</span> <span class='ocrx_word' id='word_1_196' title='bbox 851 3449 1073 3533; x_wconf 89' lang='grc' dir='ltr'>ἀμφοτέρωθεν·</span> 
     </span>
     <span class='ocr_line' id='line_1_32' title="bbox 250 3551 966 3638; baseline -0.003 -18"><span class='ocrx_word' id='word_1_197' title='bbox 250 3557 356 3638; x_wconf 87' lang='grc' dir='ltr'>δίφρος</span> <span class='ocrx_word' id='word_1_198' title='bbox 370 3555 403 3617; x_wconf 75' lang='grc' dir='ltr'>δὲ</span> <span class='ocrx_word' id='word_1_199' title='bbox 416 3552 576 3636; x_wconf 86' lang='grc' dir='ltr'>χρυσέοισι</span> <span class='ocrx_word' id='word_1_200' title='bbox 591 3554 640 3617; x_wconf 86' lang='grc' dir='ltr'>καὶ</span> <span class='ocrx_word' id='word_1_201' title='bbox 655 3551 846 3636; x_wconf 83' lang='grc' dir='ltr'>ἀργυρέοισιν</span> <span class='ocrx_word' id='word_1_202' title='bbox 861 3555 966 3634; x_wconf 82' lang='grc' dir='ltr'>ίμάσιν</span> 
     </span>
     <span class='ocr_line' id='line_1_33' title="bbox 251 3653 970 3738; baseline -0.003 -13"><span class='ocrx_word' id='word_1_203' title='bbox 251 3658 411 3738; x_wconf 85' lang='grc' dir='ltr'>ἐντέταται,</span> <span class='ocrx_word' id='word_1_204' title='bbox 427 3658 505 3721; x_wconf 82' lang='grc' dir='ltr'>δοιαὶ</span> <span class='ocrx_word' id='word_1_205' title='bbox 521 3657 554 3721; x_wconf 83' lang='grc' dir='ltr'>δὲ</span> <span class='ocrx_word' id='word_1_206' title='bbox 569 3659 741 3737; x_wconf 87' lang='grc' dir='ltr'>περίδρομοι</span> <span class='ocrx_word' id='word_1_207' title='bbox 757 3653 882 3737; x_wconf 79' lang='grc' dir='ltr'>ἄντυγές</span> <span class='ocrx_word' id='word_1_208' title='bbox 898 3658 970 3723; x_wconf 74' lang='grc' dir='ltr'>εἶσι.</span> 
     </span>
    </p>
   </div>
   <div class='ocr_carea' id='block_1_3' title="bbox 0 0 1368 4230">
    <p class='ocr_par' dir='ltr' id='par_1_3' title="bbox 0 0 1368 4230">
     <span class='ocr_line' id='line_1_34' title="bbox 0 0 1368 4230; baseline 0 2"><span class='ocrx_word' id='word_1_209' title='bbox 0 0 1368 4230; x_wconf 95' lang='lat' dir='ltr'> </span> 
     </span>
    </p>
   </div>
  </div>
 </body>
</html>
