2760 4232
271 325 374 444 ιαμ
527 359 953 422 οκτυκκουτουλκικ.

269 530 317 598 καὶ
331 537 436 617 χεῖρας
452 533 584 615 ἔσφιγγε
600 529 649 596 καί
667 532 834 612 θλλύμενος
849 529 1008 613 κατέτριζε.

268 636 402 702 πολλάκι
416 638 472 716 μὲν
488 636 647 701 κατέδυσεν
661 633 713 718 ὑφ’
728 637 822 715 ύδατι,
838 632 970 699 πολλάκι
984 631 1011 697 δ’
1026 633 1095 697 αύτε

268 741 416 819 λακτίζων
430 741 563 806 άυέδυυε·
585 741 677 822 μόρου
693 741 717 805 δ’
734 741 786 804 ούκ
801 737 839 820 ήν
852 736 1011 818 ὑπαλύξαι.
1182 765 1217 816 90

268 845 424 927 δευόμεναι
438 846 472 908 δὲ
487 845 589 928 τρίχες
605 849 714 908 πλεῖον
730 843 825 926 βάρος
840 845 943 908 εἷλκον
958 837 1006 906 ἔπ’
1021 843 1108 927 αύτῷ·

267 950 358 1012 ύδασι
373 947 398 1012 δ’
415 947 582 1026 όλλύμευος
596 948 694 1014 τοίους
709 943 878 1029 ἐφθέγξατο
892 946 1011 1027 μύθους·

312 1052 358 1116 Ού
372 1048 479 1129 λήσεις
498 1050 616 1128 δολίως,
631 1051 815 1132 Φυσίγναθε,
832 1053 924 1114 ταΰτα
939 1047 1079 1128 ποιήσας,

269 1153 400 1237 ναυηγδυ
413 1156 507 1236 ῥίψας
522 1153 582 1218 ἀπὸ
597 1155 746 1234 σώματος,
762 1154 805 1220 ὥς
817 1155 876 1217 ἆπδ
892 1153 1010 1233 πέτρης.

269 1257 320 1322 οὐκ
336 1257 374 1323 όν
387 1281 444 1337 μου
460 1255 535 1322 κατά
549 1263 639 1340 γαῖαυ
654 1259 782 1337 ἀμείνων
797 1255 891 1336 ήσθα,
901 1255 1035 1331 κάκιστε,
1180 1282 1214 1334 9⁵

269 1364 490 1447 παγκρατίῳτε
505 1359 588 1448 πάλῃ
603 1386 636 1425 τε
652 1359 701 1426 καὶ
716 1363 759 1427 είς
774 1361 892 1442 δρόμου·
915 1359 998 1424 άλλά
1013 1357 1171 1438 πλανήτας

269 1471 311 1534 είς
325 1469 404 1548 ὕδωρ
418 1465 449 1547 μ’
466 1467 601 1548 ἔρριψας.
647 1466 712 1549 ἔχει
727 1469 795 1532 θεδς
812 1466 927 1530 ἔκδικον
943 1466 1032 1545 όμμα.

269 1569 378 1649 ποινήν
391 1595 438 1634 τοι
454 1570 550 1634 τίσεις
564 1569 604 1632 σὺ
618 1577 702 1648 μυῶν
718 1569 846 1653 στρατῷ,
862 1567 923 1634 οὐδ’
938 1566 1109 1647 ύπαλύξεις.

305 1673 370 1740 Ὧς
384 1674 477 1738 είπιδν
490 1671 680 1737 άπέπυευσεν
695 1676 728 1738 ἐν
741 1675 841 1737 ύδασι·
864 1672 917 1738 τὸν
931 1674 964 1737 δὲ
980 1679 1113 1738 κατεῖδεν

269 1775 461 1862 Λειχοπίναξ
471 1777 603 1862 ὄχθῃσιν
619 1776 800 1856 ἐφεζόμενος
812 1777 998 1863 μαλακῇσιν·
1167 1802 1216 1839 τοο

269 1888 369 1947 δεινὸν
383 1880 407 1945 δ’
424 1877 599 1960 ἔξολόλυξε,
615 1881 735 1961 δραμὼν
750 1877 776 1944 δ’
791 1878 916 1962 ἤγγειλε
930 1880 1071 1960 μύεσσιν.

270 1985 309 2050 ὣς
324 1982 350 2048 δ’
365 1984 478 2065 ἔμαθον
491 1983 546 2062 τὴν
561 1987 677 2063 μοῖραν,
693 1984 744 2047 ἔδυ
757 1984 853 2065 χόλος
868 1983 950 2049 αίνδς
964 1981 1109 2048 άπαυτας.

271 2085 318 2152 καὶ
333 2089 401 2153 τότε
415 2087 595 2168 κηρύκεσσιν
610 2090 671 2152 ἔοῖς
686 2085 861 2162 ἐκέλευσαν,
875 2087 925 2150 ὑπ’
942 2088 1050 2168 ὄρθρου

271 2191 433 2272 κηρύσσειν
449 2187 588 2273 ἀγορήνδ’
603 2190 634 2257 ἔς
649 2191 771 2270 δόματα
784 2188 976 2273 Τρωξόρταο,

271 2293 381 2376 πατρὸς
396 2291 544 2372 δυστήνου
558 2291 764 2376 Ψιχάρπαγος,
777 2291 813 2360 ὃς
829 2297 903 2358 κατὰ
918 2294 1027 2375 λίμνην
1170 2321 1217 2370 105

270 2400 374 2465 ύπτιος
389 2395 548 2476 έξήπλωτο
566 2402 670 2478 υεκρδν
685 2396 789 2476 δέμας,
802 2397 871 2462 ούδέ
886 2395 954 2480 παρ’
969 2400 1076 2482 όχθαις

271 2501 308 2580 ήυ
322 2500 378 2580 ἤδη
394 2499 527 2581 τλήμων,
543 2499 649 2585 μέσσῳ
664 2500 691 2563 δ’
706 2498 871 2585 ἔπευήχετο
887 2502 996 2587 πόντῳ.

272 2606 311 2672 ὡς
327 2603 352 2670 δ’
367 2604 462 2684 ήλθου
477 2604 659 2670 σπεύδοντες
674 2603 723 2683 ἅμ’
737 2604 795 2683 ήοῖ,
811 2611 926 2687 πρῶτος
940 2605 1053 2683 άυέστη

270 2708 449 2790 Τρωξάρτης
464 2705 513 2770 ἐπὶ
527 2709 613 2772 παιδὶ
628 2707 824 2789 χολούμενος,
841 2707 908 2772 είπέ
921 2733 956 2772 τε
970 2714 1073 2790 μῦθον·

311 2811 356 2875 Ὠ
373 2813 471 2894 φίλοι,
487 2812 513 2875 εί
529 2813 578 2874 καὶ
596 2816 706 2891 μοῦνος
721 2812 780 2893 ἔγω
797 2814 872 2876 κακδ
888 2813 991 2876 πολλὰ
1006 2811 1141 2878 πέπονθα
1172 2838 1219 2874 110

272 2919 304 2980 ἔκ
320 2913 493 2997 βατράχων,
512 2912 531 2992 ή
547 2918 635 2997 πεῖρα
651 2915 725 2993 κακή
740 2914 891 2980 πάντεσσι
906 2916 1051 2982 τέτυκται.

272 3017 333 3098 εἰμὶ
348 3016 374 3082 δ’
390 3017 449 3101 ἐγὼ
465 3016 621 3095 δύστηνος,
637 3013 704 3080 ἔπεὶ
719 3023 797 3099 τρεῖς
813 3021 920 3084 παῖδας
937 3019 1065 3083 όλεσσα.

273 3120 322 3186 καὶ
336 3126 389 3185 τδυ
403 3124 459 3202 μὲν
472 3122 591 3201 πρῶτόν
605 3145 641 3203 γε
657 3119 833 3185 κατέκτανεν
848 3120 1010 3203 ἁρπάξασα

272 3227 414 3308 ἔχθιστος
429 3223 536 3306 γαλέη,
554 3223 691 3306 τρύγλης
708 3223 852 3289 ἔκτοσθεν
868 3229 992 3290 ἔλοΰσα.

273 3328 326 3390 τὸν
340 3328 365 3392 δ’
382 3329 479 3393 άλλον
494 3326 588 3392 πάλιν
603 3326 708 3408 ἄνδρες
723 3327 851 3405 άπηυέες
866 3329 897 3394 ἔς
912 3330 1005 3411 μόρου
1021 3327 1127 3409 είλξαυ
1175 3355 1223 3406 [ιη

275 3432 458 3510 καινοτέροις
473 3431 598 3512 τέχναις
609 3427 731 3509 ξύλινον
746 3432 839 3495 δόλον
854 3429 1034 3512 ἐξευρόντες,

273 3533 311 3612 ἣν
329 3534 441 3615 παγίδα
457 3534 612 3610 καλέουσι,
630 3541 714 3612 μυῶν
728 3535 885 3617 όλέτειραν
900 3537 1019 3600 έοῦσαν.

276 3641 292 3701 ό
308 3638 404 3719 τρίτος
420 3635 457 3714 ήν
472 3638 626 3718 ἀγαπητὸς
643 3637 711 3718 ἐμοὶ
727 3635 774 3702 καί
789 3637 891 3721 μητέρι
908 3639 1005 3725 κεδνῇ.

275 3743 381 3805 ταύταν
394 3736 556 3815 άπέπυιξεν
570 3743 761 3824 Φυσίγναθας
778 3744 809 3809 ἔς
823 3747 920 3822 βυθὸν
934 3741 1019 3822 άξας.
