<?xml version="1.0" encoding="UTF-8"?>
<!DOCTYPE html PUBLIC "-//W3C//DTD XHTML 1.0 Transitional//EN"
    "http://www.w3.org/TR/xhtml1/DTD/xhtml1-transitional.dtd">
<html xmlns="http://www.w3.org/1999/xhtml" xml:lang="en" lang="en">
 <head>
  <title>
</title>
<meta http-equiv="Content-Type" content="text/html;charset=utf-8" />
  <meta name='ocr-system' content='tesseract 3.04.00' />
  <meta name='ocr-capabilities' content='ocr_page ocr_carea ocr_par ocr_line ocrx_word'/>
</head>
<body>
  <div class='ocr_page' id='page_1' title='image "./homerioperaetre00homegoog_0557.png"; bbox 0 0 2908 4232; ppageno 0'>
   <div class='ocr_carea' id='block_1_1' title="bbox 305 327 953 415">
    <p class='ocr_par' dir='ltr' id='par_1_1' title="bbox 305 327 953 415">
     <span class='ocr_line' id='line_1_1' title="bbox 305 327 953 415; baseline -0.034 -2"><span class='ocrx_word' id='word_1_1' title='bbox 305 345 369 414; x_wconf 80' lang='lat'>552</span> <span class='ocrx_word' id='word_1_2' title='bbox 604 327 634 415; x_wconf 82' lang='lat'>3&#39;·</span> <span class='ocrx_word' id='word_1_3' title='bbox 657 333 891 393; x_wconf 74' lang='grc' dir='ltr'>ολνυνςικν</span> <span class='ocrx_word' id='word_1_4' title='bbox 921 335 953 392; x_wconf 81' lang='lat' dir='ltr'>r.</span> 
     </span>
    </p>
   </div>
   <div class='ocr_carea' id='block_1_2' title="bbox 307 499 1263 3794">
    <p class='ocr_par' dir='ltr' id='par_1_2' title="bbox 307 499 1260 894">
     <span class='ocr_line' id='line_1_2' title="bbox 349 499 1260 583; baseline 0.001 -19"><span class='ocrx_word' id='word_1_5' title='bbox 349 502 415 564; x_wconf 86' lang='grc' dir='ltr'>“Ὦ</span> <span class='ocrx_word' id='word_1_6' title='bbox 432 502 534 583; x_wconf 98' lang='grc' dir='ltr'>φίλος,</span> <span class='ocrx_word' id='word_1_7' title='bbox 551 501 585 564; x_wconf 80' lang='grc' dir='ltr'>οὔ</span> <span class='ocrx_word' id='word_1_8' title='bbox 600 527 638 566; x_wconf 91' lang='grc' dir='ltr'>σε</span> <span class='ocrx_word' id='word_1_9' title='bbox 655 501 754 564; x_wconf 82' lang='grc' dir='ltr'>ἔολπα</span> <span class='ocrx_word' id='word_1_10' title='bbox 769 500 860 566; x_wconf 87' lang='grc' dir='ltr'>κακὸν</span> <span class='ocrx_word' id='word_1_11' title='bbox 876 499 924 565; x_wconf 84' lang='grc' dir='ltr'>καὶ</span> <span class='ocrx_word' id='word_1_12' title='bbox 940 501 1066 566; x_wconf 77' lang='grc' dir='ltr'>ἄναλκιν</span> <span class='ocrx_word' id='word_1_13' title='bbox 1083 502 1220 579; x_wconf 84' lang='grc' dir='ltr'>έσεσθαι,</span> <span class='ocrx_word' id='word_1_14' title='bbox 1257 525 1260 530; x_wconf 89' lang='grc'><strong><em>·</em></strong></span> 
     </span>
     <span class='ocr_line' id='line_1_3' title="bbox 307 601 1254 689; baseline -0.004 -18"><span class='ocrx_word' id='word_1_15' title='bbox 307 610 334 672; x_wconf 80' lang='grc' dir='ltr'>εἰ</span> <span class='ocrx_word' id='word_1_16' title='bbox 351 606 387 685; x_wconf 93' lang='grc' dir='ltr'>δή</span> <span class='ocrx_word' id='word_1_17' title='bbox 406 632 451 669; x_wconf 92' lang='grc' dir='ltr'>τοι</span> <span class='ocrx_word' id='word_1_18' title='bbox 469 604 525 689; x_wconf 80' lang='grc' dir='ltr'>νέῳ</span> <span class='ocrx_word' id='word_1_19' title='bbox 541 607 598 668; x_wconf 81' lang='grc' dir='ltr'>ὦδε</span> <span class='ocrx_word' id='word_1_20' title='bbox 615 601 678 668; x_wconf 86' lang='grc' dir='ltr'>θεοὶ</span> <span class='ocrx_word' id='word_1_21' title='bbox 694 607 832 683; x_wconf 76' lang='grc' dir='ltr'>πομπῆες</span> <span class='ocrx_word' id='word_1_22' title='bbox 849 605 981 670; x_wconf 76' lang='grc' dir='ltr'>ἕπονται.</span> <span class='ocrx_word' id='word_1_23' title='bbox 1203 617 1254 681; x_wconf 75' lang='lat'>37⁶</span> 
     </span>
     <span class='ocr_line' id='line_1_4' title="bbox 307 706 1163 792; baseline -0.002 -18"><span class='ocrx_word' id='word_1_24' title='bbox 307 711 341 774; x_wconf 84' lang='grc' dir='ltr'>οὐ</span> <span class='ocrx_word' id='word_1_25' title='bbox 355 712 410 789; x_wconf 75' lang='grc' dir='ltr'>μὲν</span> <span class='ocrx_word' id='word_1_26' title='bbox 426 707 484 791; x_wconf 91' lang='grc' dir='ltr'>γάρ</span> <span class='ocrx_word' id='word_1_27' title='bbox 497 734 543 774; x_wconf 89' lang='grc' dir='ltr'>τις</span> <span class='ocrx_word' id='word_1_28' title='bbox 558 708 601 772; x_wconf 88' lang='grc' dir='ltr'>όδ’</span> <span class='ocrx_word' id='word_1_29' title='bbox 617 706 713 773; x_wconf 77' lang='grc' dir='ltr'>ἄλλος</span> <span class='ocrx_word' id='word_1_30' title='bbox 727 708 882 787; x_wconf 81' lang='grc' dir='ltr'>Ὀλύμπια</span> <span class='ocrx_word' id='word_1_31' title='bbox 897 708 1005 789; x_wconf 80' lang='grc' dir='ltr'>δώματ’</span> <span class='ocrx_word' id='word_1_32' title='bbox 1022 710 1163 792; x_wconf 75' lang='grc' dir='ltr'>ἐχόντων,</span> 
     </span>
     <span class='ocr_line' id='line_1_5' title="bbox 307 811 989 894; baseline -0.001 -18"><span class='ocrx_word' id='word_1_33' title='bbox 307 813 389 876; x_wconf 79' lang='grc' dir='ltr'>ἀλλὰ</span> <span class='ocrx_word' id='word_1_34' title='bbox 405 812 479 878; x_wconf 82' lang='grc' dir='ltr'>Διὸς</span> <span class='ocrx_word' id='word_1_35' title='bbox 495 811 635 894; x_wconf 83' lang='grc' dir='ltr'><strong><em>θυγάτηρ,</em></strong></span> <span class='ocrx_word' id='word_1_36' title='bbox 653 813 776 890; x_wconf 78' lang='grc' dir='ltr'>κυδίστη</span> <span class='ocrx_word' id='word_1_37' title='bbox 793 813 989 894; x_wconf 92' lang='grc' dir='ltr'>τριτογένεια,</span> 
     </span>
    </p>

    <p class='ocr_par' dir='ltr' id='par_1_3' title="bbox 307 913 1059 998">
     <span class='ocr_line' id='line_1_6' title="bbox 307 913 1059 998; baseline -0.001 -20"><span class='ocrx_word' id='word_1_38' title='bbox 307 917 326 994; x_wconf 89' lang='grc' dir='ltr'>ή</span> <span class='ocrx_word' id='word_1_39' title='bbox 342 942 388 979; x_wconf 90' lang='grc' dir='ltr'>τοι</span> <span class='ocrx_word' id='word_1_40' title='bbox 405 918 453 980; x_wconf 89' lang='grc' dir='ltr'>καὶ</span> <span class='ocrx_word' id='word_1_41' title='bbox 470 913 572 996; x_wconf 91' lang='grc' dir='ltr'>πατέρ’</span> <span class='ocrx_word' id='word_1_42' title='bbox 590 915 702 980; x_wconf 89' lang='grc' dir='ltr'>ἐσθλὸν</span> <span class='ocrx_word' id='word_1_43' title='bbox 717 918 751 980; x_wconf 83' lang='grc' dir='ltr'>έν</span> <span class='ocrx_word' id='word_1_44' title='bbox 766 915 949 998; x_wconf 80' lang='grc' dir='ltr'>Ἀργείοισιν</span> <span class='ocrx_word' id='word_1_45' title='bbox 963 917 1059 995; x_wconf 91' lang='grc' dir='ltr'>ἐτίμα.</span> 
     </span>
    </p>

    <p class='ocr_par' dir='ltr' id='par_1_4' title="bbox 307 1018 1260 1308">
     <span class='ocr_line' id='line_1_7' title="bbox 308 1018 1260 1099; baseline -0.002 -16"><span class='ocrx_word' id='word_1_46' title='bbox 308 1021 397 1094; x_wconf 87' lang='grc' dir='ltr'>άλλά,</span> <span class='ocrx_word' id='word_1_47' title='bbox 415 1019 536 1094; x_wconf 88' lang='grc' dir='ltr'>άνασσ’,</span> <span class='ocrx_word' id='word_1_48' title='bbox 552 1020 644 1098; x_wconf 86' lang='grc' dir='ltr'>ίληθι,</span> <span class='ocrx_word' id='word_1_49' title='bbox 657 1021 759 1082; x_wconf 83' lang='grc' dir='ltr'>δίδωθι</span> <span class='ocrx_word' id='word_1_50' title='bbox 774 1018 808 1082; x_wconf 88' lang='grc' dir='ltr'>δέ</span> <span class='ocrx_word' id='word_1_51' title='bbox 821 1045 870 1099; x_wconf 91' lang='grc' dir='ltr'>μοι</span> <span class='ocrx_word' id='word_1_52' title='bbox 887 1018 976 1086; x_wconf 91' lang='grc' dir='ltr'>κλέος</span> <span class='ocrx_word' id='word_1_53' title='bbox 994 1021 1124 1097; x_wconf 73' lang='grc' dir='ltr'>ἐσθλόν,</span> <span class='ocrx_word' id='word_1_54' title='bbox 1205 1033 1260 1094; x_wconf 78' lang='lat'>380·</span> 
     </span>
     <span class='ocr_line' id='line_1_8' title="bbox 307 1120 1260 1208; baseline 0 -22"><span class='ocrx_word' id='word_1_55' title='bbox 307 1124 385 1208; x_wconf 77' lang='grc' dir='ltr'>αὐτῷ</span> <span class='ocrx_word' id='word_1_56' title='bbox 397 1124 446 1186; x_wconf 85' lang='grc' dir='ltr'>καὶ</span> <span class='ocrx_word' id='word_1_57' title='bbox 462 1123 607 1187; x_wconf 88' lang='grc' dir='ltr'>παίδεσσι</span> <span class='ocrx_word' id='word_1_58' title='bbox 624 1120 672 1186; x_wconf 86' lang='grc' dir='ltr'>καὶ</span> <span class='ocrx_word' id='word_1_59' title='bbox 687 1123 785 1208; x_wconf 82' lang='grc' dir='ltr'>αἰδοίῃ</span> <span class='ocrx_word' id='word_1_60' title='bbox 802 1125 969 1202; x_wconf 86' lang='grc' dir='ltr'>παρακοίτι·</span> <span class='ocrx_word' id='word_1_61' title='bbox 1258 1147 1260 1158; x_wconf 79' lang='grc'>’</span> 
     </span>
     <span class='ocr_line' id='line_1_9' title="bbox 308 1225 1027 1308; baseline 0.006 -20"><span class='ocrx_word' id='word_1_62' title='bbox 308 1226 359 1292; x_wconf 81' lang='grc' dir='ltr'>σοὶ</span> <span class='ocrx_word' id='word_1_63' title='bbox 376 1225 401 1290; x_wconf 88' lang='grc' dir='ltr'>δ’</span> <span class='ocrx_word' id='word_1_64' title='bbox 418 1227 455 1290; x_wconf 77' lang='grc' dir='ltr'>αὖ</span> <span class='ocrx_word' id='word_1_65' title='bbox 470 1226 529 1305; x_wconf 80' lang='grc' dir='ltr'>ἐγὼ</span> <span class='ocrx_word' id='word_1_66' title='bbox 544 1225 621 1308; x_wconf 81' lang='grc' dir='ltr'>ῥέξω</span> <span class='ocrx_word' id='word_1_67' title='bbox 637 1231 715 1306; x_wconf 81' lang='grc' dir='ltr'>βοῦν</span> <span class='ocrx_word' id='word_1_68' title='bbox 730 1225 797 1305; x_wconf 86' lang='grc' dir='ltr'>ήνιν</span> <span class='ocrx_word' id='word_1_69' title='bbox 812 1225 1027 1307; x_wconf 80' lang='grc' dir='ltr'>εὐρυμέτωπον,</span> 
     </span>
    </p>

    <p class='ocr_par' dir='ltr' id='par_1_5' title="bbox 309 1328 1022 1411">
     <span class='ocr_line' id='line_1_10' title="bbox 309 1328 1022 1411; baseline 0 -17"><span class='ocrx_word' id='word_1_70' title='bbox 309 1329 452 1410; x_wconf 80' lang='grc' dir='ltr'>ἀδμήτην,</span> <span class='ocrx_word' id='word_1_71' title='bbox 467 1328 505 1408; x_wconf 82' lang='grc' dir='ltr'>ῆν</span> <span class='ocrx_word' id='word_1_72' title='bbox 521 1329 555 1392; x_wconf 82' lang='grc' dir='ltr'>οὕ</span> <span class='ocrx_word' id='word_1_73' title='bbox 570 1331 691 1394; x_wconf 83' lang='grc' dir='ltr'>πωόπὸ</span> <span class='ocrx_word' id='word_1_74' title='bbox 709 1329 797 1411; x_wconf 78' lang='grc' dir='ltr'>ζυγὸν</span> <span class='ocrx_word' id='word_1_75' title='bbox 811 1328 923 1411; x_wconf 86' lang='grc' dir='ltr'>ἤγαγεν</span> <span class='ocrx_word' id='word_1_76' title='bbox 938 1329 1022 1410; x_wconf 86' lang='grc' dir='ltr'>άνήρ·</span> 
     </span>
    </p>

    <p class='ocr_par' dir='ltr' id='par_1_6' title="bbox 308 1432 1065 1516">
     <span class='ocr_line' id='line_1_11' title="bbox 308 1432 1065 1516; baseline 0.004 -20"><span class='ocrx_word' id='word_1_77' title='bbox 308 1433 363 1512; x_wconf 91' lang='grc' dir='ltr'>τήν</span> <span class='ocrx_word' id='word_1_78' title='bbox 379 1459 425 1497; x_wconf 92' lang='grc' dir='ltr'>τοι</span> <span class='ocrx_word' id='word_1_79' title='bbox 444 1435 503 1515; x_wconf 80' lang='grc' dir='ltr'>ἐγὼ</span> <span class='ocrx_word' id='word_1_80' title='bbox 518 1432 592 1515; x_wconf 81' lang='grc' dir='ltr'>ῥέξω</span> <span class='ocrx_word' id='word_1_81' title='bbox 608 1439 722 1516; x_wconf 84' lang='grc' dir='ltr'>χρυσὸν</span> <span class='ocrx_word' id='word_1_82' title='bbox 739 1433 863 1514; x_wconf 86' lang='grc' dir='ltr'>κέρασιν</span> <span class='ocrx_word' id='word_1_83' title='bbox 876 1432 1065 1516; x_wconf 88' lang='grc' dir='ltr'>περιχεόας.”</span> 
     </span>
    </p>

    <p class='ocr_par' dir='ltr' id='par_1_7' title="bbox 308 1535 1258 2555">
     <span class='ocr_line' id='line_1_12' title="bbox 346 1535 1197 1619; baseline 0.002 -21"><span class='ocrx_word' id='word_1_84' title='bbox 346 1537 409 1602; x_wconf 67' lang='grc' dir='ltr'>ΔΩς</span> <span class='ocrx_word' id='word_1_85' title='bbox 424 1537 511 1617; x_wconf 82' lang='grc' dir='ltr'>ἔφατ’</span> <span class='ocrx_word' id='word_1_86' title='bbox 528 1537 697 1619; x_wconf 79' lang='grc' dir='ltr'>εὐχόμενος,</span> <span class='ocrx_word' id='word_1_87' title='bbox 712 1543 764 1599; x_wconf 84' lang='grc' dir='ltr'>τοῦ</span> <span class='ocrx_word' id='word_1_88' title='bbox 780 1535 805 1600; x_wconf 87' lang='grc' dir='ltr'>δ’</span> <span class='ocrx_word' id='word_1_89' title='bbox 823 1538 910 1602; x_wconf 81' lang='grc' dir='ltr'>ἔκλυε</span> <span class='ocrx_word' id='word_1_90' title='bbox 927 1541 1056 1604; x_wconf 81' lang='grc' dir='ltr'>Παλλὰς</span> <span class='ocrx_word' id='word_1_91' title='bbox 1072 1536 1197 1616; x_wconf 89' lang='grc' dir='ltr'>Ἀθήνη.</span> 
     </span>
     <span class='ocr_line' id='line_1_13' title="bbox 308 1637 1258 1724; baseline 0 -20"><span class='ocrx_word' id='word_1_92' title='bbox 308 1647 408 1706; x_wconf 88' lang='grc' dir='ltr'>τοῖσιν</span> <span class='ocrx_word' id='word_1_93' title='bbox 423 1641 448 1704; x_wconf 92' lang='grc' dir='ltr'>δ’</span> <span class='ocrx_word' id='word_1_94' title='bbox 463 1641 628 1722; x_wconf 79' lang='grc' dir='ltr'>ἡγεμόνευε</span> <span class='ocrx_word' id='word_1_95' title='bbox 643 1637 784 1721; x_wconf 84' lang='grc' dir='ltr'>Γερήνιος</span> <span class='ocrx_word' id='word_1_96' title='bbox 802 1641 914 1704; x_wconf 79' lang='grc' dir='ltr'>ἱππότα</span> <span class='ocrx_word' id='word_1_97' title='bbox 930 1640 1067 1724; x_wconf 85' lang='grc' dir='ltr'>Νέστωρ,</span> <span class='ocrx_word' id='word_1_98' title='bbox 1207 1653 1258 1716; x_wconf 80' lang='lat'>386</span> 
     </span>
     <span class='ocr_line' id='line_1_14' title="bbox 309 1742 1049 1826; baseline 0 -18"><span class='ocrx_word' id='word_1_99' title='bbox 309 1744 393 1808; x_wconf 81' lang='grc' dir='ltr'>υἱάσι</span> <span class='ocrx_word' id='word_1_100' title='bbox 409 1745 459 1807; x_wconf 83' lang='grc' dir='ltr'>καὶ</span> <span class='ocrx_word' id='word_1_101' title='bbox 475 1747 668 1826; x_wconf 76' lang='grc' dir='ltr'>γαμβροῖσιν,</span> <span class='ocrx_word' id='word_1_102' title='bbox 686 1742 721 1806; x_wconf 79' lang='grc' dir='ltr'>ἑά</span> <span class='ocrx_word' id='word_1_103' title='bbox 737 1744 810 1825; x_wconf 91' lang='grc' dir='ltr'>πρὸς</span> <span class='ocrx_word' id='word_1_104' title='bbox 825 1745 945 1821; x_wconf 83' lang='grc' dir='ltr'>δόματα</span> <span class='ocrx_word' id='word_1_105' title='bbox 961 1743 1049 1808; x_wconf 90' lang='grc' dir='ltr'>καλά.</span> 
     </span>
     <span class='ocr_line' id='line_1_15' title="bbox 311 1845 1094 1930; baseline 0.004 -19"><span class='ocrx_word' id='word_1_106' title='bbox 311 1846 380 1911; x_wconf 78' lang='grc' dir='ltr'>ἀλλ’</span> <span class='ocrx_word' id='word_1_107' title='bbox 399 1849 449 1911; x_wconf 81' lang='grc' dir='ltr'>ὅτε</span> <span class='ocrx_word' id='word_1_108' title='bbox 466 1845 576 1926; x_wconf 81' lang='grc' dir='ltr'>δείμαθ’</span> <span class='ocrx_word' id='word_1_109' title='bbox 593 1849 693 1912; x_wconf 83' lang='grc' dir='ltr'>ίκοντο</span> <span class='ocrx_word' id='word_1_110' title='bbox 709 1846 863 1930; x_wconf 80' lang='grc' dir='ltr'>ἀγακλυτὰ</span> <span class='ocrx_word' id='word_1_111' title='bbox 877 1853 941 1910; x_wconf 84' lang='grc' dir='ltr'>τοῖο</span> <span class='ocrx_word' id='word_1_112' title='bbox 958 1848 1094 1926; x_wconf 88' lang='grc' dir='ltr'>άνακτος,</span> 
     </span>
     <span class='ocr_line' id='line_1_16' title="bbox 311 1951 1025 2032; baseline 0 -16"><span class='ocrx_word' id='word_1_113' title='bbox 311 1951 408 2030; x_wconf 81' lang='grc' dir='ltr'>ἑξείης</span> <span class='ocrx_word' id='word_1_114' title='bbox 425 1952 528 2029; x_wconf 81' lang='grc' dir='ltr'>έζοντο</span> <span class='ocrx_word' id='word_1_115' title='bbox 544 1954 620 2015; x_wconf 83' lang='grc' dir='ltr'>κατδ</span> <span class='ocrx_word' id='word_1_116' title='bbox 636 1951 781 2031; x_wconf 82' lang='grc' dir='ltr'>κλισμούς</span> <span class='ocrx_word' id='word_1_117' title='bbox 796 1974 829 2013; x_wconf 91' lang='grc' dir='ltr'>τε</span> <span class='ocrx_word' id='word_1_118' title='bbox 846 1952 968 2032; x_wconf 84' lang='grc' dir='ltr'>θρόνους</span> <span class='ocrx_word' id='word_1_119' title='bbox 983 1976 1025 2028; x_wconf 93' lang='grc' dir='ltr'>τε,</span> 
     </span>
     <span class='ocr_line' id='line_1_17' title="bbox 310 2053 1258 2138; baseline 0.002 -20"><span class='ocrx_word' id='word_1_120' title='bbox 310 2061 373 2122; x_wconf 91' lang='grc' dir='ltr'>τοῖς</span> <span class='ocrx_word' id='word_1_121' title='bbox 388 2055 414 2119; x_wconf 91' lang='grc' dir='ltr'>δ’</span> <span class='ocrx_word' id='word_1_122' title='bbox 431 2057 447 2118; x_wconf 89' lang='grc' dir='ltr'>ό</span> <span class='ocrx_word' id='word_1_123' title='bbox 463 2053 557 2138; x_wconf 86' lang='grc' dir='ltr'>γέρων</span> <span class='ocrx_word' id='word_1_124' title='bbox 573 2057 716 2120; x_wconf 85' lang='grc' dir='ltr'>έλθοθσιν</span> <span class='ocrx_word' id='word_1_125' title='bbox 732 2055 789 2120; x_wconf 84' lang='grc' dir='ltr'>άνὰ</span> <span class='ocrx_word' id='word_1_126' title='bbox 804 2058 935 2136; x_wconf 87' lang='grc' dir='ltr'>κρητῆρα</span> <span class='ocrx_word' id='word_1_127' title='bbox 947 2056 1097 2138; x_wconf 85' lang='grc' dir='ltr'>κέρασσεν</span> <span class='ocrx_word' id='word_1_128' title='bbox 1207 2083 1258 2137; x_wconf 83' lang='lat'>39⁰</span> 
     </span>
     <span class='ocr_line' id='line_1_18' title="bbox 311 2159 950 2244; baseline 0.002 -22"><span class='ocrx_word' id='word_1_129' title='bbox 311 2163 393 2224; x_wconf 84' lang='grc' dir='ltr'>οίνου</span> <span class='ocrx_word' id='word_1_130' title='bbox 407 2159 580 2238; x_wconf 83' lang='grc' dir='ltr'>ἡδυπότοιο,</span> <span class='ocrx_word' id='word_1_131' title='bbox 596 2166 649 2223; x_wconf 86' lang='grc' dir='ltr'>τὸν</span> <span class='ocrx_word' id='word_1_132' title='bbox 665 2160 810 2244; x_wconf 80' lang='grc' dir='ltr'>ἑνδεκάτῳ</span> <span class='ocrx_word' id='word_1_133' title='bbox 828 2161 950 2244; x_wconf 75' lang='grc' dir='ltr'>ἐνιαυτῷ</span> 
     </span>
     <span class='ocr_line' id='line_1_19' title="bbox 311 2260 944 2343; baseline 0 -17"><span class='ocrx_word' id='word_1_134' title='bbox 311 2262 401 2342; x_wconf 79' lang='grc' dir='ltr'>ὤϊξεν</span> <span class='ocrx_word' id='word_1_135' title='bbox 415 2264 505 2343; x_wconf 89' lang='grc' dir='ltr'>ταμίη</span> <span class='ocrx_word' id='word_1_136' title='bbox 522 2260 570 2326; x_wconf 84' lang='grc' dir='ltr'>καὶ</span> <span class='ocrx_word' id='word_1_137' title='bbox 586 2261 648 2326; x_wconf 85' lang='grc' dir='ltr'>άπδ</span> <span class='ocrx_word' id='word_1_138' title='bbox 663 2261 825 2343; x_wconf 89' lang='grc' dir='ltr'>κρήδεμνον</span> <span class='ocrx_word' id='word_1_139' title='bbox 842 2263 944 2326; x_wconf 87' lang='grc' dir='ltr'>έλνσε·</span> 
     </span>
     <span class='ocr_line' id='line_1_20' title="bbox 312 2364 1136 2452; baseline 0.001 -23"><span class='ocrx_word' id='word_1_140' title='bbox 312 2372 364 2429; x_wconf 84' lang='grc' dir='ltr'>τοθ</span> <span class='ocrx_word' id='word_1_141' title='bbox 381 2368 397 2428; x_wconf 88' lang='grc' dir='ltr'>ό</span> <span class='ocrx_word' id='word_1_142' title='bbox 412 2365 508 2448; x_wconf 88' lang='grc' dir='ltr'>γέρων</span> <span class='ocrx_word' id='word_1_143' title='bbox 523 2368 652 2446; x_wconf 87' lang='grc' dir='ltr'>κρητῆρα</span> <span class='ocrx_word' id='word_1_144' title='bbox 667 2365 848 2446; x_wconf 89' lang='grc' dir='ltr'>κεράσσατο,</span> <span class='ocrx_word' id='word_1_145' title='bbox 863 2364 966 2428; x_wconf 79' lang='grc' dir='ltr'>πολλὰ</span> <span class='ocrx_word' id='word_1_146' title='bbox 981 2366 1007 2430; x_wconf 84' lang='grc' dir='ltr'>δ’</span> <span class='ocrx_word' id='word_1_147' title='bbox 1021 2365 1136 2452; x_wconf 83' lang='grc' dir='ltr'>Ἀθήνῃ</span> 
     </span>
     <span class='ocr_line' id='line_1_21' title="bbox 312 2467 998 2555; baseline -0.003 -23"><span class='ocrx_word' id='word_1_148' title='bbox 312 2469 408 2552; x_wconf 81' lang='grc' dir='ltr'>εὔχετ’</span> <span class='ocrx_word' id='word_1_149' title='bbox 423 2467 630 2546; x_wconf 76' lang='grc' dir='ltr'>ἀποσπένδων,</span> <span class='ocrx_word' id='word_1_150' title='bbox 647 2469 736 2555; x_wconf 79' lang='grc' dir='ltr'>κσόρῃ</span> <span class='ocrx_word' id='word_1_151' title='bbox 753 2475 825 2536; x_wconf 84' lang='grc' dir='ltr'>Διὸς</span> <span class='ocrx_word' id='word_1_152' title='bbox 841 2470 998 2552; x_wconf 81' lang='grc' dir='ltr'>αἰγιόχοιο.</span> 
     </span>
    </p>

    <p class='ocr_par' dir='ltr' id='par_1_8' title="bbox 313 2571 1261 3486">
     <span class='ocr_line' id='line_1_22' title="bbox 357 2571 1260 2655; baseline 0.007 -21"><span class='ocrx_word' id='word_1_153' title='bbox 357 2571 456 2653; x_wconf 78' lang='grc' dir='ltr'>Αὐτὰρ</span> <span class='ocrx_word' id='word_1_154' title='bbox 473 2574 536 2636; x_wconf 79' lang='grc' dir='ltr'>ἐπεὶ</span> <span class='ocrx_word' id='word_1_155' title='bbox 554 2571 685 2636; x_wconf 89' lang='grc' dir='ltr'>σπεῖσάν</span> <span class='ocrx_word' id='word_1_156' title='bbox 698 2571 724 2634; x_wconf 89' lang='grc' dir='ltr'>τ’</span> <span class='ocrx_word' id='word_1_157' title='bbox 742 2573 829 2638; x_wconf 85' lang='grc' dir='ltr'>ἐπιόν</span> <span class='ocrx_word' id='word_1_158' title='bbox 843 2571 870 2635; x_wconf 90' lang='grc' dir='ltr'>θ’</span> <span class='ocrx_word' id='word_1_159' title='bbox 888 2574 963 2636; x_wconf 82' lang='grc' dir='ltr'>ὅσον</span> <span class='ocrx_word' id='word_1_160' title='bbox 977 2571 1070 2652; x_wconf 88' lang='grc' dir='ltr'>ήθελε</span> <span class='ocrx_word' id='word_1_161' title='bbox 1087 2574 1186 2655; x_wconf 84' lang='grc' dir='ltr'>θυμός,</span> <span class='ocrx_word' id='word_1_162' title='bbox 1210 2601 1260 2652; x_wconf 82' lang='lat'>395</span> 
     </span>
     <span class='ocr_line' id='line_1_23' title="bbox 313 2676 1261 2758; baseline 0.002 -17"><span class='ocrx_word' id='word_1_163' title='bbox 313 2679 342 2741; x_wconf 82' lang='grc' dir='ltr'>οἱ</span> <span class='ocrx_word' id='word_1_164' title='bbox 356 2676 618 2758; x_wconf 71' lang='grc' dir='ltr'>μὲν-κακκείοντες</span> <span class='ocrx_word' id='word_1_165' title='bbox 635 2677 713 2755; x_wconf 82' lang='grc' dir='ltr'>έβαν</span> <span class='ocrx_word' id='word_1_166' title='bbox 731 2677 848 2742; x_wconf 85' lang='grc' dir='ltr'>οἶκόνδε</span> <span class='ocrx_word' id='word_1_167' title='bbox 865 2678 1000 2753; x_wconf 81' lang='grc' dir='ltr'>ἕκαστος,</span> <span class='ocrx_word' id='word_1_168' title='bbox 1259 2689 1261 2692; x_wconf 79' lang='grc'><strong>’</strong></span> 
     </span>
     <span class='ocr_line' id='line_1_24' title="bbox 313 2779 1095 2862; baseline -0.003 -18"><span class='ocrx_word' id='word_1_169' title='bbox 313 2781 366 2846; x_wconf 90' lang='grc' dir='ltr'>τδν</span> <span class='ocrx_word' id='word_1_170' title='bbox 381 2780 406 2844; x_wconf 88' lang='grc' dir='ltr'>δ’</span> <span class='ocrx_word' id='word_1_171' title='bbox 424 2780 513 2843; x_wconf 78' lang='grc' dir='ltr'>αὐτοῦ</span> <span class='ocrx_word' id='word_1_172' title='bbox 530 2780 656 2859; x_wconf 88' lang='grc' dir='ltr'>κοίμησε</span> <span class='ocrx_word' id='word_1_173' title='bbox 672 2779 813 2862; x_wconf 88' lang='grc' dir='ltr'>Γερήνιος</span> <span class='ocrx_word' id='word_1_174' title='bbox 831 2782 943 2845; x_wconf 84' lang='grc' dir='ltr'>ἱππότα</span> <span class='ocrx_word' id='word_1_175' title='bbox 959 2782 1095 2862; x_wconf 91' lang='grc' dir='ltr'>Νέστωρ,</span> 
     </span>
     <span class='ocr_line' id='line_1_25' title="bbox 313 2882 1008 2966; baseline -0.001 -19"><span class='ocrx_word' id='word_1_176' title='bbox 313 2884 506 2966; x_wconf 88' lang='grc' dir='ltr'>Τηλέμαχον,</span> <span class='ocrx_word' id='word_1_177' title='bbox 523 2885 618 2964; x_wconf 91' lang='grc' dir='ltr'>φίλον</span> <span class='ocrx_word' id='word_1_178' title='bbox 632 2885 697 2946; x_wconf 86' lang='grc' dir='ltr'>υἱὸν</span> <span class='ocrx_word' id='word_1_179' title='bbox 713 2882 885 2962; x_wconf 82' lang='grc' dir='ltr'>Ὀδυσσῆος</span> <span class='ocrx_word' id='word_1_180' title='bbox 905 2884 1008 2961; x_wconf 88' lang='grc' dir='ltr'>θείοιο,</span> 
     </span>
     <span class='ocr_line' id='line_1_26' title="bbox 313 2985 1045 3076; baseline 0.007 -26"><span class='ocrx_word' id='word_1_181' title='bbox 313 2992 429 3069; x_wconf 79' lang='grc' dir='ltr'>τρητοῖς</span> <span class='ocrx_word' id='word_1_182' title='bbox 446 2990 478 3051; x_wconf 91' lang='grc' dir='ltr'>ἐν</span> <span class='ocrx_word' id='word_1_183' title='bbox 492 2987 666 3071; x_wconf 89' lang='grc' dir='ltr'>λεχέεσσιν,</span> <span class='ocrx_word' id='word_1_184' title='bbox 681 2985 731 3050; x_wconf 81' lang='grc' dir='ltr'>ὑπ’</span> <span class='ocrx_word' id='word_1_185' title='bbox 747 2988 874 3076; x_wconf 83' lang='grc' dir='ltr'>αίθσόσῃ</span> <span class='ocrx_word' id='word_1_186' title='bbox 891 2989 1045 3072; x_wconf 78' lang='grc' dir='ltr'>ἐριδούπῳ,</span> 
     </span>
     <span class='ocr_line' id='line_1_27' title="bbox 314 3091 1261 3176; baseline 0.002 -21"><span class='ocrx_word' id='word_1_187' title='bbox 314 3096 375 3172; x_wconf 80' lang='grc' dir='ltr'>πὰρ</span> <span class='ocrx_word' id='word_1_188' title='bbox 390 3091 415 3156; x_wconf 87' lang='grc' dir='ltr'>δ’</span> <span class='ocrx_word' id='word_1_189' title='bbox 432 3091 477 3173; x_wconf 76' lang='grc' dir='ltr'>ἄρ’</span> <span class='ocrx_word' id='word_1_190' title='bbox 495 3093 655 3171; x_wconf 72' lang='grc' dir='ltr'>ἐϋμμελίην</span> <span class='ocrx_word' id='word_1_191' title='bbox 670 3092 905 3173; x_wconf 89' lang='grc' dir='ltr'>Πεισίστρατον,</span> <span class='ocrx_word' id='word_1_192' title='bbox 920 3095 1053 3176; x_wconf 87' lang='grc' dir='ltr'>ὄρχαμον</span> <span class='ocrx_word' id='word_1_193' title='bbox 1067 3094 1191 3176; x_wconf 80' lang='grc' dir='ltr'>ἀνδρῶν,</span> <span class='ocrx_word' id='word_1_194' title='bbox 1209 3122 1261 3170; x_wconf 86' lang='lat'>400</span> 
     </span>
     <span class='ocr_line' id='line_1_28' title="bbox 317 3193 1000 3280; baseline 0.004 -22"><span class='ocrx_word' id='word_1_195' title='bbox 317 3197 350 3262; x_wconf 84' lang='grc' dir='ltr'>ός</span> <span class='ocrx_word' id='word_1_196' title='bbox 365 3197 394 3259; x_wconf 86' lang='grc' dir='ltr'>οἱ</span> <span class='ocrx_word' id='word_1_197' title='bbox 411 3195 452 3259; x_wconf 85' lang='grc' dir='ltr'>ἔτ’</span> <span class='ocrx_word' id='word_1_198' title='bbox 462 3193 566 3274; x_wconf 74' lang='grc' dir='ltr'>’ήὶθεος</span> <span class='ocrx_word' id='word_1_199' title='bbox 584 3194 699 3260; x_wconf 90' lang='grc' dir='ltr'>παίδων</span> <span class='ocrx_word' id='word_1_200' title='bbox 714 3194 751 3274; x_wconf 88' lang='grc' dir='ltr'>ῆν</span> <span class='ocrx_word' id='word_1_201' title='bbox 766 3197 799 3259; x_wconf 86' lang='grc' dir='ltr'>ἐν</span> <span class='ocrx_word' id='word_1_202' title='bbox 813 3195 1000 3280; x_wconf 90' lang='grc' dir='ltr'>μεγάροισιν.</span> 
     </span>
     <span class='ocr_line' id='line_1_29' title="bbox 315 3297 1037 3382; baseline 0.006 -23"><span class='ocrx_word' id='word_1_203' title='bbox 315 3299 403 3365; x_wconf 82' lang='grc' dir='ltr'>αὐτὸς</span> <span class='ocrx_word' id='word_1_204' title='bbox 419 3297 445 3362; x_wconf 85' lang='grc' dir='ltr'>δ’</span> <span class='ocrx_word' id='word_1_205' title='bbox 461 3299 531 3362; x_wconf 75' lang='grc' dir='ltr'>οὕτε</span> <span class='ocrx_word' id='word_1_206' title='bbox 547 3303 671 3363; x_wconf 81' lang='grc' dir='ltr'>καθεῦδε</span> <span class='ocrx_word' id='word_1_207' title='bbox 686 3302 771 3382; x_wconf 77' lang='grc' dir='ltr'>μυχῷ</span> <span class='ocrx_word' id='word_1_208' title='bbox 789 3300 879 3379; x_wconf 91' lang='grc' dir='ltr'>δόμου</span> <span class='ocrx_word' id='word_1_209' title='bbox 894 3302 1037 3381; x_wconf 80' lang='grc' dir='ltr'>ὑψηλοῖο,</span> 
     </span>
     <span class='ocr_line' id='line_1_30' title="bbox 315 3399 1124 3486; baseline 0.007 -24"><span class='ocrx_word' id='word_1_210' title='bbox 315 3402 355 3484; x_wconf 69' lang='grc' dir='ltr'>τῷ</span> <span class='ocrx_word' id='word_1_211' title='bbox 371 3399 396 3464; x_wconf 90' lang='grc' dir='ltr'>δ’</span> <span class='ocrx_word' id='word_1_212' title='bbox 413 3401 528 3485; x_wconf 85' lang='grc' dir='ltr'>άλοχος</span> <span class='ocrx_word' id='word_1_213' title='bbox 543 3401 688 3466; x_wconf 91' lang='grc' dir='ltr'>δέσποινα</span> <span class='ocrx_word' id='word_1_214' title='bbox 703 3403 796 3486; x_wconf 88' lang='grc' dir='ltr'>λέχος</span> <span class='ocrx_word' id='word_1_215' title='bbox 812 3405 943 3484; x_wconf 87' lang='grc' dir='ltr'>πόρσυνε</span> <span class='ocrx_word' id='word_1_216' title='bbox 962 3401 1010 3466; x_wconf 89' lang='grc' dir='ltr'>καὶ</span> <span class='ocrx_word' id='word_1_217' title='bbox 1027 3401 1124 3483; x_wconf 79' lang='grc' dir='ltr'>εὐνήν.</span> 
     </span>
    </p>

    <p class='ocr_par' dir='ltr' id='par_1_9' title="bbox 317 3502 1263 3794">
     <span class='ocr_line' id='line_1_31' title="bbox 357 3502 1104 3591; baseline 0.011 -25"><span class='ocrx_word' id='word_1_218' title='bbox 357 3502 458 3584; x_wconf 89' lang='grc' dir='ltr'>Ἦμος</span> <span class='ocrx_word' id='word_1_219' title='bbox 473 3504 498 3568; x_wconf 87' lang='grc' dir='ltr'>δ’</span> <span class='ocrx_word' id='word_1_220' title='bbox 517 3505 669 3588; x_wconf 90' lang='grc' dir='ltr'>ήριγένεια</span> <span class='ocrx_word' id='word_1_221' title='bbox 684 3505 766 3588; x_wconf 93' lang='grc' dir='ltr'>φάνη</span> <span class='ocrx_word' id='word_1_222' title='bbox 781 3508 998 3591; x_wconf 81' lang='grc' dir='ltr'>ῥοδοδάκτυλος</span> <span class='ocrx_word' id='word_1_223' title='bbox 1012 3506 1104 3588; x_wconf 80' lang='grc' dir='ltr'>Ἠώς,</span> 
     </span>
     <span class='ocr_line' id='line_1_32' title="bbox 317 3606 1263 3691; baseline 0.006 -21"><span class='ocrx_word' id='word_1_224' title='bbox 317 3606 420 3688; x_wconf 76' lang='grc' dir='ltr'>ὤρνυτ’</span> <span class='ocrx_word' id='word_1_225' title='bbox 436 3606 481 3688; x_wconf 77' lang='grc' dir='ltr'>ἄρ’</span> <span class='ocrx_word' id='word_1_226' title='bbox 499 3607 534 3686; x_wconf 86' lang='grc' dir='ltr'>ἐξ</span> <span class='ocrx_word' id='word_1_227' title='bbox 549 3610 655 3691; x_wconf 77' lang='grc' dir='ltr'>εὐνῆφι</span> <span class='ocrx_word' id='word_1_228' title='bbox 672 3609 813 3689; x_wconf 91' lang='grc' dir='ltr'>Γερήνιος</span> <span class='ocrx_word' id='word_1_229' title='bbox 830 3611 941 3673; x_wconf 79' lang='grc' dir='ltr'>ἱππότα</span> <span class='ocrx_word' id='word_1_230' title='bbox 958 3608 1095 3691; x_wconf 90' lang='grc' dir='ltr'>Νέστωρ,</span> <span class='ocrx_word' id='word_1_231' title='bbox 1214 3639 1263 3691; x_wconf 81' lang='lat'>405</span> 
     </span>
     <span class='ocr_line' id='line_1_33' title="bbox 317 3711 1113 3794; baseline 0.008 -20"><span class='ocrx_word' id='word_1_232' title='bbox 317 3713 350 3775; x_wconf 86' lang='grc' dir='ltr'>έκ</span> <span class='ocrx_word' id='word_1_233' title='bbox 367 3711 393 3775; x_wconf 88' lang='grc' dir='ltr'>δ’</span> <span class='ocrx_word' id='word_1_234' title='bbox 409 3711 508 3775; x_wconf 77' lang='grc' dir='ltr'>ἐλθὸν</span> <span class='ocrx_word' id='word_1_235' title='bbox 523 3711 585 3775; x_wconf 91' lang='grc' dir='ltr'>κατ’</span> <span class='ocrx_word' id='word_1_236' title='bbox 601 3711 647 3792; x_wconf 77' lang='grc' dir='ltr'>ἄρ’</span> <span class='ocrx_word' id='word_1_237' title='bbox 662 3711 736 3790; x_wconf 75' lang='grc' dir='ltr'>ἕζετ’</span> <span class='ocrx_word' id='word_1_238' title='bbox 753 3715 802 3778; x_wconf 78' lang='grc' dir='ltr'>ἐπὶ</span> <span class='ocrx_word' id='word_1_239' title='bbox 817 3711 954 3790; x_wconf 79' lang='grc' dir='ltr'>ξεστοῖσι</span> <span class='ocrx_word' id='word_1_240' title='bbox 970 3715 1113 3794; x_wconf 88' lang='grc' dir='ltr'>λίθοισιν,</span> 
     </span>
    </p>
   </div>
   <div class='ocr_carea' id='block_1_3' title="bbox 0 0 1471 4232">
    <p class='ocr_par' dir='ltr' id='par_1_10' title="bbox 0 0 1471 4232">
     <span class='ocr_line' id='line_1_34' title="bbox 0 0 1471 4232; baseline 0 0"><span class='ocrx_word' id='word_1_241' title='bbox 0 0 1471 4232; x_wconf 95' lang='lat' dir='ltr'> </span> 
     </span>
    </p>
   </div>
  </div>
 </body>
</html>
