2760 4232
576 347 736 406 ΚΎΠΡΙΑ.
1046 361 1128 428 ιοο3

183 512 233 578 ἐπὶ
259 514 350 596 θήρας
374 516 481 593 βαλὼν
509 515 626 595 ἔλαφον
650 513 855 596 ὑπερβάλλειν
878 517 975 596 ἔφησε
1000 515 1049 580 καὶ
1074 517 1129 596 τὴν

178 616 330 698 Ἀρτεμιν·
352 620 507 697 μηνίσασα
524 621 557 683 δὲ
577 619 596 698 ἡ
618 621 685 685 θεὸς
701 618 833 702 ἐπέσχεν
852 619 958 686 αῦτοὺς
976 625 1028 683 τοῦ
1050 627 1128 684 πλοῦ

181 727 332 803 χειμῶνας
347 723 567 802 ἐπιπέμπουσα·
591 721 771 806 Κάλχαντος
792 725 824 785 δὲ
845 723 983 788 είπάντος
1001 725 1056 801 τὴν
1076 727 1128 802 τῆς

182 828 253 887 θεοῦ
271 831 360 904 μῆνιν
383 827 431 890 καὶ
446 825 629 908 Ἰφιγένειαν
650 827 847 891 κελεύσαντος
870 827 952 890 θύειν
975 827 1127 913 τῇἈρτέ-

180 934 252 1007 μιδι,
269 930 307 996 ὡς
323 931 373 995 ἐπὶ
389 929 487 1013 γάμου
506 930 749 1014 αῦτηνἊχιλλεῖ
763 929 1032 1010 μεταπεμψάμενοι
1047 933 1128 996 θύειν

182 1034 398 1116 ἐπιχειροῦσιν·
416 1031 557 1115 Ἀρτεμις
573 1037 606 1098 δὲ
622 1035 714 1112 αῦτῦην
729 1033 925 1114 ἐξαρπάσασα
942 1036 984 1100 είς
995 1034 1129 1115 Ταύρους

180 1139 367 1218 μετακομίζει
394 1135 442 1201 καὶ
469 1139 621 1202 ἀθάνατον
646 1143 736 1216 ποιεῖ,
769 1139 887 1218 ἔλαφον
917 1141 949 1202 δὲ
980 1139 1048 1202 άντὶΙ
1075 1145 1127 1218 τῆς

182 1241 270 1320 κόρης
297 1242 462 1321 παρίστησι
488 1243 529 1326 τῷ
553 1243 656 1327 βωμῷ.
707 1241 811 1306 ἔπειτα
838 1239 1060 1306 καταπλέουσιν
1085 1245 1127 1310 είς

180 1344 317 1421 Τένεδον,
335 1346 383 1407 καὶ
408 1346 618 1428 εὐωχουμένων
641 1347 737 1409 αῦτῶν
760 1345 949 1425 Φιλοκτήτης
968 1347 1020 1427 ὑφ’
1040 1348 1128 1427 ύδρσυ

181 1450 309 1537 πληγεὶς
328 1453 378 1513 διδ
396 1450 450 1529 τήν
465 1454 634 1530 δυσοσμίαν
652 1453 686 1514 έν
707 1449 818 1536 Λήμνῳ
838 1450 1034 1530 κατελείφθη.
1079 1448 1127 1514 καὶ

179 1551 344 1636 Ἀχιλλεὺς
359 1555 484 1634 ύστερος
500 1553 619 1631 κληθεὶς
635 1553 807 1637 διαφέρεται
823 1560 896 1633 πρὸς
910 1551 1126 1637 Ἀγαμέμνονα.

181 1655 284 1720 ἔπειτα
321 1658 540 1737 ἀποβαίνοντας
574 1658 680 1724 αῦτοῦς
715 1661 758 1724 είς
787 1657 883 1722 Ἴλιον
912 1660 1064 1739 εἴργουσιν
1097 1662 1126 1722 οἶ

180 1763 289 1841 Τριῦες,
310 1758 358 1823 καὶ
382 1760 504 1840 θνήσκει
524 1765 739 1844 Πρωτεσίλαος
760 1762 812 1843 ὑφ’
823 1761 977 1842 Ἕκτορος.
1024 1764 1126 1826 ἔπειτα

178 1863 342 1946 Ἀχιλλεὺς
365 1865 471 1932 αὐτοὺς
493 1865 634 1946 τρέπεται
658 1867 775 1930 ἆνελδν
797 1866 912 1928 Κύκνον
938 1865 991 1929 τὸν
1015 1871 1125 1931 Ποσει-

180 1973 283 2046 δῶνος,
295 1967 343 2033 καὶ
359 1968 427 2034 τοὺς
439 1969 559 2049 νεκροὺς
571 1971 770 2049 ἀναιροῦνται·
795 1965 843 2032 καὶ
855 1969 1127 2049 διαπρεσβεύωνται

181 2071 254 2151 πρὸς
278 2072 348 2138 ’τοῦς
374 2077 480 2153 Τρῶας
505 2073 560 2151 τὴν
583 2073 711 2151 Ἑλένην
741 2073 790 2136 καὶ
819 2073 856 2136 τὰ
882 2071 1017 2152 κτήματα
1037 2075 1126 2145 άπαι-

170 2181 308 2265 Ιτοῦντες·
332 2176 371 2242 ὣς
386 2177 419 2240 δὲ
435 2179 490 2259 οῦχ
506 2176 681 2256 ὑπήκουσαν
697 2177 814 2254 ἐκεῖνοι,
831 2179 958 2239 ἐνταῦθα
973 2177 1014 2256 δή
1024 2201 1125 2261 τειχο-

178 2285 338 2363 μαχοῦσιν.
388 2279 491 2344 ἔπειτα
520 2281 581 2359 τὴν
603 2281 706 2363 χώραν
735 2279 951 2358 ἐπεξελθόντες
979 2284 1125 2360 πορθοῦσι

180 2380 228 2446 καὶ
251 2387 303 2450 τὰς
327 2374 503 2464 περιοίκους
517 2385 633 2450 πόλεις.
679 2381 727 2446 καὶ
751 2386 826 2463 μετὰ
847 2389 939 2446 ταῦτα
961 2381 1125 2466 Ἀχιλλεὺς

178 2487 307 2567 Ἑλένην
330 2490 468 2567 ἐπιθυμεῖ
487 2488 667 2564 θεάσασθαι,
690 2487 738 2550 καὶ
762 2485 932 2568 συνήγαγεν
956 2486 1061 2552 αὐτοὺς
1083 2489 1125 2554 είς

178 2593 212 2654 τὸ
237 2593 307 2656 αῦτδ
330 2590 493 2673 Ἀφροδίτη
519 2593 567 2655 καὶ
592 2593 691 2657 Θέτις.
737 2592 801 2654 εἶτα
824 2592 1005 2655 άπονοστεῖν
1028 2591 1124 2672 ὡρμη-

177 2698 283 2774 μένους
306 2695 373 2763 τοῦς
395 2693 538 2778 Ἀχαιοῦς
554 2693 717 2779 Ἀχιλλεὺς
741 2694 871 2776 κατέχει·
903 2693 1030 2758 κᾶπειτα
1050 2697 1123 2760 άπε-

178 2802 282 2864 λαύνει
305 2799 357 2866 τὰς
384 2798 505 2863 Αἰνείου
531 2799 620 2878 βόας,
651 2796 697 2862 καὶ
724 2802 881 2879 Λυρνησδν
907 2797 956 2863 καί
978 2798 1125 2877 Πήδασον

178 2909 285 2984 πορθεῖ
301 2904 349 2967 καὶ
365 2902 479 2986 συχνὰς
495 2909 554 2966 τῶν
568 2903 757 2984 περιοικίδων
771 2905 900 2967 πόλεων·
924 2899 972 2966 καὶ
986 2901 1125 2984 Τρωίλον

178 3008 308 3089 φονεύει.
355 3006 492 3071 Λυκάονά
517 3031 550 3070 τε
579 3005 755 3088 Πάτροκλος
787 3007 829 3072 είς
855 3010 977 3086 Λῆμνον
1002 3008 1123 3090 ἀγαγὼν

178 3113 348 3196 άπεμτολᾷ.
387 3108 435 3175 καὶ
451 3113 482 3174 ἐκ
498 3115 558 3175 τῶν
573 3110 718 3192 λαφύρων
727 3109 891 3194 Ἀχιλλεὺς
906 3113 961 3191 μὲν
976 3110 1123 3190 Βρισηίδα

178 3215 267 3299 γέρας
284 3209 447 3298 λαμβάνει,
463 3211 620 3294 Χρυσηίδα
635 3217 666 3277 δέ
682 3214 884 3294 Ἀγαμέμνων.
931 3212 1038 3278 ἔπειτά
1056 3219 1123 3280 ἐστι

177 3319 380 3400 Παλαμήδους
396 3307 533 3395 θάνατος,
549 3305 601 3381 καί
614 3324 687 3384 Διὸς
707 3317 808 3398 βουλή
829 3319 910 3383 ὅπως
929 3321 1122 3400 ἐπικουφίσει

176 3424 245 3490 τοὺς
275 3428 379 3504 Τρῶας
404 3419 554 3503 Ἀχιλλέα
585 3425 638 3500 τῆς
668 3420 838 3504 συμμαχίας
861 3425 915 3500 τῆς
940 3421 1122 3500 Ἑλληνικῆς

177 3526 362 3606 ἀποστήσας·
400 3523 448 3588 καὶ
471 3525 636 3606 κατάλογος
664 3531 724 3590 τιῦν
752 3530 815 3591 τοῖς
837 3527 940 3606 Τρωσὶ
965 3552 1122 3608 συμμαχη-

177 3631 304 3697 σάντων.

737 3731 847 3791 Proclus‚
859 3733 996 3782 Chrestom.
1008 3729 1052 3780 lib.
1066 3744 1086 3780 1.
