2728 4230
481 361 510 424 8.
534 368 704 428 1A1AA02
728 369 784 429 a:
1042 381 1098 449 151

155 533 272 614 Ἕκτωρ
287 533 465 614 Πριαμίδης,
482 534 533 598 ὅτε
549 536 580 597 οἱ
596 533 672 600 Ζεὺς
687 539 773 601 κῦδος
789 535 889 602 ἔδωκε.

159 637 209 700 καί
222 636 258 700 νύ
273 632 299 699 κ’
318 635 483 718 ἐνέπρησεν
497 637 568 719 πυρὶ
584 634 683 722 κηλέῳ
700 640 773 716 νῆας
788 637 883 712 ἐίσας,

159 741 185 802 εἰ
199 738 239 819 μή
256 741 306 803 ἐπὶ
322 740 415 820 φρεσὶ
431 737 496 818 θῆκ’
513 737 715 822 Ἀγαμέμνονι
731 743 840 806 πότνια
851 740 931 823 Ἥρη

158 841 236 926 αὐτῷ
252 841 452 906 ποιπνύσαντι
468 846 544 909 θοῶς
560 843 680 924 ὀτρῦναι
694 843 848 926 Ἀχαιούς.

157 947 200 1022 βή
215 941 242 1008 δ’
258 942 335 1008 ἰέναι
350 943 431 1027 παρά
445 969 478 1010 τε
494 946 615 1012 κλισίας
630 945 679 1010 καὶ
695 949 768 1024 νῆας
783 946 919 1029 Ἀχαιῶν

158 1047 329 1129 πορφύρεον
342 1046 421 1130 μέγα
436 1053 533 1130 φᾶρος
548 1049 628 1132 ἔχων
644 1051 677 1113 ἐν
691 1051 771 1132 χειρὶ
786 1052 909 1137 παχείῃ,

158 1152 214 1226 στῆ
229 1149 254 1214 δ’
272 1151 319 1214 ἐπ’
334 1148 505 1230 Ὀδυσσῆος
517 1151 680 1234 μεγακήτεϊ
695 1151 744 1233 νηὶ
757 1154 894 1240 μελαίνῃ,

157 1254 177 1331 ή
191 1250 222 1336 ῥ’
237 1255 271 1319 ἐν
284 1252 428 1339 μεσσάτῳ
444 1254 516 1319 ἔσκε
530 1253 701 1337 γεγωνέμεν
715 1254 923 1338 ἀμφοτέρωσε,

159 1353 248 1443 [ἠμὲν
263 1354 310 1420 ἐπ’
326 1359 454 1423 Αἴαντος
470 1357 592 1423 κλισίας
605 1356 842 1436 Τελαμωνιάδαο

157 1460 201 1538 ἠδ’
216 1458 264 1524 ἐπ’
280 1457 454 1542 Ἀχιλλῆος,
469 1462 518 1524 τοί
528 1461 559 1545 ῥ’
577 1460 782 1543 ἔσχατανῆας
797 1460 883 1529 ἐίσας

157 1567 287 1644 εἴρυσαν,
304 1561 412 1649 ἠνορέη
428 1565 550 1628 πίσυνοι
566 1565 615 1627 καὶ
630 1563 731 1645 κάρτεϊ
744 1561 882 1652 χειμῶν’]

156 1666 249 1744 ἤϋσεν
264 1666 297 1730 δέ
313 1666 491 1748 διαπρύσιον
506 1671 658 1730 Δαναοῖσι
672 1668 820 1749 γεγωυύς·

158 1772 285 1847 “αίδ(ύς,
299 1770 441 1852 Ἀργεῖοι,
458 1768 522 1832 κάκ’
538 1766 678 1853 ἐλέγχεα,
695 1769 774 1836 εἶδος
789 1772 905 1852 ἀγητοί·

156 1869 197 1956 τῇ
214 1872 291 1953 ἔβαν
307 1872 447 1955 ειίχωλαί,
463 1873 514 1936 ὅτε
528 1871 565 1950 δή
581 1871 681 1952 φάμεν
700 1871 778 1935 εἶναι
793 1872 920 1953 ἄριστοι,

156 1977 192 2042 δς
207 1975 292 2040 ὁπότ’
308 1978 342 2039 ἐν
356 1973 467 2061 Λήμνῳ
484 1973 659 2059 κενεαυχέες
676 1973 858 2056 ἠγοράασθε,

157 2080 298 2146 ἔσθοντες
314 2077 385 2161 κρέα
399 2081 502 2144 πολλὰ
516 2084 601 2158 βοῶν
616 2075 846 2159 ὀρθοκραιράων,

156 2179 293 2244 πίνοντες
307 2180 452 2259 κρητῆρας
466 2175 651 2259 ἐπιστεφέας
670 2180 775 2254 οἴνοιο,

155 2282 266 2363 Τρύων
281 2279 347 2346 ἀνθ’
363 2281 470 2346 ἑκατόν
485 2306 518 2345 τε
533 2280 697 2358 διηκοσίων
712 2305 745 2344 τε
761 2279 888 2347 ἔκαστος

157 2382 302 2462 στήσεσθ’
318 2385 352 2448 ἐν
366 2383 500 2468 πολέμῳ·
523 2382 616 2448 νῦνδ’
631 2379 695 2446 οόδ’
711 2380 778 2448 ἑυδς
793 2380 876 2461 άξιοί
891 2385 973 2463 εἰμεν

152 2485 304 2569 Ἕκτορος,
320 2485 353 2552 δς
367 2485 497 2569 τάχα
461 2512 535 2565 νηας
549 2483 706 2567 ἐνιπρήσει
721 2511 790 2567 πορι
780 2485 914 2570 κηλέῳ

157 2595 215 2654 Ζεῦ
228 2588 332 2672 πάτερ,
348 2588 420 2670 ήρά
436 2614 484 2653 τιν
484 2588 594 2668 ’ήδη
578 2614 709 2716 γπερμεν
709 2586 767 2651 ἔων
780 2589 943 2668 βασιλήων

156 2692 218 2779 τῇδ
232 2694 289 2779 άτῃ
305 2692 402 2758 άοσος
418 2694 470 2756 καί
481 2717 533 2773 μιν
547 2691 626 2774 μέγα
641 2697 728 2758 κῦδος
743 2693 876 2774 ἀπηύρας
885 2717 896 2766 ‚·

157 2797 190 2859 ού
202 2796 258 2878 μέν
274 2793 310 2874 δή
325 2793 399 2860 ποτέ
414 2801 493 2876 φημι
507 2794 576 2860 τεὸν
591 2793 777 2877 περικαλλέα
791 2794 899 2876 βωμὸν

155 2901 204 2979 νηί
217 2897 397 2976 πολυκλήϊδι
412 2897 601 2980 παρελθέμεν
616 2897 723 2963 ἐνθάδε
740 2897 843 2980 ἔρρων,

155 3001 226 3066 ἀλλ’
241 3003 291 3066 ἐπὶ
307 3006 384 3066 πᾶσι
397 3007 483 3080 βοῶν
498 3002 592 3082 δημὸν
607 3004 657 3066 καὶ
671 3001 754 3083 μηρί’
772 3001 853 3081 ἔκηα,

157 3105 272 3187 ἱέμενος
285 3105 398 3186 Τροίην
413 3104 565 3189 εύτείχεον
581 3103 778 3185 ἐξαλαπάξαι.

155 3206 246 3284 ἀλλά,
263 3212 331 3284 Ζεῶ,
349 3209 418 3273 τάδε
432 3206 488 3290 πέρ
501 3234 554 3288 μοι
569 3207 749 3290 ἐπικρήηνον
765 3207 886 3290 ἐέλδωρ·

156 3311 260 3377 αύτούς
275 3309 311 3389 δή
327 3336 384 3392 περ
401 3311 494 3376 ἔασον
508 3309 710 3394 ὑπεκφυγέειν
725 3312 773 3374 καὶ
789 3309 905 3390 ἀλύξαι,

152 3413 219 3494 μηδ’
236 3415 312 3477 οὕτω
326 3414 487 3496 Τρύεσσιν
502 3414 537 3478 ἔα
553 3413 723 3493 δάμνασθαι
740 3411 907 3496 Ἀχαιούς.”

188 3516 252 3584 Ὣς
267 3516 358 3600 φάτο,
374 3517 427 3582 τὸν
442 3520 475 3582 δέ
491 3517 588 3600 πατὴρ
605 3517 777 3599 ὀλοφύρατο
792 3517 883 3600 δάκρυ
897 3516 1016 3601 χέοντο,
1053 3546 1099 3594 ²45

153 3627 242 3685 νεῦσε
257 3619 290 3685 δέ
306 3623 335 3686 οἱ
353 3620 430 3684 λαὸν
446 3626 509 3685 σῶν
523 3621 648 3702 ἔμμεναι
664 3620 723 3684 οὐδ’
739 3617 919 3686 ἀπολέσθαι.

154 3725 257 3790 αὐτίκα
272 3724 300 3789 δ’
317 3724 417 3789 αίετδν
432 3725 494 3806 ήκε,
509 3725 702 3790 τελειότατον
719 3729 879 3803 πετεηνῶν,
