2874 4234
534 331 579 405 9„
596 327 830 388 οατνςιιιια
855 327 877 386 1.
1117 327 1179 410 657

235 496 358 577 φάσθαι·
367 496 524 574 Ὀδυσσῆα
539 497 757 577 πτολιπόρθιον
773 494 954 575 ἐξαλαῶσαι,

234 599 300 663 υἱὸν
315 599 462 680 Λαέρτεω,
477 597 580 684 Ἰθάκη
595 599 640 664 ἐνι
656 600 728 664 οἰκί’
744 598 881 680 ἐχουτα.”
1131 631 1179 680 505

271 701 334 769 Ὠς
349 701 480 784 ἐφάμην,
497 703 513 765 δ
528 701 562 766 δέ
575 699 606 781 μ’
621 701 750 782 οἰμώξας
764 703 908 783 ἠμείβετο
926 704 1017 784 μύθῳ·

235 807 288 870 “ὢ
305 807 409 884 πόποι,
426 805 444 886 ῆ
461 805 544 884 μάλα
559 805 596 885 δή
614 833 651 886 με
666 808 844 887 παλαίφατα
861 807 990 887 θέσφαθ’
1009 810 1111 874 ἰκάνει.

234 909 306 973 έσκε
322 934 366 975 τις
383 909 487 973 ἐνθάδε
502 907 606 988 μάντις
621 909 695 988 άνῆρ
710 907 763 988 ῆύς
777 934 810 974 τε
825 909 919 991 μέγας
934 935 975 986 τε,

233 1009 372 1093 Τήλεμος
388 1012 562 1093 Εὐρυμίδης,
578 1011 611 1078 δς
625 1012 796 1098 μαντοσύνῃ
812 1013 955 1078 ἐκέκαστο

235 1113 282 1181 καὶ
297 1117 514 1196 μαντευόμενος
532 1114 678 1199 κατεγήρα
694 1117 926 1182 Κυκλώπεσσιν·
1131 1147 1180 1196 510

235 1219 268 1285 ός
282 1245 332 1299 μοι
348 1223 407 1299 ἔφη
423 1218 494 1283 τάδε
510 1217 609 1283 πάντα
624 1216 860 1297 τελευτήσεσθαι
876 1220 1006 1296 ὀπίσσω,

233 1327 344 1405 χειρῶν
360 1321 396 1402 ἐξ
410 1321 558 1400 Ὀδυσῆος
574 1321 800 1404 ἁμαρτήσεσθαι
816 1322 948 1403 ὀπωπῆς.

194 1473 198 1485 .
234 1423 305 1488 ἀλλ’
320 1428 381 1490 αἰεί
395 1451 461 1491 τινα
477 1431 566 1506 φῶτα
582 1427 676 1507 μέγαν
693 1423 741 1488 καὶ
757 1431 851 1488 καλὸν
866 1426 995 1509 ἐδέγμην

234 1527 332 1593 ἐνθάδ’
349 1530 539 1606 ἐλεύσεσθαι,
554 1527 690 1611 μεγάλην
705 1529 875 1609 ἐπιειμένον
890 1530 995 1610 άλκήν·

235 1637 288 1697 νῦν
303 1631 334 1697 δέ
347 1630 377 1711 μ’
392 1633 450 1696 ἐὼν
464 1632 568 1714 ὀλίγος
584 1658 617 1696 τε
633 1629 681 1696 καί
697 1633 850 1698 οὐτιδανὸς
867 1631 915 1696 καὶ
931 1635 1031 1702 ἄκικυς
1132 1665 1180 1714 515

234 1736 394 1816 ὀφθαλμοῦ
410 1735 559 1813 ἀλάωσεν,
575 1736 643 1800 ἐπεί
655 1733 685 1815 μ’
701 1736 893 1814 ἐδαμάσσατο
908 1739 987 1823 οἴνῳ.

234 1840 304 1904 ἀλλ’
321 1841 376 1923 άγε
391 1839 481 1923 δεῦρ’,
497 1838 635 1914 Ὀδυσεῦ,
652 1841 702 1904 ἵνα
716 1866 763 1903 τοι
779 1839 838 1920 πὰρ
854 1839 949 1920 ξείνια
964 1844 1045 1920 θείω,

231 1944 356 2026 πομπήν
371 1946 396 2008 τ’
413 1947 525 2026 ὀτρύνω
542 1946 664 2024 δόμεναι
681 1950 790 2008 κλυτὸν
806 1946 1005 2028 ἐννοσίγαιον·

234 2147 323 2213 αὐτὸς
338 2148 373 2224 δ’,
390 2151 423 2212 αἰ
437 2148 462 2210 κ’
479 2145 610 2233 ἐθέλησ’,
626 2148 753 2223 ἰήσεται,
771 2145 841 2210 οὐδέ
854 2173 899 2213 τις
915 2147 1011 2216 άλλος
1132 2179 1181 2228 520

233 2252 301 2315 ούτε
316 2257 393 2315 θεῶν
411 2250 552 2332 μακάρων
567 2250 634 2316 οὔτε
649 2254 764 2328 θνητῶν
779 2251 971 2330 άνθρύπων.”

269 2355 333 2422 Ὠς
349 2355 446 2436 ἔφατ’,
461 2354 553 2435 αύτδρ
567 2355 626 2437 έγιύ
641 2379 694 2435 μιν
709 2356 909 2434 ἀμειβόμενος
924 2358 1115 2437 προσέειπον·

231 2465 248 2508 ·“
258 2459 289 2524 αἰ
304 2462 362 2542 γδρ
378 2458 413 2538 δῆ
429 2461 532 2541 ψυχῆς
547 2485 579 2523 τε
596 2460 645 2521 καὶ
661 2458 768 2522 αἰῶνός
784 2484 820 2522 σε
837 2462 981 2540 δυναίμην

231 2563 313 2628 εύνιν
327 2562 458 2642 ποιήσας
472 2563 591 2643 πέμψαι
607 2562 700 2641 δόμον
711 2561 815 2628 Ἀΐδας
830 2565 916 2640 εἴσω,

234 2667 273 2732 ὡς
288 2667 340 2730 οὐκ
359 2668 521 2747 ὀφθαλμόν
536 2663 564 2747 γ’
580 2663 698 2743 ἰήσεται
713 2664 773 2728 οὐδ’
791 2666 989 2746 ἐνοσίχθων.”
1131 2696 1178 2745 525

268 2769 331 2836 Ὣς
347 2767 476 2850 ἐφάμην,
493 2771 509 2832 ὁ
524 2768 548 2834 δ’
566 2769 671 2832 ἔπειτα
689 2767 877 2833 Ποσειδάωνι
893 2770 998 2835 άνακτι

233 2872 345 2955 εύχετο,
362 2873 438 2955 χεῖρ’
453 2871 568 2952 ὀρέγων
585 2873 627 2938 εἰς
643 2872 768 2954 αύρανδν
784 2873 973 2954 ἀστερόεντα·

276 2984 293 3011 “
304 2981 409 3055 Κλῦθι,
426 2976 598 3040 Ποσείδαον
613 2973 749 3059 γαιήοχε,
767 2981 956 3057 κυανοχαῖτα·

232 3188 282 3250 δδς
297 3183 337 3262 μῆ
352 3184 510 3260 Ὀδυσσῆα
524 3184 742 3265 πτολιπόρθιον
757 3183 851 3248 οἴκαδ’
867 3183 985 3250 ἱκέσθαι
1128 3217 1178 3264 530

233 3287 312 3370 [υἱὸν
327 3289 473 3370 Λαέρτεω,
488 3285 590 3372 Ἰθάκη
607 3287 652 3350 ἐυι
667 3287 740 3350 οἰκί’
760 3284 894 3376 έχοντα].

233 3391 303 3454 θλλ’
318 3396 347 3456 εἰ
361 3394 389 3454 οἱ
404 3393 480 3472 μοῖρ’
498 3389 564 3456 ἐστὶ
579 3391 687 3471 φίλους
703 3388 729 3454 τ’
746 3391 836 3456 ἰδέειν
852 3391 900 3456 καὶ
917 3395 1033 3459 ἱκέσθαι

231 3495 315 3558 οἰκον
330 3496 503 3576 ἐϋκτίμενον
519 3497 566 3561 καὶ
583 3497 635 3575 ἐῆν
651 3496 682 3561 ἐς
697 3497 825 3575 πατρίδα
839 3503 937 3579 γαῖαν,

231 3601 292 3680 ὀφέ
308 3605 405 3665 κακῶς
420 3600 512 3674 ἐλθοι,
528 3601 642 3666 ὀλέσας
656 3599 715 3664 ἄπο
730 3598 843 3666 πάντας
860 3603 1000 3682 ἑταίρους,

232 3703 301 3784 νηὸς
318 3702 365 3767 ἐπ’
381 3704 550 3785 άλλοτρίης,
565 3705 645 3785 εύροι
661 3701 686 3766 δ’
701 3705 734 3768 ἐν
750 3701 869 3783 πήματα
885 3705 985 3792 οἰκῳ.”
1130 3733 1178 3783 535
