2792 4232
279 355 342 435 284
601 370 649 431 14.
676 355 846 414 ΙΛΙΑΔΟΣ
868 351 909 414 Ξ.’

281 528 424 607 ὄψεσθαι·
448 517 530 587 τοῖόν
545 548 592 585 τοι
607 523 666 604 ἐγὼ
682 522 775 602 νέφος
790 520 996 601 ἀμφικαλθφώ
1031 517 1034 526 ’
1055 573 1074 594 γ.

278 629 418 708 χρύσεον·
443 627 502 689 οὐδ’
519 625 557 690 ἀν
572 631 626 691 νῶϊ
641 624 793 705 διαδράκοι
807 623 933 688 Ἠέλιός
951 649 1015 703 περ,
1082 627 1084 634 ’

279 733 313 794 οὗ
328 757 361 794 τε
377 730 425 794 καὶ
441 728 585 807 ὀξύτατον
599 728 725 792 πέλεται
741 727 819 807 φάος
835 721 1065 807 είσοράασθαι.”
1173 753 1221 801 345

317 834 360 896 Ἦ
371 837 417 917 ῥα,
431 834 480 896 καὶ
495 834 589 913 ἀγκάς
604 831 735 912 ἔμαρπτε
752 831 867 911 Κρόνου
882 833 953 895 παῖς
967 827 1005 906 ἣν
1020 826 1206 910 παράκοιτιν·

279 941 358 998 τοῖσι
375 934 401 998 δ’
414 935 472 998 ὑπὸ
487 936 571 1017 χθὼν
587 938 636 996 δῖα
651 933 728 1012 φύεν
744 931 892 1011 νεοθηλέα
906 927 1007 1010 ποίην,

278 1039 377 1102 λωτόν
392 1038 417 1100 θ’
435 1036 582 1120 ἑρσήεντα
597 1039 641 1100 ἰδὲ
657 1037 764 1116 κρόκον
778 1037 823 1115 ἠδ’
839 1034 979 1100 ὑάκινθον

279 1141 389 1206 πυκνὸν
405 1143 453 1204 καὶ
467 1141 614 1220 μαλακόν,
631 1134 664 1206 ὃς
679 1139 738 1203 ἀπὸ
753 1139 864 1221 χθονὸς
879 1136 974 1220 ἀφόσ’
991 1133 1092 1220 ἔεργε.Ι
1133 1133 1136 1140 ’

279 1247 318 1329 τῷ
335 1246 379 1309 ἔνι
394 1243 557 1322 λεξάσθην,
574 1245 624 1308 ἐπὶ
640 1244 673 1306 δὲ
688 1242 822 1323 νεφέλην
838 1243 970 1306 ἕσσαντο
1171 1269 1220 1316 350

279 1347 375 1424 καλὴν
390 1348 544 1429 χρυσείην·
569 1348 713 1410 στιλπναὶ
729 1346 753 1410 δ’
771 1344 941 1409 ἀπέπιπτον
956 1347 1068 1425 ἔερσαι.

315 1447 378 1514 Ὠς
394 1451 410 1512 δ
424 1452 480 1527 μὲν
495 1448 623 1530 ἀτρέμας
639 1449 705 1513 εὗδε
719 1448 817 1530 πατὴρ
833 1450 889 1512 ἀνά
904 1447 1047 1532 Γαργάρῳ
1063 1447 1151 1532 άκρῳ,

278 1553 359 1636 ὕπνῳ
376 1552 425 1615 καὶ
441 1554 583 1632 φιλότητι
599 1552 711 1630 δαμείς,
729 1553 782 1633 ἔχε
797 1552 822 1614 δ’
839 1553 933 1633 ἀγκὰς
948 1551 1071 1614 ἄκοιτιν·

278 1659 321 1732 βῆ
337 1656 369 1717 δὲ
386 1654 466 1720 θέειν
481 1656 531 1717 ἐπὶ
546 1659 618 1732 νῆας
632 1654 767 1735 Ἀχαιῶν
783 1652 908 1733 νήδυμος
920 1652 1043 1726 Ὕπνος,

279 1758 426 1839 ἀγγελίην
441 1756 532 1838 ἔρέων
546 1758 681 1840 γαιηόχῳ
699 1757 886 1840 ἐννοσιγαίῳ·
1173 1781 1222 1831 355

278 1862 374 1942 ἀγχοῦ
390 1858 416 1923 δ’
434 1859 592 1939 ἱστάμενος
607 1859 682 1923 ἔπεα
696 1861 858 1938 πτερόεντα
873 1860 1039 1940 προσηύδα·

280 1971 296 1998 “
308 1964 451 2044 πρόφρων
467 1968 519 2025 νῦν
535 1967 693 2036 Δαναοῖσι,
711 1962 892 2037 Ποσείδαον,
910 1961 1049 2040 ἐπάμυνε,
1077 1959 1079 1964 ’

279 2068 329 2128 καί
345 2078 422 2147 σφιν
439 2071 524 2132 κῦδος
540 2066 633 2143 ὄπαζε
646 2063 773 2143 μίνυνθά
789 2090 854 2146 περ,
871 2064 941 2145 ὄφρ’
959 2066 1003 2129 ἔτι
1019 2066 1097 2130 εὕδει

278 2169 362 2241 Ζεός,
379 2170 446 2233 ἐπεὶ
460 2170 538 2253 αὐτῷ
555 2168 615 2252 έγδ
630 2168 767 2247 μαλακὸν
781 2169 849 2249 περὶ
866 2167 936 2246 κῶμ’
955 2167 1104 2248 ἐκάλυψα·

273 2269 354 2350 Ἥρη
371 2269 396 2334 δ’
413 2263 445 2334 ἔν
460 2273 602 2352 φιλότητι
617 2269 800 2351 παρήπαφεν
816 2268 1006 2350 εὐνηθῆναι.”
1172 2284 1222 2347 3⁶0

314 2371 377 2439 Ὣς
392 2375 484 2438 είπὼν
500 2376 516 2436 δ
530 2377 586 2453 μὲν
602 2371 690 2457 ᾤχετ’
707 2374 757 2437 ἐπὶ
773 2376 866 2437 κλυτά
881 2370 955 2453 φῦλ’
971 2372 1145 2452 ἀνθρώπων,

277 2477 329 2539 τὸν
344 2476 368 2540 δ’
386 2477 429 2540 ἔτι
444 2481 565 2556 μᾶλλον
580 2478 689 2554 ἀνῆκεν
704 2476 882 2557 ἀμυνέμεναι
900 2482 1077 2541 Δαναοῖσιν.

278 2579 383 2642 αὐτίκα
397 2577 424 2642 δ’
439 2581 472 2644 έν
487 2580 632 2660 πρότοισι
647 2578 725 2661 μέγα
740 2575 894 2661 προθορὼν
910 2578 1081 2643 ἐκέλευσεν·

277 2688 299 2719 “
307 2681 451 2764 Ἀργεῖοι,
465 2683 518 2746 καὶ
529 2681 565 2761 δὴ
578 2681 649 2749 αιἰτε
658 2682 798 2761 μεθίεμεν
809 2680 932 2763 Ἕκτορι
947 2683 1033 2762 νίκην

278 2785 437 2870 Πριαμίδη,
453 2786 502 2847 ἵνα
518 2788 590 2862 νῆας
606 2785 661 2871 έλῃ
678 2786 725 2849 καὶ
742 2789 827 2850 κῦδος
843 2784 948 2865 ἄρηται
956 2809 969 2860 ,·
1121 2777 1125 2784 ’
1172 2803 1221 2864 3⁶5

278 2885 348 2950 ἀλλ’
365 2887 451 2966 δμὲν
466 2887 542 2950 οὕτω
558 2889 636 2967 φησὶ
653 2887 701 2950 καὶ
719 2887 848 2969 εὔχεται,
865 2888 959 2952 οὕνεκ’
978 2885 1139 2969 Ἀχιλλεὺς

278 2992 384 3069 νηυσὶν
399 2990 449 3052 ἑπι
463 2991 640 3074 γλαφυρῇσι
654 2987 738 3068 μένει
754 2989 961 3072 κεχολωμένος
976 2989 1058 3069 ἦτορ·

278 3093 376 3155 κείνου
391 3088 417 3154 δ’
433 3091 467 3153 οὔ
485 3117 514 3154 τι
528 3093 600 3170 λίην
614 3091 693 3170 ποθὴ
709 3091 844 3165 ἔσσεται,
861 3097 954 3158 εἶκεν
968 3095 997 3156 οἱ
1013 3092 1104 3156 ἄλλοι

277 3194 362 3272 ἡμεῖς
377 3192 555 3274 ὀτρυνώμεθ’
571 3193 718 3274 ἀμυνέμεν
734 3193 928 3273 ἀλλήλοισιν.

278 3294 348 3358 ἀλλ’
364 3297 463 3378 ἄγεθ’,
475 3298 513 3363 ὡς
528 3297 566 3362 ἀν
581 3299 658 3380 ἔγδν
674 3300 758 3370 είτιω,
775 3300 945 3376 πειθόμεθα
960 3297 1079 3364 πάντες·
1170 3325 1222 3378 370

278 3399 403 3463 ἀσπίδες
419 3399 511 3462 ὅσσαι
527 3400 647 3481 ἀρισται
663 3400 708 3463 ἔνὶ
723 3403 841 3484 στρατῷ
858 3400 910 3478 ἠδὲ
923 3398 1065 3482 μέγισται

278 3499 452 3578 ἑσσάμενοι,
470 3502 606 3581 κεφαλὰς
621 3503 654 3565 δὲ
669 3502 853 3587 παναίθῃσιν
869 3501 1029 3582 κορύθεσσι

279 3603 454 3684 κρύψαντες,
471 3606 579 3686 χερσίν
594 3629 627 3668 τε
641 3607 679 3667 τδ
693 3604 851 3684 μακρότατ’
868 3603 950 3687 ἔγχε’
967 3607 1097 3681 ἑλόντες,

278 3709 371 3785 ἴομεν·
394 3705 485 3785 αάτάρ
500 3707 577 3787 ἔγδν
591 3704 754 3788 ἡγήσομαι,
770 3705 833 3769 οὐδ’
850 3701 894 3772 έτι
910 3710 987 3788 φημὶ
