2758 4228
267 323 328 404 858
546 342 595 391 21.
619 327 854 389 ολτνςσιις
877 328 913 388 ψ.

266 501 287 531 “
296 499 386 576 μήτερ
402 492 467 574 έμή,
482 493 573 574 τόξον
586 499 641 577 μὲν
655 494 789 580 Ἀχαιῶν
804 496 838 560 ού
852 522 897 562 τις
913 496 994 576 έμεῖο

266 599 425 679 κρείσσων,
442 595 466 684 ᾧ
483 597 508 664 κ’
524 600 628 676 ἐθέλω,
645 601 770 679 δόμεναί
782 625 816 665 τε
832 595 879 663 καὶ
895 597 1095 679 ἀρνήσασθαι,
1160 623 1211 675 345

267 699 327 764 αὕθ’
342 702 433 765 ὅσσοι
450 702 581 784 κραναὴν
595 702 717 782 Ἰθάκην
733 702 807 766 κάτα
822 703 1037 783 κοιρανέουσιν,

266 804 327 867 οὔθ’
344 806 434 869 ὅσσοι
451 805 574 885 νήσοισι
591 813 664 888 πρὸς
677 805 807 873 Ἤλιδος
823 807 1014 886 ἱπποβότοιο·

266 913 325 971 τῶν
340 908 375 970 οά
390 909 436 975 τίς
450 907 480 989 μ’
496 909 623 974 ἀέκοντα
638 908 782 990 βιήσεται
801 911 834 972 αἵ
848 907 873 973 κ’
892 909 1023 989 ἐθέλωμι

267 1009 314 1074 καί
331 1011 472 1091 καθάπαξ
485 1011 572 1098 ξείνιρ
589 1014 711 1090 δόμεναι
726 1011 798 1078 τάδε
813 1011 888 1090 τόξα
904 1012 1061 1093 φέρεσθαι.

266 1113 336 1178 ἀλλ’
352 1118 394 1182 είς
411 1118 493 1182 οἶκον
510 1119 598 1181 ίοῦσα
612 1120 649 1180 τά
665 1116 693 1178 α’
708 1117 797 1194 αύτῆς
812 1117 885 1199 ἔργα
901 1116 1014 1195 κόμιζε,
1162 1139 1213 1191 350

268 1220 353 1282 ἱστόν
367 1219 391 1281 τ’
408 1219 561 1300 ἠλακάτην
575 1247 618 1298 τε,
635 1221 682 1284 καὶ
698 1221 904 1301 ἀμφιπόλοισι
920 1218 1024 1283 κέλευε

267 1323 355 1404 ἔργον
370 1325 559 1407 ε’ποίχεσθαι·
583 1323 673 1402 τόξον
688 1322 713 1388 δ’
732 1324 875 1406 ἄνδρεσσι
890 1320 1018 1402 μελήσει

266 1431 354 1504 πᾶσι,
370 1427 505 1507 μάλιστα
521 1429 546 1492 δ’
562 1429 637 1507 ἐμοί·
660 1434 714 1492 τοῦ
729 1431 786 1510 γὰρ
806 1427 912 1510 κράτος
929 1423 992 1490 ἔστ’
1008 1423 1052 1492 ένῖ
1068 1423 1168 1512 οίκιρ.”

309 1529 349 1593 Ἥ
366 1534 421 1610 μὲν
438 1530 625 1611 θαμβήσασα
640 1531 735 1596 πάλιν
748 1532 865 1596 οἶκόνδε
880 1529 1021 1612 βεβήκει·

267 1639 373 1700 παιδὸς
388 1633 444 1715 γὰρ
458 1639 553 1713 μῦθον
568 1633 759 1714 πεπνυμένον
773 1634 877 1700 ἔνθετο
894 1638 986 1717 θυμῷ.
1162 1653 1226 1709 355“

267 1739 298 1804 ές
314 1736 339 1800 δ’
355 1736 461 1822 ὑπερῷ’
477 1739 622 1818 ἀναβᾶσα
637 1738 694 1803 σὺν
710 1739 917 1819 ἀμφιπόλοισι
933 1736 1053 1820 γυναιξὶ

268 1847 371 1905 κλαῖεν
387 1838 479 1906 ἔπειτ’
492 1839 638 1921 Ὀδυσῆα,
655 1843 749 1923 φίλον
764 1842 868 1918 πόσιν,
884 1841 966 1922 ὄφρα
981 1843 1010 1904 οἶ
1027 1841 1121 1906 ὕπνον

266 1944 339 2023 ἡδὺν
354 1942 404 2009 έπί
419 1946 608 2026 βλεφάροισι
623 1944 706 2025 βάλε
720 1950 893 2027 γλαυκῶπις
907 1941 1030 2024 Ἀθήνη.

311 2048 411 2130 Αὐτὰρ
427 2051 443 2112 ὁ
460 2047 533 2128 τόξα
548 2050 656 2130 λαβὼν
672 2048 747 2131 φέρε
763 2049 905 2130 καμπύλα
920 2053 982 2114 δῖος
998 2047 1146 2129 ὑφορβός·

267 2155 435 2234 μνηστῆρες
451 2151 476 2217 δ’
492 2153 549 2235 ἀρα
564 2152 674 2219 πάντες
691 2145 838 2232 ὁμόκλεον
858 2154 891 2216 έν
905 2150 1092 2234 μεγάροισιν·
1162 2163 1213 2226 360

268 2258 325 2319 ῶδε
341 2256 374 2319 δέ
390 2282 433 2322 τις
449 2260 572 2321 εἴπεσκε
588 2256 662 2321 νέων
677 2258 944 2338 ὑπερηνορεόντων·

269 2365 290 2395 “
302 2360 344 2444 πή
359 2360 394 2438 δή
411 2360 551 2440 καμπύλα
567 2360 641 2439 τόξα
657 2362 767 2441 φέρεις,
784 2361 930 2441 ἀμέγαρτε
946 2365 1080 2438 συβῶτα,

269 2463 404 2543 πλαγκτέ
419 2489 430 2539 ,·
454 2463 522 2547 τάχ’
537 2465 574 2528 αὖ
590 2462 619 2528 α’
635 2462 683 2546 ἐφ’
701 2465 791 2528 ὕεσσι
808 2464 891 2529 κύνες
907 2462 1014 2546 ταχέες
1034 2462 1205 2528 κατέδονται

269 2567 332 2631 οἶον
347 2568 398 2631 ἀπ’
414 2570 589 2649 ἀνθρώπων,
605 2568 655 2634 οὓς
672 2568 805 2648 ἔτρεφες,
821 2569 850 2632 εί
864 2592 915 2631 κεν
928 2566 1091 2632 Ἀπόλλων

268 2669 339 2747 ἡμῖν
356 2669 481 2758 ἱλήκῃσι
497 2669 544 2734 καὶ
561 2671 704 2735 ἀθάνατοι
720 2669 785 2734 θεοὶ
799 2667 919 2734 ἀλλοι.”
1162 2682 1213 2746 3⁶5

305 2773 369 2840 Ὣς
384 2774 497 2856 φάσαν,
513 2774 606 2855 αὐτὰρ
622 2775 638 2836 ό
655 2776 726 2850 θῆκε
741 2772 842 2855 φέρων
858 2773 930 2860 αὐτῇ
945 2773 990 2838 ένὶ
1005 2774 1098 2860 χάρη,

270 2879 382 2952 δείσας,
398 2879 504 2942 οὕνεκα
519 2878 632 2942 πολλοὶ
647 2877 793 2954 ὁμόκλεον
809 2878 842 2942 έν
855 2877 1024 2959 μεγάροισι.

269 2980 449 3063 Τηλέμαχος
465 2980 490 3044 δ’
505 2980 650 3062 ἑτέρωθεν
665 2979 833 3058 ἀπειλήσας
849 2981 999 3062 ἐγεγόνει·

271 3089 291 3117 “
301 3085 384 3159 ἄττα,
399 3086 504 3164 πρόσω
520 3083 595 3166 φέρε
610 3082 693 3163 τόξα·
716 3080 784 3164 τάχ’
800 3083 852 3146 οὐκ
869 3083 901 3147 εὖ
916 3088 993 3148 πᾶσι
1009 3083 1157 3164 πιθήσεις·

269 3187 309 3266 μή
325 3213 362 3251 σε
378 3185 427 3252 καὶ
442 3189 608 3268 ὁπλότερός
623 3213 678 3268 περ
694 3189 751 3250 έὼν
770 3189 896 3270 ἀγρόνδε
910 3189 1025 3264 δίωμαι,
1164 3210 1216 3262 370

269 3290 399 3370 βάλλων
412 3292 614 3375 χερμαδίοισι·
636 3292 731 3372 βίηφι
747 3294 780 3356 δὲ
796 3291 941 3374 φέρτερός
958 3293 1026 3369 είμι.

271 3394 302 3460 αἲ
319 3398 375 3477 γάρ
390 3395 512 3460 πάντων
527 3396 651 3473 τόσσον,
668 3396 738 3460 ὅσοι
755 3395 830 3460 κατὰ
845 3394 955 3474 δόρατ’
971 3394 1049 3473 ἔασι,

269 3498 446 3579 μνηστήρων
461 3499 569 3583 χερσίν
583 3525 616 3563 τε
630 3500 726 3581 βίηφί
740 3523 773 3564 τε
789 3499 933 3581 φέρτερος
948 3500 1021 3577 ε’ίην·

271 3605 312 3688 τῷ
331 3629 363 3666 κε
378 3602 457 3687 τάχα
472 3609 624 3686 στυγερῶς
639 3603 693 3667 τιν’
710 3604 768 3686 ἐγὼ
784 3604 935 3684 πέμψαιμι
952 3601 1072 3684 νέεσθαι

270 3704 410 3787 ἡμετέρου
425 3705 461 3785 ἐξ
474 3709 566 3784 οίκου,
583 3707 649 3771 ἐπεὶ
665 3706 740 3770 κακά
754 3703 996 3788 μηχανόωνται.”
1167 3727 1216 3781 375
