2834 4234
273 319 337 383 686
568 329 617 381 11.
642 321 877 382 ΟΔΥΣΣΕΙΑΣ
906 317 941 382 Λ.

319 493 446 570 “Χαῖρε,
461 487 559 571 γύναι,
576 489 732 569 φιλότητι,
746 487 966 570 περιπλομένου
982 485 1007 550 δ’
1025 489 1159 554 ἐνιαυτοῦ

274 591 369 672 τέξεις
385 591 485 675 ἀγλαά
501 591 602 670 τέκνα,
618 589 683 656 ἐπεὶ
699 592 752 656 οὐκ
769 593 944 673 ἀποφώλιοι
961 590 1043 656 εύυοὶ

276 695 442 761 ἀθανάτων·
466 696 505 760 σὺ
524 697 557 760 δὲ
572 696 639 761 τοὺς
655 695 777 775 κομέειν
792 695 1027 776 ἀτιταλλέμεναί
1042 721 1085 760 τε.
1175 724 1223 772 250

275 805 327 865 νῦν
343 797 369 864 δ’
384 800 473 882 έρχευ
489 805 566 880 πρὸς
581 805 674 879 δῶμα,
691 801 740 864 καὶ
755 802 845 884 ἴοχεο
860 799 926 881 μηδ’
944 799 1103 884 ὀνομήνῃς·

276 902 367 984 αὐτὰρ
384 904 442 985 έγύ
458 905 509 967 ποί
524 903 583 983 εἰμι
600 903 781 968 Ποσειδάων
796 901 996 986 ένοσίχθων.”
1062 931 1063 936 “

312 1005 375 1073 Ὣς
392 1007 485 1070 εἰπὼν
499 1006 558 1070 ὑπὸ
574 1003 685 1072 πόντον
701 1006 824 1072 ἐδύσετο
840 1009 1027 1086 κυμαίνοντα.

189 1102 192 1109 ’
273 1110 292 1189 ἡ
310 1108 335 1173 δ’
352 1109 563 1189 ὑποκυσαμένη
581 1111 698 1188 Πελίην
713 1109 781 1174 τέκε
798 1111 847 1174 καὶ
862 1113 982 1189 Νηλῆα,

275 1214 316 1276 τὸ
333 1213 462 1296 κρατερὼ
480 1211 645 1293 θεράποντε
662 1212 736 1280 Διὸς
750 1213 898 1296 μεγάλοιο
916 1212 1065 1294 γενέσθην
1177 1241 1222 1288 ²55

276 1318 445 1398 ἀμφοτέρω·
469 1318 585 1395 Πελίης
599 1320 656 1397 μὲν
670 1319 705 1383 έν
720 1319 868 1403 εὐρυχόρῳ
883 1315 1013 1402 Ἰαωλκῷ

276 1425 342 1484 ναῖε
357 1421 552 1502 πολύρρηνος,
568 1421 584 1482 ὑ
600 1417 625 1484 δ’
640 1419 686 1502 ἀρ’
703 1422 735 1484 έν
753 1421 847 1505 Πύλῳ
862 1421 1031 1501 ἠμαθόεντι.

275 1523 345 1588 τοὺς
360 1520 386 1586 δ’
403 1522 520 1603 ἑτέρους
537 1527 653 1604 Κρηθῆῖ
669 1523 754 1587 τέκεν
769 1525 921 1604 βασίλεια
936 1530 1093 1608 γυναικῶν.

277 1625 395 1690 Αἴσονά
410 1626 435 1687 τ’
451 1627 503 1705 ἠδὲ
518 1625 625 1708 Φέρητ’
640 1625 814 1707 Ἀμυθάονά
829 1625 856 1691 θ’
873 1627 1087 1712 ἱππιοχάρμην.

318 1731 383 1809 Τήν
398 1733 431 1794 δὲ
447 1727 511 1812 μέτ’
527 1727 690 1809 Ἀντιόπην
704 1733 777 1809 ἴδον,
793 1729 948 1796 Ἀσωποῖο
966 1733 1105 1815 θύγατρα,
1174 1745 1223 1794 260

275 1831 294 1911 ἢ
311 1835 347 1911 δὴ
364 1835 413 1898 καὶ
430 1839 507 1899 Διὸς.
521 1833 618 1918 εὔχετ’
637 1835 670 1900 έν
685 1835 864 1922 ἀγκοίνῃσιν
881 1839 991 1913 ῑοὺσαι,

277 1938 327 2001 καί
341 1935 371 2020 ῥ’
388 1938 489 2002 ἔτεκεν
504 1938 556 2001 δύο
572 1937 663 2016 παῖδ’,
679 1939 832 2020 Ἀμφίονά
847 1966 879 2005 τε
895 1940 995 2017 Ζῆθόν
1010 1966 1051 2017 τε,

276 2041 306 2104 οἴ
321 2049 435 2122 πρῶτοι
451 2040 561 2122 Θήβης
577 2042 643 2108 ἕδος
659 2042 783 2108 ἔκτισαν
799 2044 993 2121 ἑπταπύλοιο,

197 2201 199 2203 ,
276 2143 439 2228 πύργωσάν
455 2144 492 2224 τ’,
509 2143 574 2209 ἐπεὶ
591 2145 626 2208 ού
639 2147 695 2226 μὲν
711 2146 888 2228 ἀπύργωτόν
903 2145 931 2229 γ’
946 2147 1086 2212 ἐδύναντο

276 2250 398 2329 ναιέμεν
414 2249 575 2332 εὐρύχορον
591 2247 712 2328 Θήβην,
729 2252 860 2332 κρατερώ
876 2277 932 2333 περ
949 2252 1042 2315 έόντε.
1175 2265 1222 2327 265

320 2353 386 2431 Τὴν
402 2355 433 2417 δὲ
448 2351 512 2432 μέτ’
526 2351 701 2432 Ἀλκμήνην
717 2356 791 2432 ἴδον,
806 2352 1032 2436 Ἀμφιτρύωνος
1048 2354 1170 2432 άκοιτιν,

276 2457 295 2534 ἥ
311 2457 342 2539 ῥ’
357 2455 518 2538 Ἡρακλῆα
534 2459 763 2538 θρασυμέμνονα
779 2458 966 2537 θυμολέοντα

275 2558 388 2641 γείνατ’
408 2561 441 2623 έν
457 2560 614 2646 ἀγκοίνῃσι
631 2559 706 2628 Διὸς
720 2563 866 2643 μεγάλοιο
881 2564 1014 2645 μιγεῖσα·

278 2665 326 2726 καὶ
343 2662 497 2746 Μεγάρην,
514 2665 673 2744 Κρείοντος
690 2665 869 2746 ὑπερθύμοιο
886 2666 1027 2749 θύγατρα,

277 2767 332 2846 τήν
347 2769 419 2850 ἔχεν
433 2767 661 2850 Ἀμφιτρύωνος
676 2771 741 2836 υίὸς
755 2767 845 2851 μένος
861 2771 927 2834 οἴέν
943 2769 1071 2851 ἀτειρής.
1177 2794 1225 2846 270

322 2871 446 2953 Μητέρα
462 2869 487 2933 τ’
503 2873 670 2936 Οἰδιπόδαο
685 2873 760 2945 ἴδον,
778 2872 874 2952 καλήν
889 2872 1084 2949 Ἐπικάστην,

275 2973 294 3051 ἣ
310 2973 388 3056 μέγα
404 2975 492 3058 ἔργον
508 2974 609 3057 έρεξεν
625 2977 772 3062 ἀῖδρείῃσι
789 2978 880 3054 νόοιο,

277 3076 431 3159 γημαμένη
448 3075 471 3164 φ
487 3080 539 3142 vsi·
564 3081 580 3142 ὑ
595 3078 620 3142 δ’
637 3077 673 3143 δν
689 3078 787 3160 πατέρ’
805 3073 975 3162 ἐξεναρίξας

277 3183 381 3263 γῆμεν·
406 3181 488 3263 ἄφαρ
504 3181 529 3244 δ’
550 3181 709 3248 ἀνάπυστα
724 3180 786 3247 θεοὶ
803 3181 895 3248 θέσαν
911 3184 1124 3266 ἀνθρώποισιν.

278 3283 347 3347 ἀλλ’
364 3286 451 3363 ὁμὲν
469 3287 501 3350 έν
518 3284 610 3372 Θήβῃ
628 3287 802 3372 πολυηράτῳ
819 3286 917 3369 άλγεα
933 3285 1063 3370 πάσχων
1177 3317 1223 3366 ²75

279 3388 437 3467 Καδμείων
451 3389 570 3467 ἤνασσε
587 3393 664 3453 θεῶν
679 3388 773 3457 ὀλοάς
787 3390 837 3455 διὰ
852 3389 979 3472 βουλάς·

277 3491 295 3570 ἡ
313 3489 338 3555 δ’
354 3491 412 3572 έβη
429 3495 471 3559 εἰς
488 3491 592 3557 Ἀίδαο
608 3491 764 3575 πυλάρταο
781 3499 953 3577 κρατεροῖο,

279 3594 417 3678 ἁψαμένη
432 3596 550 3678 βρόχον
565 3596 656 3662 αἰπὺν
671 3595 724 3679 ἀφ’
739 3600 872 3680 ὑψηλοῖο
882 3597 1042 3683 μελάθρου,

279 3697 384 3785 ᾧάχεϊ
400 3697 546 3782 σχομένη·
570 3702 611 3786 τφ
628 3701 653 3764 δ’
669 3701 766 3783 ἄλγεα
783 3700 907 3767 κάλλιπ’
922 3704 1044 3768 ὀπίσσω
