2728 4230
590 351 619 415 8.
644 358 813 418 ΙΛΙΑΔΟΣ
838 359 877 420 Θ.

265 519 335 582 ἀλλ’
351 519 607 604 Ἀρχεπτόλεμον,
624 522 738 604 θρασὺν
749 522 895 606 Ἕκτορος
909 525 1048 610 ἡνιοχῆα,

267 623 385 702 ἱέμενον
399 626 570 704 πόλεμόνδε
583 625 665 705 βάλε
680 631 792 706 στῆθος
807 631 887 712 παρδ
902 631 1005 710 μαζόν·

266 727 353 807 ἤριπε
367 726 394 793 δ’
410 727 446 808 ἔξ
458 729 566 813 όχέων,
582 730 761 812 ὑπερώησαν
776 730 810 796 δέ
828 734 856 796 οἱ
872 735 961 798 ἵπποι

266 830 424 899 ὠκύποδες·
446 839 499 897 τοῦ
513 831 539 898 δ’
556 834 624 898 αὖθι
638 834 715 914 λύθη
730 833 816 919 φυχή
831 861 865 900 τε
878 835 969 914 μένος
986 860 1028 902 τε.
1159 863 1206 913 3¹5

261 935 392 1017 Ἕκτορα
407 935 431 1000 δ’
448 938 534 1002 αἰνὸν
548 938 624 1021 ἀχος
638 938 753 1003 πύκασε
768 941 881 1020 φρένας
895 938 1043 1022 ἡνιόχοιο·

264 1035 317 1102 τὸν
331 1039 386 1118 μὲν
401 1039 492 1103 ἔπειτ’
509 1043 595 1105 είασε
610 1043 659 1105 καὶ
674 1041 840 1124 ἀχνύμενός
856 1066 911 1122 περ
928 1043 1055 1124 ἑταίρου,

265 1142 435 1221 Κεβριόνην
449 1142 474 1206 δ’
491 1143 652 1209 ἐκέλευσεν
667 1143 820 1225 άδελφεδν
834 1143 924 1226 ἔγγὺς
939 1144 1027 1208 ἐόντα

261 1244 363 1307 ίππων
376 1244 438 1321 ἡνί’
454 1250 546 1311 ἑλεῖν·
570 1248 586 1310 ὁ
601 1247 626 1311 δ’
643 1247 688 1329 ἆρ’
704 1247 758 1310 οὐκ
773 1247 922 1327 ἀπίθησεν
937 1247 1077 1313 ἀκούσας.

262 1347 351 1414 αὐτὸς
366 1348 393 1413 δ’
407 1352 440 1413 ἔκ
457 1352 576 1432 δίφροιο
591 1353 687 1433 χαμαὶ
703 1351 773 1433 θόρε
788 1351 1028 1432 παμφανόωντος
1158 1375 1207 1426 320

264 1452 435 1530 σμερδαλέα
451 1452 556 1536 ἰάχων·
580 1454 597 1517 ὀ
611 1456 645 1518 δὲ
659 1453 824 1537 χερμάδιον
838 1452 921 1533 λάβε
935 1454 1025 1536 χειρί,

261 1556 306 1631 βῆ
322 1553 346 1617 δ’
364 1554 427 1621 ίθδς
441 1556 582 1637 Τεύκρου,
598 1557 727 1637 βαλέειν
742 1556 776 1621 δέ
791 1560 806 1620 ἔ
821 1555 913 1636 θυμὸς
928 1557 1048 1638 ἀνάγει.

262 1653 282 1732 ἦ
298 1681 344 1719 τοι
360 1659 376 1720 ὁ
390 1660 446 1736 μὲν
461 1658 611 1741 φαρέτρης
626 1658 760 1738 ἐξείλετο
775 1658 882 1741 πικρὸν
898 1659 1013 1732 άϊστόν,

263 1761 334 1835 θῆκε
349 1760 374 1824 δ’
390 1762 441 1826 ἐπὶ
457 1765 555 1848 νευρῇ·
579 1762 632 1828 τὸν
646 1763 671 1827 δ’
691 1764 729 1825 αδ
744 1760 939 1843 κορυθαίολος
950 1759 1068 1844 Ἕκτωρ

262 1863 424 1945 αὐερύοντα
438 1865 506 1946 παρ’
523 1863 613 1944 ὦμον,
630 1867 680 1931 όθι
695 1865 782 1945 κληδς
796 1863 940 1946 ἀποέργει
1158 1891 1189 1938 3²
1193 1893 1206 1942 5

262 1965 375 2049 αύχένα
390 1992 423 2032 τε
439 1969 550 2046 στῆθός
565 1994 606 2046 τε,
622 1968 758 2049 μάλιστα
772 1969 805 2031 δὲ
822 1967 937 2049 καίριόν
952 1968 1029 2038 ἔστι,

262 2071 297 2155 τῇ
312 2071 343 2152 ῤ’
360 2072 410 2136 ἐπὶ
426 2072 456 2134 ot
469 2077 611 2151 μεμαῶτα
626 2070 726 2152 βάλεν
740 2071 817 2156 λίθιρ
833 2071 989 2152 ὀκριόεντι,

261 2171 332 2255 ῥῆξε
346 2173 380 2237 δέ
395 2175 424 2237 οἱ
439 2172 555 2255 νευρήν·
578 2173 710 2255 νάρκησε
724 2175 757 2238 δὲ
774 2175 842 2257 χεὶρ
858 2174 908 2238 ἐπὶ
924 2173 1035 2257 καρπῷ,

263 2279 319 2354 στῆ
334 2276 367 2340 δὲ
382 2273 459 2358 γνὺξ
472 2277 591 2357 ἔριπόν,
607 2275 698 2355 τόξον
713 2274 747 2340 δέ
761 2278 791 2340 οἱ
808 2276 919 2340 ἔκπεσε
933 2275 1045 2357 χειρός.

263 2382 338 2446 Αίας
352 2378 379 2444 δ’
395 2380 447 2443 οὐκ
463 2379 599 2461 ἀμέλησε
615 2377 811 2462 κασιγνήτοιο
826 2381 983 2456 πεσόντος,
1156 2407 1207 2455 330

263 2487 344 2547 ἀλλὰ
360 2483 436 2547 θέων
452 2484 563 2565 περίβη
581 2484 632 2547 καί
645 2485 675 2548 οἱ
691 2482 784 2549 σάκος
800 2483 1013 2566 ἀμφεκάλυψε.

262 2587 384 2667 τὸνμὲν
400 2586 493 2650 ἔπειθ’
509 2586 654 2650 ὑποδύντε
670 2585 728 2650 δύω
745 2587 860 2668 ἐρίηρες
875 2590 996 2669 ἑταῖροι,

263 2689 436 2768 Μηκιστεὺς
450 2689 569 2772 Ἐχίοιο
584 2687 655 2755 πάϊς
670 2689 719 2754 καὶ
735 2694 797 2756 δῖος
811 2688 983 2770 Ἀλάστωρ,

263 2798 335 2871 νῆας
351 2793 400 2858 ἔτι
416 2796 575 2874 γλαφυρὰς
590 2792 720 2874 φερέτην
735 2791 834 2872 βαρέα
849 2792 1046 2875 στενάχοντα.

301 2897 371 2978 *Αψ
386 2896 410 2960 δ’
423 2897 504 2962 αὖτις
514 2896 674 2977 Τρόεσσιν
685 2895 854 2976 Ὀλύμπιος
866 2899 900 2961 ἔν
909 2891 1000 2976 μένος
1014 2894 1120 2975 ὦρσεν·
1156 2923 1205 2972 335

263 3004 292 3065 οἱ
307 3001 332 3066 δ’
349 2999 412 3065 ἰθὺς
427 2998 556 3082 τάφροιο
572 3000 701 3078 βαθείης
715 2996 800 3066 ὦσαν
814 3000 967 3083 Ἀχαιούς·

258 3103 377 3182 Ἕκτωρ
392 3099 419 3164 δ’
435 3104 468 3165 ἔν
483 3103 629 3183 πρότοισι
646 3103 692 3166 κίε
707 3101 810 3168 σθένεϊ
824 3102 1026 3183 βλεμεαίνων.

263 3207 302 3272 ὡς
317 3204 343 3270 δ’
360 3208 410 3270 ὅτε
425 3208 470 3272 τίς
484 3231 517 3271 τε
534 3206 610 3271 κύων
625 3205 697 3272 συὸς
712 3206 817 3288 ἀγρίου
831 3206 866 3285 ἠὲ
880 3205 1005 3270 λέοντος

263 3310 393 3389 άπτηται
409 3309 583 3386 κατόπισθε,
599 3311 693 3374 ποσὶν
708 3308 857 3392 ταχέεσσι
871 3309 995 3383 διώκων,

264 3413 350 3496 ἰσχία
365 3438 397 3477 τε
414 3412 561 3494 γλουτούς
575 3436 616 3489 τε,
637 3412 840 3492 ἑλισσόμενόν
855 3434 888 3474 τε
904 3408 1027 3485 δοκεύει,
1156 3439 1206 3489 340

264 3517 303 3582 ὣς
313 3513 431 3598 Ἕκτωρ
446 3515 546 3593 ὤπαζε
561 3513 634 3596 κάρη
651 3517 822 3596 κομόωντας
834 3511 987 3596 Ἀχαιούς,

262 3619 328 3685 αίέν
344 3618 528 3682 ἀποκτείνων
542 3616 595 3681 τδν
610 3618 785 3682 ὀπίστατον·
808 3617 837 3680 ot
852 3615 885 3680 δὲ
900 3613 1046 3696 φέβοντο.

264 3721 355 3802 αὐτὰρ
370 3722 437 3786 ἐπεὶ
455 3718 504 3785 διά
519 3745 553 3784 τε
567 3722 723 3788 σκόλοπας
738 3719 787 3784 καὶ
801 3716 919 3801 τάφρον
934 3718 1054 3799 ἔβησαν
