2788 4230
261 328 323 406 798
554 338 602 403 17.
626 325 862 386 ΟΔΎΣΣΕΙΑΣ
892 326 924 387 Ρ.

260 498 327 562 οὔτε
343 521 371 559 τι
386 494 566 577 Τηλέμαχος
581 494 618 556 τό
633 493 660 578 γ’
677 491 844 575 ἐπήρκεσεν
859 494 926 557 οὔτε
941 519 987 560 τις
1002 494 1106 560 ἄλλος.

259 603 300 686 τῷ
317 604 369 664 νῦν
385 599 597 676 Πηνελόπειαν
613 599 658 663 ἐνὶ
672 595 852 680 μεγάροισιν
868 599 983 680 ἄνωχθι

259 708 367 783 μεῖναι,
383 700 581 783 ἐπειγομένην
596 725 661 780 περ,
677 703 708 767 ἐς
723 700 826 780 ἠέλιον
844 701 1017 764 καταδύντα·
1161 723 1212 776 570

261 805 310 867 καὶ
326 806 393 867 τότε
408 804 439 884 μ’
454 802 582 885 εἰρέσθω
598 804 708 870 πόσιος
724 803 794 886 πέρι
810 803 954 880 νόστιμον
970 801 1059 884 ήμαρ,
1083 827 1086 836 ’
1232 807 1236 814 “

261 909 417 988 ἀσσοτέρω
435 908 588 971 καθίσασα
604 906 696 987 παραὶ
712 908 792 988 πυρί·
818 909 926 987 εἵματα
941 905 998 990 γάρ
1014 931 1059 969 τοι

261 1011 346 1093 λύγρ’
362 1011 431 1095 έχω·
455 1013 547 1074 οἶσθα
564 1011 612 1074 καὶ
627 1012 724 1087 αὔτός,
742 1014 809 1075 ἐπεί
824 1035 861 1073 σε
877 1010 970 1091 πρῶθ’
987 1005 1152 1074 ίκέτευσα.”

297 1113 360 1181 Ὣς
377 1113 465 1195 φάτο,
480 1118 523 1194 βῆ
540 1117 572 1178 δέ
587 1115 757 1195 συφορβός,
771 1110 840 1178 ἐπεὶ
857 1119 909 1177 τὸν
923 1117 1020 1190 μῦθον
1034 1112 1153 1178 ἄκουσε.

261 1215 314 1279 τὸν
328 1216 353 1280 δ’
368 1217 442 1298 ὔπέρ
458 1217 544 1279 οὐδοῦ
560 1215 657 1296 βάντα
673 1217 830 1299 προσηύδα
846 1216 1050 1294 Πηνελόπεια·
1163 1237 1213 1291 575

261 1325 277 1353 “
287 1319 321 1382 οὔ
338 1319 376 1380 σύ
391 1317 419 1400 γ’
435 1319 530 1400 ἄγεις,
547 1319 682 1399 Εὔμαιος
706 1320 737 1382 τί
752 1319 830 1383 τοῦτ’
846 1320 973 1399 ἐνόησεν
989 1317 1124 1399 ἄλήτηυι

262 1421 281 1501 ή
296 1422 363 1486 τινά
377 1447 436 1486 που
451 1424 555 1488 δείσας
570 1421 708 1500 ἐξαίσιον
723 1423 758 1502 ἦε
775 1420 823 1486 καὶ
839 1424 942 1487 ἄλλως

262 1529 388 1591 αἰδεῖται
404 1531 479 1590 κατδ
494 1533 599 1608 δῶμα,·
624 1534 714 1594 κακὸς
729 1529 755 1592 δ’
772 1530 885 1593 αἰδοῖος
901 1523 1042 1606 ἀλήτης.”

305 1631 370 1709 Τήν
386 1631 411 1696 δ’
427 1632 670 1713 ἀπαμειβόμενος
685 1631 853 1714 προσέφης,
872 1630 984 1710 Εὔμαιε
1001 1633 1132 1711 συβῶτα·

262 1741 279 1768 “
291 1739 428 1814 μυθεῖται
444 1737 518 1798 κατὰ
533 1740 647 1815 μοῖραν,
664 1735 683 1798 ἄ
699 1736 754 1816 πέρ
771 1734 796 1798 κ’
812 1735 905 1798 οἴοιτο
921 1733 970 1796 καὶ
987 1734 1090 1809 ἄλλος,
1163 1749 1215 1810 58ο

262 1839 352 1918 ὕβριν
368 1837 546 1916 ἀλυσκάζων
562 1840 675 1922 ἀνδρῶν
691 1839 958 1920 ὑπερηνορεόντων.

263 1941 346 2004 ἀλλά
362 1967 399 2005 σε
413 1947 512 2022 μεῖναι
530 1942 647 2025 ἄνωγεν
663 1945 692 2008 ἐς
708 1942 813 2020 ἠέλιον
829 1940 1004 2006 καταδύντα.

264 2043 360 2109 καὶδὲ
377 2045 427 2108 σοὶ
443 2046 492 2110 ὧδ’
509 2045 583 2132 οὔτῇ
597 2045 677 2110 πολὺ
694 2043 829 2125 κάλλιον,
845 2042 868 2108 ῶ
884 2047 1043 2124 βασίλεια,

264 2151 329 2226 οἴην
344 2154 418 2229 πρὸς
433 2147 533 2227 ξεῖνον
548 2149 667 2227 φάσθαι
681 2149 754 2214 ἔτος
769 2149 815 2228 ἠδ’
830 2147 1025 2212 ἐπακοῦσαι.”

306 2251 369 2316 Τάν
384 2252 409 2317 δ’
425 2252 493 2316 αὔτε
508 2249 673 2333 προσέειπε
688 2253 845 2334 περίφρων
861 2253 1065 2330 Πηνελόπεια·
1165 2265 1216 2328 585

263 2361 282 2391 “
295 2355 347 2419 οὔκ
363 2356 468 2438 ἄφρων
484 2357 500 2417 ὁ
516 2354 613 2434 ξεῖνος
628 2353 732 2434 ὀΐεται,
748 2356 788 2422 ῶς
804 2381 860 2437 περ
876 2353 914 2420 ἄν
929 2357 985 2436 εἴη·

264 2461 298 2524 οὔ
313 2459 370 2543 γάρ
386 2459 444 2523 πού
458 2485 537 2525 τινες
552 2461 609 2523 ῶδε
626 2461 817 2536 καταθνητῶν
833 2459 997 2540 ἀνθρώπων

265 2564 368 2644 ἀνέρες
382 2563 554 2642 ὑβρίζοντες
569 2561 728 2626 ἀτάσθαλα
743 2560 986 2646 μηχανόωνται.”

307 2665 348 2729 Ἡ
363 2667 418 2745 μὲν
432 2665 478 2746 ἄρ’
494 2666 534 2730 ῶς
549 2665 700 2747 ἀγόρευεν,
715 2666 732 2726 ἄ
748 2665 774 2728 δ’
790 2664 887 2749 φ’χετο
903 2671 967 2731 δῖος
981 2665 1117 2748 ὔφορβδς

263 2767 443 2852 μνηστήρων
458 2770 489 2834 ἐς
505 2769 621 2847 ὅμιλον,
638 2769 704 2833 ἐπεὶ
720 2767 902 2850 διεπέφραδε
916 2768 1024 2832 πάντα.
1165 2795 1217 2848 590

265 2873 343 2954 αἶψα
360 2872 391 2935 δὲ
406 2870 586 2955 Τηλέμαχον
601 2872 676 2935 ἔπεα
691 2872 857 2952 πτερόεντα
872 2873 1036 2953 προσηύδα,

264 2975 337 3058 ἄγχι
353 2975 440 3058 σχδν
456 2973 604 3055 κεφαλήν,
619 2976 669 3040 ἵνα
682 2975 723 3054 μὴ
740 2975 892 3038 πευθοίαθ’
908 2979 937 3039 οἱ
952 2975 1054 3040 ἄλλοι·

266 3075 316 3141 “ῶ
333 3078 409 3159 φίλ’,
426 3079 485 3160 ἐγὼ
500 3080 556 3158 μὲν
571 3076 684 3158 ἄπειμι,
700 3077 776 3145 σύας
792 3074 840 3142 καὶ
856 3085 939 3143 κεῖνο
954 3078 1109 3159 φυλάξων,

266 3188 322 3246 σδν
334 3182 383 3246 καὶ
399 3185 471 3262 ἐμὸν
485 3183 602 3261 βίοτον·
632 3179 683 3244 σοὶ
698 3181 723 3245 δ’
740 3180 846 3247 ἐνθάδε
863 3180 961 3246 πάντα
975 3185 1137 3262 μελόντων.

265 3284 355 3350 αὐτὸν
368 3283 424 3366 μέν
440 3310 477 3350 σε
493 3291 595 3366 πρῶτα
611 3283 686 3364 σόω,
703 3287 751 3350 καὶ
767 3285 880 3368 φράζεο
896 3287 977 3370 θυμῷ
1162 3311 1215 3367 595

265 3386 306 3468 μή
321 3414 350 3452 τι
369 3387 476 3474 πάθῃς·
511 3389 624 3453 πολλοὶ
639 3390 671 3453 δέ
687 3392 763 3453 κακά
778 3389 961 3471 φρονέουσιν
976 3389 1119 3472 Ἀχαιῶν,

265 3491 333 3558 τοὺς
348 3491 424 3558 Ζεῦς
439 3492 594 3571 ἐξολέσειε
609 3490 680 3574 πρὶν
693 3492 766 3573 ἡμῖν
783 3495 866 3572 πῆμα
881 3491 1052 3575 γενέσθαι.”

308 3596 371 3661 Τὸν
386 3593 463 3659 δὀὔ
477 3595 658 3681 Τηλέμαχος
672 3594 857 3675 πεπνυμένος
874 3597 975 3660 ἀντίον
990 3595 1073 3676 ηὔδα·

267 3704 283 3732 “
294 3699 418 3763 ἔσσεται
434 3699 535 3776 οὔτως,
551 3699 634 3762 ἄττα·
663 3698 704 3761 σὺ
719 3698 745 3762 δ’
760 3698 849 3781 ἐρχεο
864 3696 1048 3778 δειελιήσας·
