2788 4230
482 349 529 414 19.
552 335 785 395 ΟΔΎΣΣΕΙΑΣ
815 337 850 395 Τ.
1079 330 1139 412 817

194 483 264 548 ἀλλ’
278 485 334 564 ήδη
351 491 422 551 παῖς
436 491 517 553 τοῖος
530 485 729 553 Ἀπόλλωνός
743 513 779 570 γε
795 487 885 565 ἔκητι,

194 589 382 670 Τηλέμαχος·
414 589 466 654 τὸν
481 589 507 654 δ’
524 590 559 652 οὐ
574 616 618 658 τις
636 589 679 654 ἐνὶ
694 589 853 673 μεγάροισι
868 595 1016 673 γυναικῶν

194 690 281 770 λήθει
298 693 535 772 ἀτασθάλλουσ’,
552 692 618 759 ἐπεὶ
634 693 730 758 οὐκέτι
745 696 868 773 τηλίκος
884 690 996 757 ἐστίν.”

230 784 293 862 Ὣς
310 797 397 877 φάτο,
414 801 465 861 τοῦ
481 796 505 859 δ’
521 797 633 876 ἤκουσε
648 800 802 880 περίφρων
819 797 1021 876 Πηνελόπεια,

195 900 371 980 ἀμφίπολον
386 898 412 963 δ’
428 901 563 970 ἐνένιπεν
580 902 651 968 ἔπος
666 900 690 963 τ’
709 900 797 983 ἔφατ’
815 901 847 965 ἔκ
863 901 888 964 τ’
904 900 1040 978 ὀνόμαζε·
1109 927 1142 977 90

195 1006 211 1034 “
221 1001 346 1081 πάντως,
362 1004 528 1084 θαρσαλέη,
546 1005 615 1068 κόον
631 1007 726 1082 ἀδεές,
744 1004 779 1067 οὐ
794 1006 824 1070 τί
836 1029 875 1082 με
889 1001 994 1081 λήθεις

195 1108 323 1187 ἔρδουσα
337 1106 415 1191 μέγα
431 1108 528 1190 ἔργον,
544 1108 561 1176 ὃ
577 1111 618 1195 σῇ
634 1109 754 1198 κεφαλῇ
771 1106 941 1187 ἀναμάξεις·

196 1209 364 1293 πάνταγὰρ
381 1211 413 1274 εὐ
427 1211 544 1296 ᾔδησθ’,
562 1210 626 1280 ἐπεὶ
642 1211 678 1289 ἐξ
691 1213 761 1292 ἐμεῦ
777 1212 881 1280 ἔκλυες
897 1211 997 1289 αὐτῆς,

195 1315 233 1380 ὡς
249 1315 302 1378 τὸν
317 1312 416 1392 ξεῖνον
432 1315 565 1394 ἔμελλον
581 1313 624 1380 ἐνὶ
638 1314 814 1397 μεγάροισιν
829 1318 949 1393 ἐμοῖσιν

195 1419 274 1498 ἀμφὶ
290 1418 380 1481 πόσει
397 1420 540 1499 εἴρεσθαι,
558 1417 623 1483 ἐπεὶ
638 1424 767 1487 πυκινῶς
783 1415 965 1501 ἀκόχημαι.”
1111 1445 1142 1496 95

237 1519 281 1583 ’H
295 1523 335 1603 ῥα
351 1520 399 1585 καὶ
415 1522 589 1604 Εὐρυνόμην
604 1525 712 1602 ταμίην
727 1528 800 1604 πρὸς
814 1526 908 1602 μῦθον
925 1522 1035 1586 ἔειπεν·

197 1630 212 1657 “
222 1624 386 1706 Εὐρυνόμη,
402 1624 474 1708 φέρε
490 1626 525 1703 δὴ
541 1628 650 1708 δίφρου
666 1623 715 1690 καὶ
732 1632 809 1692 κῶας
825 1625 873 1692 ἐπ’
890 1626 990 1704 αὐτοῦ,

196 1729 276 1809 ὄφρα
292 1730 487 1808 καθεζόμενος
504 1734 573 1816 εἴπῃ
589 1734 660 1797 ἔπος
674 1727 720 1808 ἠδ’
735 1730 890 1816 ἐπακούσῃ

197 1833 213 1894 ό
228 1830 325 1910 ξεῖνος
341 1832 456 1912 ἐμέθεν·
487 1832 580 1898 ἐθέλω
596 1835 630 1902 δέ
643 1859 695 1913 μιν
711 1831 911 1914 ἐξερέεσθαι.”

232 1934 296 2001 Ὣς
312 1935 411 2016 ἔφαθ’,
425 1936 444 2015 ἡ
460 1938 493 2000 δέ
507 1936 579 2013 μόλ’
595 1936 745 2018 ὀτραλέως
763 1937 905 2016 κατέθηκε
922 1935 1058 2016 φέρουσα
1098 1963 1145 1999 ιοο

198 2039 306 2120 δίφρον
321 2037 462 2118 ἐΰξεστον
479 2038 527 2104 καί
543 2038 590 2104 ἐπ’
605 2040 683 2124 αὐτῷ
700 2046 777 2106 κῶας
793 2041 937 2118 ἔβαλλεν·

197 2144 269 2207 ἔνθα
285 2141 413 2221 καθέζετ’
431 2143 534 2216 ἔπειτα
547 2145 702 2212 πολύτλας
717 2149 779 2210 δῖος
795 2142 970 2210 Ὀδυσσεύς.

197 2251 278 2310 τοῖσι
294 2247 326 2308 δὲ
340 2246 441 2325 μόθων
457 2246 531 2330 ἦρχε
549 2247 703 2329 περίφρων
718 2247 923 2325 Πηνελόπεια·

197 2354 214 2382 “
225 2348 314 2428 ξεῖνε,
331 2349 365 2414 τὸ
380 2349 436 2427 μέν
451 2376 487 2416 σε
503 2356 621 2431 πρῶτον
636 2351 715 2429 ἐγὼν
730 2349 888 2430 εἰρήσομαι
902 2349 985 2429 αὐτή·

196 2453 239 2519 τίς
254 2453 349 2518 πόθεν
365 2455 408 2520 εἰς
424 2455 559 2533 ἀνδρῶνι
583 2454 655 2517 πόθι
669 2479 715 2517 τοι
730 2455 819 2519 πόλις
833 2452 886 2531 ἠδὲ
900 2455 1005 2531 τοκῆες
1014 2449 1051 2527 ,·”
1098 2477 1145 2528 105

240 2558 304 2636 Τὴν
320 2555 345 2621 δ’
361 2559 602 2637 ἀπαμειβόμενος
617 2557 757 2638 προσέφη
774 2553 1130 2636 πολύμητιςὈδυσσεύς·

197 2658 248 2723 “ῶ
265 2661 361 2742 γόυαι,
378 2662 428 2725 οὐκ
444 2660 481 2724 άν
496 2661 540 2730 τίς
557 2686 594 2724 σε
607 2666 728 2741 βροτῶν
743 2657 789 2724 ἐπ’
805 2661 949 2742 ἀπείρονα
963 2665 1052 2742 γαῖαν

198 2765 318 2830 νεικέοι·
347 2765 365 2844 ή
381 2765 439 2848 γάρ
455 2790 510 2828 σευ
525 2764 614 2830 κλέος
630 2765 755 2846 οὐρανὸν
771 2763 855 2845 εὐρὺν
873 2762 978 2841 ἱκάνει,

199 2869 239 2934 ὥς
253 2868 288 2932 τέ
302 2893 352 2933 τευ
366 2867 384 2946 ἢ
400 2871 554 2949 βασιλῆος
570 2868 730 2946 ἀμύμονος,
748 2867 781 2934 ὄς
796 2893 829 2931 τε
845 2866 968 2945 θεουδὴς

199 2971 343 3053 ἀνδράσιν
358 2973 391 3037 ἐν
406 2977 552 3036 πολλοῖσι
568 2967 615 3036 καὶ
631 2973 804 3053 ἰφθίμοισιν
820 2971 963 3035 ἀνάσσων
1095 2995 1146 3032 110

200 3076 327 3142 εὐδικίας
346 3076 482 3162 ἀνέχῃσι,
499 3075 611 3162 φέρῃσι
627 3079 660 3140 δὲ
677 3080 749 3157 γαῖα
764 3074 892 3154 μέλαινα

199 3180 307 3261 πυροὺς
324 3181 372 3243 καὶ
388 3180 501 3260 κριθάς,
516 3181 644 3264 βρίθῃσι
659 3181 691 3242 δὲ
707 3179 827 3259 δένδρεα
843 3176 952 3262 καρπῷ,

199 3283 284 3369 τίκτῃ
300 3282 325 3346 δ’
343 3283 456 3361 ἔμπεδα
473 3285 565 3364 μῆλα,
581 3281 725 3346 θάλασσα
740 3284 772 3346 δὲ
788 3280 907 3366 παρέχῃ
922 3283 1008 3364 ίχθΰς

200 3386 236 3466 ἐξ
249 3386 416 3466 εὐηγεσίης,
432 3388 559 3468 ἀρετῶσι
574 3387 607 3448 δὲ
621 3385 692 3449 λαοὶ
707 3382 757 3448 ὑπ’
773 3384 871 3448 αὐτοῦ.

201 3490 240 3574 τῷ
258 3491 309 3568 ἔμέ
326 3495 377 3554 νῦν
392 3493 429 3553 τὰ
444 3492 498 3570 μὲν
514 3490 597 3553 ἀλλα
611 3485 750 3568 μετάλλα
765 3489 811 3572 σῷ
827 3488 873 3551 ἐνὶ
889 3489 970 3572 οἴκῳ,
1103 3511 1147 3561 115

199 3591 267 3674 μηδ’
284 3595 356 3672 ἐμὸν
372 3592 515 3673 ἐξερέεινε
531 3592 618 3677 γένος
635 3592 683 3656 καὶ
697 3593 825 3672 πατρίδα
840 3594 940 3673 γαῖαν,

199 3696 241 3776 μή
255 3723 306 3776 μοι
321 3700 441 3776 μᾶλλον
456 3701 549 3779 θυμὸν
564 3693 730 3782 ἐνιπλήσῃς
746 3694 880 3762 ὀδυνάων
