2848 4296
577 501 627 568 23.
642 486 822 547 -ΙΛΙΑΔΟΣ
844 487 880 547 Ψ.
1126 501 1191 575 '459

289 652 352 721 Ὠς
368 653 440 737 φάτ’
456 654 637 736 ἀπειλήσας·
661 663 713 720 τδν
727 655 753 720 δ’
768 657 803 721 οὗ
819 656 903 723 κάνες
918 656 1138 737 ἀμφεπένοντο,

253 758 335 822 ἀλλὰ
350 759 439 825 κύνας
452 760 509 838 μὲν
523 759 640 824 ἄλαλκε
656 760 730 828 Διὸς
749 759 880 843 θυγάτηρ
894 759 1060 842 Ἀφροδίτη
1152 775 1197 836 185

251 860 350 942 ἤματα
365 859 414 926 καὶ
429 862 546 940 νύκτας,
561 864 698 945 ῥοδόεντι
713 866 746 927 δὲ
760 869 847 946 χρῖεν
862 864 955 949 ἐλαίῳ

254 966 421 1050 ἀμβροσίῳ,
438 967 489 1029 ἵνα
503 965 544 1044 μή
559 993 611 1048 μιν
626 966 796 1048 ἀποδρύφοι
811 965 1010 1044 ἑλκυστάζων.

169 1075 172 1080 ’
251 1072 293 1154 τῷ
309 1069 333 1132 δ’
350 1071 401 1133 ἐπὶ
417 1068 543 1137 κυάνεον
559 1068 651 1152 νέφος
666 1070 763 1154 ήγαγε
777 1075 896 1150 Φοῖβος
911 1070 1076 1135 Ἀπόλλων

252 1173 413 1254 οὐρανόθεν
428 1173 577 1250 πεδίονδε,
592 1174 713 1256 κάλυψε
728 1177 761 1238 δέ
776 1180 882 1257 χῶρονΙ
892 1173 1019 1247 άπαντα,

252 1278 349 1342 όσσον
364 1279 468 1360 ἐπεῖχε
483 1277 576 1358 νέκυς,
592 1279 633 1358 μή
649 1277 719 1360 πρίν
733 1278 823 1357 μένος
837 1279 953 1358 ἠελίοιο
1154 1303 1199 1349 τοο

253 1379 368 1459 σκήλει’
385 1383 463 1462 ἀμφὶ
480 1383 548 1464 περί
563 1385 642 1465 χρόα
656 1385 756 1447 ἴνεσιν
768 1382 823 1460 ἠδὲ
836 1380 995 1461 μέλεσσιν.

295 1483 375 1548 Οὐδὲ
391 1485 468 1566 πυρὴ
484 1486 664 1566 Πατρόκλου
680 1485 797 1548 ἐκαίετο
811 1489 988 1564 τεθνηῶτος·

252 1582 313 1650 ἔνθ’
329 1585 390 1648 αὖτ’
411 1587 487 1651 ἀλλ”
498 1590 607 1668 ἐνόησε
623 1588 773 1670 ποδάρκης
789 1587 1038 1671 δῖος”Αχιλλεθς·

252 1689 325 1756 στὰς
341 1690 490 1755 ἀπάνευθε
506 1696 599 1773 πυρῆς
615 1697 708 1757 δοιοῖς
723 1690 807 1772 ἠρᾶτ’
823 1690 971 1771 ἀνέμοισι,

252 1793 346 1880 Βορέῃ
363 1795 412 1857 καὶ
429 1796 564 1880 Ζεφύρῳ,
583 1796 631 1858 καὶ
647 1796 793 1877 ὑπίσχετο
810 1797 876 1877 ίερά
892 1794 979 1858 καλά·

251 1901 402 1961 πολλὰδὲ
418 1897 467 1962 καὶ
483 1896 622 1963 σπένδων
635 1898 755 1984 χρυσέῳ
771 1897 861 1962 δέπαϊ
874 1896 1032 1962 λιτάνευεν

250 1999 387 2079 ἐλθέμεν,
403 2003 485 2082 ὄφρα
500 2000 631 2085 τάχιστα
645 2001 715 2084 πυρὶ
730 2002 934 2084 φλεγεθοίατο
950 2002 1058 2082 νεκροί,

250 2105 307 2182 ὕλη
323 2129 356 2168 τε
371 2104 493 2168 σεόαιτο
509 2102 663 2184 καήμεναι.
708 2103 787 2168 ὠκέα
801 2102 828 2168 δ’
841 2103 916 2185 Ἶρις

251 2205 350 2287 ἀρόων
366 2207 475 2272 ἀίουσα
489 2206 676 2290 μετάγγελος
691 2206 758 2286 ἦλθ’
775 2207 941 2288 ἀνέμοισιν.

251 2312 279 2374 οῖ
293 2313 349 2390 μὲν
364 2311 422 2393 άρο
437 2313 587 2393 Ζεφύροιο
601 2310 730 2377 δυσαέος
745 2313 849 2394 ἀθρόοι
865 2313 951 2375 ἔνδον

250 2416 409 2495 εἰλαπίνην
424 2416 571 2481 δαίνυντο·
595 2415 707 2482 θέουσα
721 2417 756 2480 δὲ
767 2413 842 2498 Ἰρις
857 2414 969 2494 ἐπέστη
990 2445 991 2450 “

248 2520 338 2601 βηλῷ
354 2518 405 2583 έπι
419 2518 521 2603 λιθέῳ·
540 2520 587 2583 τοὶ
600 2519 625 2583 δ’
642 2519 682 2585 ὡς
696 2522 762 2584 ίδον
776 2520 978 2600 ὀφθαλμοῖσι,

249 2619 358 2686 πάντες
374 2620 508 2700 ἀνήϊξαν,
526 2621 637 2688 κάλεόν
651 2621 685 2685 τέ
698 2649 751 2702 μιν
767 2625 809 2689 είς
828 2623 995 2689 έέκαστος·

248 2722 267 2801 ή
284 2721 310 2787 δ’
326 2722 389 2787 αὖθ’
406 2725 527 2801 ἕζεσθαι
541 2727 597 2806 μὲν
612 2724 752 2804 ἀνήνατο,
769 2727 835 2790 εῖπε
850 2729 883 2790 δὲ
897 2731 1000 2806 μῦθον·

249 2831 266 2860 “
279 2827 336 2910 οὐχ
352 2828 427 2894 έδος·
453 2829 514 2906 εῖμι
531 2832 588 2910 γὰρ
605 2829 685 2895 αὖτις
703 2829 749 2893 ἐπ’
767 2827 926 2893 Ὠκεανοῖο
939 2829 1056 2912 ῥέεθρα,

250 2932 404 2996 Αἰθιόπων
419 2933 451 2996 ἐς
466 2938 564 3014 γαῖαν,
582 2935 630 2996 ὅθι
644 2933 760 3015 ῥέζουσ’
778 2933 950 3012 ἑκατόμβας

250 3034 418 3112 ἀθανάτοις,
435 3038 485 3099 ίνα
500 3036 537 3116 δὴ
555 3037 603 3099 καὶ
619 3037 677 3118 ἐγὼ
693 3039 914 3117 μεταδαίσομαι
930 3039 1009 3117 ίρῶν.

249 3136 319 3202 ἀλλ’
334 3138 479 3223 Ἀχιλεὺς
494 3140 609 3222 Βορέην
625 3141 676 3219 ἠδὲ
693 3141 833 3223 Ζέφυρον
847 3139 1021 3204 κελαδεινὸν

249 3245 351 3308 ἐλθεῖν
366 3245 481 3324 ἀρᾶται,
499 3245 548 3306 καὶ
563 3245 725 3326 ὑπίσχεται
742 3248 810 3327 ῖερά.
823 3243 909 3324 καλά,

249 3348 329 3427 όφρα
344 3346 440 3428 πυρὴν
455 3349 566 3428 ὄρσητε
581 3345 734 3427 καήμεναι,
748 3346 768 3434 ᾗ
782 3348 829 3412 ένι
845 3352 939 3411 κεῖται

249 3450 434 3530 Πάτροκλος,
451 3451 504 3514 τὸν
518 3450 629 3516 πάντες
644 3451 905 3534 ἀναστενάχουσιν
917 3449 1069 3533 Ἀχαιοί.”

290 3553 331 3616 Ἡ
345 3556 401 3634 μὲν
415 3553 462 3635 ἀρ’
479 3556 519 3620 ὣς
535 3553 650 3618 είποῦσ’
667 3553 852 3634 ἀπεβήσετο,
868 3553 914 3617 τοὶ
929 3553 955 3616 δ’
972 3552 1093 3635 ὀρέοντο

247 3657 307 3743 ἠχῇ
323 3659 483 3745 θεσπεσίη,
499 3656 594 3740 νέφεα
609 3656 769 3723 κλονέοντε
784 3655 935 3738 πάροιθεν.
974 3677 976 3686 ’
1056 3691 1059 3696 ¹

247 3761 328 3843 αἶψα
342 3762 376 3824 δέ
391 3762 503 3827 πόντον
517 3764 622 3826 ίκανον
638 3759 772 3840 ἀήμεναι,
789 3757 865 3841 ὦρτο
881 3761 915 3823 δέ
930 3763 1006 3840 κῢμα

249 3867 339 3952 πνοιῇ
355 3867 412 3929 ὕπο
427 3866 545 3951 λιγυρῇ·
568 3865 681 3946 Τροίην
696 3864 723 3928 δ’
738 3865 890 3945 ἐρίβωλον
909 3863 1042 3943 ἱκέσθην,
