2834 4234
258 328 320 394 γοα
556 327 605 375 12.
628 313 863 374 ολννναιια
886 311 928 372 M.

257 481 421 567 γηθήσειεν
437 482 518 558 ίδόν,
530 479 590 545 οὐδ’
606 483 633 546 εί
649 487 716 550 θεὸς
732 480 894 546 ἀντιάσειε.

220 590 310 663 ,κτῆς
325 586 344 667 ή
359 611 405 650 τοι
420 586 510 652 πόδες
527 586 589 650 εἰσὶ
605 587 738 654 δυόδεκα
753 585 862 652 πάντες
878 585 978 665 ἄωροι,

258 689 295 770 ἓξ
308 688 342 755 δέ
356 690 390 753 τέ
404 692 433 753 οἱ
448 690 544 771 δειραὶ
559 687 743 770 περιμήκεες,
761 690 793 752 ἔν
809 691 842 754 δὲ
858 687 970 774 ἑκάστη
1176 714 1210 762 90

257 792 429 876 σμερδαλέη
445 790 574 872 κεφαλή,
589 794 623 858 έν
637 794 669 856 δέ·
685 794 854 875 τρίστοιχοι
871 792 1002 868 ὀδόντες,

257 890 364 957 πυκνοῖ
380 889 427 956 καὶ
444 891 562 970 θαμέες,
579 897 679 956 πλεῖοι
693 891 825 970 μέλανος
842 891 991 956 θανάτοιο.

258 996 358 1076 μέσση
373 995 429 1074 μέν
445 1022 478 1060 τε
494 993 567 1060 κατά
582 996 707 1061 σπείους
723 997 839 1059 κοίλοιο
857 994 988 1072 δέδυκεν,

210 1114 233 1150 Γ
259 1098 316 1178 ἔξω
334 1096 359 1164 δ’
377 1097 493 1180 ἐξίσχει
509 1097 646 1180 κεφαλὰς
660 1104 771 1162 δεινοῖο
785 1098 940 1180 βερέθρου,
1034 1163 1036 1170 s
1145 1163 1146 1170 ¹

258 1205 347 1267 αὐτοῦ
363 1201 389 1267 δ’
404 1201 523 1286 ἰχθυάᾳ,
540 1205 694 1268 σκόπελον
709 1201 953 1283 περιμαιμώωσα,
1176 1225 1207 1275 95

259 1305 403 1388 δελφῖνάς
420 1331 451 1371 τε
467 1306 555 1372 κύνας
571 1331 604 1370 τε
619 1308 669 1378 καὶ
684 1308 713 1370 εἴ
726 1311 797 1370 ποθι
815 1306 917 1384 μεῖζον
933 1305 1025 1392 ἕλῃσι

258 1416 357 1490 κῆτος,
373 1411 392 1474 δ
406 1414 496 1492 μυρία
513 1412 625 1491 βόσκει
641 1410 808 1493 ἀγάστονος
822 1411 1011 1492 Ἀμφιτρίτη.

258 1517 293 1600 τῇ
311 1513 336 1578 δ’
354 1513 388 1577 ού
404 1515 450 1579 πά
466 1539 538 1578 ποτε
555 1518 658 1580 ναῦται
675 1512 791 1596 ἀκήριοι
808 1513 1005 1598 εὐχετόωνται

259 1617 445 1700 παρφυγέειν
460 1617 517 1680 σὺν
532 1615 590 1696 νηΐ·
622 1617 709 1699 φέρει
725 1616 757 1680 δέ
770 1643 802 1682 τε
818 1619 902 1699 κρατὶ
919 1617 1053 1706 ἑκάστῳ.
1150 1651 1152 1658 ’

259 1719 334 1802 φῶτ’
352 1719 545 1802 ἐξαρπάξασα
560 1720 627 1786 νεὸς
643 1719 871 1806 κυανοπρφροιο.
1160 1749 1207 1798 τοο

302 1825 363 1888 Τὸν
378 1821 404 1887 δ’
416 1825 519 1906 ἕτερον
535 1825 689 1888 σκόπελον
703 1825 940 1907 χθαμαλώτερον
955 1826 1037 1907 ὄψει,
1046 1823 1206 1900 Ὀδυσσεῦ,

259 1928 392 2006 πλησίον
408 1926 563 2006 ἀλλήλων·
595 1929 646 1991 καί
660 1955 710 2018 κεν
725 1929 953 1994 διοϊστεύσειας.

259 2032 299 2117 τῷ
310 2031 336 2096 δ’
353 2033 386 2096 έν
401 2033 512 2113 ἐρινεός
527 2033 593 2095 ἐστι
608 2031 710 2114 μέγας,
727 2033 876 2113 φύλλοισι
891 2032 1034 2110 τεθηλός·

259 2138 299 2220 τῷ
317 2135 342 2200 δ’
358 2137 415 2200 ὑπὸ
431 2141 480 2200 δῖα
495 2135 650 2217 Χάρυβδις
666 2138 861 2218 ἀναρροιβδεῖ
872 2135 970 2216 μέλαν
985 2138 1072 2218 ὕδωρ.

260 2239 320 2320 τρῖς
335 2242 390 2319 μὲν
406 2240 463 2323 γάρ
479 2241 503 2303 τ’
522 2241 640 2317 ἀνίησιν
657 2239 702 2306 ἐπ’
718 2238 817 2318 ἤματι,
833 2237 895 2321 τρῖς
910 2239 936 2302 δ’
953 2226 1129 2321 ἀναροιβδεῖ
1162 2267 1206 2316 ¹05

259 2345 367 2408 δεινόν·
396 2344 437 2423 μὴ
453 2343 493 2405 σύ
508 2370 544 2425 γε
560 2349 637 2408 κεῖθι
653 2344 765 2427 τύχοις,
781 2347 831 2410 ὅτε
845 2341 1048 2426 ῥοιβδήσειεν·

259 2448 294 2510 οθ
309 2446 366 2529 γάρ
383 2473 433 2510 κεν
446 2447 574 2528 ῥύσαιτό
588 2447 618 2508 α’
634 2449 710 2512 ὑπὲκ
727 2451 817 2510 κακοῦ
834 2445 894 2512 οὐδ’
910 2448 1090 2529 ένοσίχθων.

260 2548 342 2614 ἀλλὰ
356 2549 440 2631 μάλα
454 2550 595 2627 Σκύλλης
611 2550 753 2635 σκοπέλῳ
769 2549 960 2628 πεπλημένος
975 2547 1039 2616 ἀικα

260 2659 316 2732 νῆα
331 2650 429 2734 παρὲξ
441 2651 545 2738 ἐλάαν,
562 2655 628 2718 ἐπεὶ
645 2653 664 2733 ἦ
679 2654 758 2718 πολὺ
774 2652 919 2736 φέρτερόν
935 2657 1020 2719 ἐστιν

260 2756 296 2834 ἓξ
309 2754 430 2835 ἑτάρους
447 2757 479 2820 έν
494 2755 543 2833 νηὶ
557 2755 724 2837 ποθήμεναι
738 2753 757 2835 ἢ
773 2756 834 2836 ἅμα
850 2756 993 2823 πάντας.”
1158 2785 1206 2820 110

296 2858 360 2926 Ὣς
376 2856 475 2938 ἔφατ’,
489 2859 581 2940 αὐτὰρ
598 2853 656 2942 έγό
674 2886 727 2941 μιν
741 2861 942 2942 ἀμειβόμενος
957 2859 1149 2942 προσέειπον·

260 2967 281 2995 “
294 2963 320 3023 εί
337 2960 362 3023 δ’
379 2960 434 3040 ἄγε
450 2960 486 3041 δή
501 2988 553 3043 μοι
567 2968 666 3042 τοῦτο,
683 2961 747 3040 θεά,
765 2965 905 3044 νημερτὲς
920 2964 1054 3046 ἐνίσπες,

259 3067 288 3127 εἴ
303 3089 364 3130 πως
380 3064 434 3144 τήν
449 3067 542 3146 ὀλοὴν
555 3068 611 3148 μὲν
626 3065 886 3148 ὑπεκπροφύγοιμι
901 3065 1067 3147 Χάρυβδιν,

259 3168 313 3246 τὴν
329 3167 362 3232 δέ
377 3166 403 3232 κ’
420 3170 595 3251 ἀμυναίμην,
612 3171 661 3234 ότε
676 3195 727 3251 μοι
743 3170 860 3234 σίνοιτό
875 3168 903 3252 γ’
919 3169 1083 3252 έταίρους.”

296 3269 360 3337 Ὣς
375 3272 505 3353 ἐφάμην,
521 3273 539 3353 ἡ
556 3273 581 3338 δ’
598 3272 690 3338 αὐτίκ’
707 3275 852 3353 ἀμείβετο
868 3279 917 3338 δῖα
933 3272 1038 3338 θεάων·
1160 3303 1205 3352 115

260 3382 281 3410 “
292 3373 429 3459 σχέτλιε,
446 3375 494 3441 καὶ
513 3379 548 3457 δὴ
564 3377 601 3441 αὖ
616 3403 663 3442 τοι
678 3375 830 3457 πολεμήϊα
846 3379 921 3460 ἔργα
934 3376 1050 3457 μέμηλε

147 3479 152 3522 J
261 3479 310 3543 καὶ
325 3479 427 3545 πόνος·
451 3480 519 3544 οὐδὲ
536 3485 653 3546 θεοῖσιν
667 3479 803 3559 ὑπείξεαι
817 3480 1013 3545 ἀθανάτοισιν
1027 3505 1038 3554 ,·

259 3583 277 3661 ἡ
297 3581 330 3646 δέ
344 3607 388 3646 τοι
404 3582 439 3646 οὐ
457 3583 560 3663 θνητή,
576 3583 646 3648 ἀλλ’
662 3583 813 3650 ἀθάνατον
829 3586 920 3649 κακόν
935 3585 1014 3664 ἔστι,

261 3686 359 3752 δεινόν
374 3684 399 3750 τ’
416 3686 566 3767 ἀργαλέον
579 3713 612 3753 τε
630 3689 679 3752 καὶ
693 3688 798 3772 ἄγριον
814 3688 881 3752 οὐδὲ
895 3673 1042 3772 μαχητόν·
