2758 4228
465 323 515 384 οι.
538 308 771 369 ΟΔΎΣΣΕΙΑΣ
795 311 835 371 Ω.
1065 327 1129 393 903
1180 377 1183 381 ,

181 480 214 541 ἐκ
229 479 368 561 μεγάρων
381 479 537 555 Ὀδυσῆος,
553 477 622 542 ἐπεί
636 485 735 558 σφεας
750 479 843 543 ὐπνος
859 480 978 558 ἀνῆκεν,
1016 527 1018 532 ·
1076 475 1128 558 446

181 582 273 646 έσταν
289 581 314 646 δ’
331 584 364 646 ἐν
377 581 533 662 μέσσοισι·
556 580 653 661 τάφος
669 580 694 645 δ’
710 580 780 644 έλεν
793 580 886 662 ἀνδρα
899 577 1037 648 ἕκαστον.

180 690 262 749 τοῖσι
276 688 309 749 δὲ
325 683 373 749 καλ
388 683 526 764 μετέειπε
542 684 653 748 Μέδων
667 684 838 764 πεπνυμένα
854 685 948 752 εἶδός·

180 795 198 824 “
209 787 330 853 κέκλυτε
344 789 381 868 δή
397 793 527 868 νῦνμευ,
541 785 715 864 Ἰθακήσιοι·
740 788 773 852 οὐ
788 786 846 869 γάρ
861 788 1028 857 Ὀδυσσεὺς

180 893 336 958 ἀθανάτων
352 893 453 971 ἀέκητι
469 897 546 957 θεῶν
561 891 631 956 τάδε
646 889 765 972 μήσατο
783 891 867 973 ἔργα·

179 997 266 1063 αὐτὸς
281 998 360 1079 ε’γιδν
378 997 458 1062 εἶδον
473 995 544 1060 θεὸν
557 995 722 1076 ἄμβροτον,
738 996 772 1060 ὅς
785 993 815 1077 ῤ’
831 994 959 1075 Ὀδυσῆϊ
1076 1025 1127 1077 445

180 1101 306 1183 ἐγγύθεν
321 1098 442 1179 ἑστήκει
458 1098 506 1163 καὶ
522 1100 653 1178 Μέντορι
668 1099 766 1162 πάντα
781 1096 872 1183 ἐῴκει.
916 1118 919 1128 ’

179 1203 325 1270 ἀθάνατος
340 1208 373 1269 δέ
389 1209 458 1271 θεδς
473 1207 541 1267 τοτὲ
556 1206 614 1279 μέν
628 1199 805 1282 πραπάροιθ
820 1199 968 1282 Ὀδυσῆος
1078 1263 1081 1270 .

179 1309 304 1387 φαίνετο
320 1309 487 1389 θαρσύνων,
503 1309 571 1369 τοτέ
585 1308 619 1370 δὲ
632 1309 807 1386 μνηστῆρας
819 1305 928 1387 ὀρίνων

179 1416 249 1476 θῦνε
265 1415 339 1475 κατά
353 1411 493 1494 μέγαρον·
517 1412 564 1474 τοὶ
579 1409 605 1473 δ’
621 1411 793 1491 ἀγχιστῖνοι
809 1408 966 1472 ἐπιπτον.”

214 1513 278 1581 Ὣς
294 1515 383 1595 φάτο,
399 1514 468 1581 τούς
482 1514 508 1578 δ’
523 1513 580 1594 άρα
599 1513 712 1579 πάντας
727 1514 786 1576 ὑπὸ
801 1511 924 1595 χλωρὸν
939 1513 1005 1581 δέος
1018 1513 1094 1601 ᾔρει.

178 1623 255 1680 τοῖσι
272 1622 304 1683 δὲ
320 1617 369 1682 καὶ
383 1618 522 1698 μετέειπε
536 1617 633 1699 γέρων
647 1613 924 1697 ἥρωςἋλιθέρσης
1076 1644 1124 1696 45ι

179 1724 381 1805 Μαστορίδης·
400 1724 417 1784 ἀ
432 1725 489 1804 γάρ
504 1721 567 1787 οἶος
582 1721 636 1802 όρα
651 1721 779 1802 πρόσσω
796 1721 845 1783 καὶ
860 1720 992 1782 ὀπίσσω·

177 1827 196 1888 ὅ
211 1833 288 1906 σφιν
303 1825 474 1907 ἐϋφρονέων
487 1824 659 1905 ἀγορήσατο
676 1825 725 1886 καὶ
741 1821 887 1902 μετέειπε·

178 1933 196 1963 “
208 1928 331 1992 κέκλυτε
347 1929 384 2007 δή
400 1933 452 1992 νῦν
467 1952 532 2007 μευ,
548 1924 725 2005 Ἰθακήσιοι,
741 1926 804 1989 ὅττι
820 1951 873 1989 κεν
888 1927 972 1989 εἴπω·

178 2031 302 2118 ὑμετέρῃ
319 2033 467 2110 κακότητι,
483 2032 581 2111 φίλοι,
597 2028 668 2094 τάδε
683 2030 756 2112 ἔργα
772 2030 906 2112 γένοντο·
1077 2058 1124 2109 455

176 2137 284 2218 οὐγὰρ
300 2137 366 2213 ἐμοὶ
384 2134 530 2208 πείθεσθ’,
547 2133 582 2197 οὐ
597 2134 730 2213 Μέντορι
745 2133 864 2212 ποιμένι
879 2136 972 2210 λαῶν,

175 2238 333 2321 ὑμετέρους
349 2244 457 2305 παῖδας
472 2237 680 2318 καταπαυέμεν
695 2236 907 2318 ἀφροσυνάων,

176 2343 204 2406 οἳ
218 2343 295 2423 μέγα
311 2344 400 2426 ἔργον
416 2341 521 2423 ἔρεξαν
536 2342 741 2428 ἀτασθαλίῃσι
758 2341 877 2424 κακῇσι,

177 2445 308 2528 κτήματα
324 2445 472 2528 κείροντες
489 2447 539 2509 καὶ
554 2444 747 2523 ἀτιμάζοντες
762 2444 878 2508 άκοιτιν

175 2551 282 2632 ἀνδρὸς
298 2553 448 2632 ἀριστῆος·
470 2555 523 2612 τὸν
541 2547 566 2612 δ’
584 2548 682 2612 οὐκέτι
698 2547 796 2628 φάντο
812 2546 944 2612 νέεσθαι.
1075 2561 1126 2625 46ο

176 2655 224 2717 καὶ
239 2661 293 2719 νῦν
307 2658 364 2719 ὧδε
380 2654 510 2737 γένοιτο·
533 2653 662 2718 πίθεσθέ
675 2677 727 2732 μοι
742 2651 781 2716 ὥς
797 2651 939 2734 ἀγορεύω·

174 2757 215 2836 μὴ
230 2758 321 2837 ίομεν,
337 2756 378 2838 μή
394 2758 451 2822 πού
466 2783 511 2823 τις
527 2751 719 2821 ἐπίσπαστον
736 2761 826 2818 κακὸν
841 2752 941 2842 εὐρῃ.”

212 2860 275 2927 Ὣς
289 2859 387 2942 ἔφαθ’,
403 2863 432 2925 οί
447 2860 474 2925 δ’
488 2860 534 2942 ἀρ’
551 2859 677 2938 ἀνήϊξαν
691 2859 815 2944 μεγάλῳ
832 2860 976 2944 ἀλαλητῷ

174 2964 306 3044 ἡμίσεων
323 2967 454 3030 πλείους·
477 2966 523 3028 τοὶ
539 2964 563 3030 δ’
581 2964 685 3044 ἀθρόοι
701 2963 804 3026 αὐτόθι
818 2964 936 3042 μίμνον·

174 3070 209 3133 οὐ
223 3069 281 3151 γάρ
298 3076 376 3149 σφιν
391 3068 445 3133 άδε
459 3072 551 3145 μῦθος
567 3065 613 3130 ἐνὶ
630 3067 751 3149 φρεσίν,
768 3065 838 3131 ἀλλ’
855 3064 997 3129 Εὐπείθει
1075 3079 1123 3144 4⁶5

174 3171 320 3236 πείθοντ’·
342 3173 422 3254 αἶψα
441 3171 467 3235 δ’
483 3171 575 3235 ἔπειτ’
590 3168 641 3234 ἐπὶ
657 3169 767 3253 τείχεα
783 3169 956 3233 ἐσσεύοντο.
1064 3161 1066 3165 ’

172 3274 263 3355 αὐτὰρ
280 3278 349 3340 ἐπεί
360 3276 392 3358 ῥ’
407 3275 539 3339 ἕσσαντο
555 3271 623 3354 περὶ
637 3273 709 3356 χροὶ
723 3272 844 3351 νώροπα
859 3273 984 3353 χαλκόν,

173 3383 276 3462 ἀθρόοι
290 3379 470 3464 ήγερέθουτο
486 3384 542 3460 πρὸ
558 3379 667 3444 ἀστεος
682 3378 863 3460 εὐρυχόροιο.

172 3489 272 3548 τοῖσιν
286 3483 312 3546 δ’
329 3483 478 3562 Εὐπείθης
493 3481 629 3565 ἡγήσατο
646 3480 799 3566 νηπιέῃσι·

173 3587 218 3665 φή
234 3585 260 3649 δ’
275 3586 342 3668 ὅγε
356 3586 497 3651 τίσεσθαι
513 3590 618 3651 παιδδς
633 3585 737 3665 φόνον,
752 3583 814 3648 οὐδ’
830 3581 876 3665 ἀρ’
891 3584 1020 3662 ἔμελλεν
1072 3608 1123 3661 4το

172 3687 221 3770 ἀφ
236 3688 467 3769 ἀπονοστήσειν,
481 3689 552 3753 ἀλλ’
568 3688 658 3760 αὐτοῦ
671 3688 789 3768 πότμον
805 3686 946 3770 ἐφέψειν.
