2848 4296
550 337 601 384 22.
626 315 796 384 ΙΛΙΑΔΟΣ
820 325 858 384 X.
1117 337 1180 405 437

231 489 269 555 ώς
283 488 427 572 Ἀχιλεὺς
442 488 583 571 λαιψηρὰ
600 490 696 555 πόδας
712 487 761 552 καὶ
774 486 896 571 γούνατ’
911 490 1022 570 ἐνώμα.

272 597 335 658 Τὸν
351 592 376 656 δ’
393 595 410 656 ὁ
424 593 521 675 γέρων
536 594 675 674 Πρίαμος
690 597 806 674 πρῶτος
822 595 886 657 ίδεν
906 594 1104 674 ὀφθαλμοῖσι,
1152 617 1181 666 ²5

230 693 435 777 παμφαίνονθ’
452 697 491 762 ὥς
506 693 533 758 τ’
549 693 650 776 ἀστέρ’
668 697 877 775 ἐπεσσύμενον
892 697 1016 772 πεδίοιο,

231 801 263 864 ὅς
277 797 315 878 ῥά
330 796 356 860 τ’
373 799 491 880 ὀπώρης
506 799 595 875 εἶσιν,
613 799 749 880 ἀρίζηλοι
765 799 799 862 δέ
814 801 842 862 οἱ
859 798 947 881 αὐγαὶ

231 905 391 984 φαίνονται
406 907 554 966 πολλοῖσι
568 900 635 981 μετ’
650 902 781 982 ἀστράσι
797 909 901 968 νυκτδς
917 904 1051 989 ἀμολγῷ·

232 1008 266 1069 ὄν
284 1032 316 1070 τε
333 1005 393 1070 κύν’
412 1003 557 1088 Ὠρίωνος
574 1007 737 1085 ἐπίκλησιν
752 1006 906 1070 καλέουσι.

230 1110 440 1192 λαμπρότατος
454 1112 511 1188 μὲν
522 1111 540 1172 ὅ
551 1104 581 1192 γ’
598 1111 675 1182 ἔστί,
693 1110 783 1175 κακὸν
799 1109 833 1173 δέ
844 1135 877 1174 τε
893 1115 975 1190 σῆμα
993 1110 1139 1190 τέτυκται,
1151 1139 1182 1187 30

232 1214 283 1276 καί
296 1239 329 1276 τε
345 1212 432 1294 φέρει
448 1214 568 1277 πολλόν
583 1215 711 1294 πυρετὸν
726 1218 857 1277 δειλοῖσι
872 1219 1041 1293 βροτοῖσιν·

232 1315 271 1381 ἀς
286 1320 339 1378 τοῦ
354 1321 470 1399 χαλκὸς
487 1316 604 1394 ἔλαμπε
619 1317 688 1397 περὶ
704 1315 855 1396 στήθεσσι
871 1317 1001 1384 θέοντος.

232 1417 355 1502 ᾤμωξεν
370 1418 395 1482 δ’
412 1421 429 1481 ό
444 1418 550 1501 γέρων,
568 1421 707 1501 κεφαλήν
722 1419 747 1483 δ’
765 1421 783 1482 ό
796 1446 833 1502 γε
849 1422 967 1503 κόψατο
982 1421 1091 1503 χερσὶν

230 1521 322 1602 vm&
339 1523 557 1606 ἀνασχόμενος,
573 1523 652 1605 μέγα
667 1520 694 1587 δ’
711 1523 840 1604 οἰμώξας
860 1525 1002 1607 ἐγεγώνει

231 1627 415 1704 λισσόμενος
431 1630 526 1707 φίλον
540 1627 615 1692 υἱόν·
640 1629 705 1691 ὁδὶ
720 1626 906 1710 προπάροιθε
922 1625 1046 1693 πυλάων
1151 1653 1182 1702 35

231 1731 360 1808 ἑστήκει,
379 1729 491 1810 ἀμοτον
505 1731 626 1810 μεμαάς
641 1731 765 1814 Ἀχιλῆϊ
778 1730 942 1814 μάχεσθαι·

231 1834 283 1896 τὸν
299 1831 325 1896 δ’
341 1835 357 1896 ό
372 1832 469 1916 γέρων
484 1837 604 1898 έλεεινά
619 1835 775 1915 προσηύδα
790 1840 892 1918 χεῖρας
915 1835 1047 1918 ὀρεγνύς·

230 1942 247 1969 “
254 1934 373 2018 Ἕκτορ,
389 1935 430 2015 μή
444 1962 496 2017 μοι
511 1939 610 2016 μίμνε,
627 1939 721 2019 φίλον
736 1935 830 2009 τέκος,
849 1936 939 2017 ἀνέρα
955 1943 1060 2001 τοῦτον

230 2039 294 2105 οῖας
309 2039 407 2104 ἄνευθ’
423 2041 535 2119 ἀλλων,
552 2043 602 2106 ἵνα
616 2042 658 2121 μὴ
673 2041 753 2123 τάχα
768 2043 884 2120 πότμον
899 2041 1031 2127 ἐπίσπῃς

231 2142 386 2222 Πηλείωνι
402 2145 514 2223 δαμείς,
531 2143 597 2209 ἐπεὶ
613 2144 632 2224 ἢ
647 2144 726 2208 πολὺ
742 2144 887 2226 φέρτερός
903 2146 980 2220 ἔστι,
1150 2171 1182 2220 40

232 2246 385 2330 σχέτλιος·
410 2250 477 2312 αἴθε
493 2253 591 2312 θεοῖσι
608 2251 702 2329 φίλος
718 2249 867 2313 τοσσόνδε
882 2247 1002 2330 γένοιτο

231 2351 329 2414 ὅσσον
343 2352 420 2428 ε’μοί·
444 2349 524 2434 τάχα
544 2351 595 2416 κέν
610 2355 625 2416 ἑ
642 2352 726 2418 κύνες
742 2351 791 2415 καὶ
805 2357 898 2434 γῦπες
914 2351 1011 2414 έδοιεν

232 2456 379 2532 κείμενον·
405 2453 422 2533 ή
441 2454 475 2518 κέ
488 2480 540 2533 μοι
556 2457 642 2520 οῖνδν
658 2455 718 2519 ἀπὸ
733 2455 891 2536 πραπίδων
906 2455 982 2538 ἀχος
997 2455 1094 2518 έλθοι·

231 2557 264 2623 ός
277 2554 309 2635 μ’
327 2559 401 2621 υἱῶν
416 2563 543 2622 πολλῶν
557 2584 591 2622 τε
607 2559 656 2622 καὶ
676 2561 797 2623 ἐσθλῶν
812 2558 893 2622 εὖνιν
913 2558 1010 2636 ἔθηκε,

231 2661 354 2724 κτείνων
370 2661 419 2724 καὶ
434 2664 545 2742 περνδς
561 2659 664 2740 νήσων
680 2662 730 2724 έπι
746 2659 954 2740 τηλεδαπάων.
1151 2688 1182 2737 45

232 2765 280 2827 καὶ
296 2767 354 2846 γάρ
370 2770 424 2830 νῦν
438 2765 491 2828 δύο
506 2770 603 2839 παῖδε,
620 2765 760 2830 Λυκάονα
778 2767 826 2828 καὶ
843 2764 1037 2846 Πολύδωρον,

232 2867 266 2929 ού
280 2868 406 2946 δύναμαι
423 2867 513 2933 ίδέειν
527 2870 640 2951 Τρώων
656 2871 699 2934 είς
714 2869 791 2932 ἀοτυ
807 2867 951 2948 ἀλέντων,

231 2972 298 3038 τούς
312 2998 364 3052 μοι
379 2975 501 3052 Λαοθόη
516 2973 630 3050 τέκετο,
648 2976 788 3055 κρείουσα
802 2979 960 3055 γυναικῶν.
1019 2991 1023 3004 “

232 3075 301 3137 ἀλλ’
318 3077 344 3139 εί
363 3078 419 3155 μὲν
435 3077 544 3154 ζώουσι
560 3081 636 3156 μετά
652 3080 778 3162 στρατῷ,
795 3076 814 3156 ή
829 3073 856 3140 τ’
871 3075 909 3141 ἀν
925 3077 1031 3140 ἔπειτα

231 3185 347 3260 χαλκοῖν
367 3204 400 3243 τε
415 3185 531 3262 χρυσοῖν
546 3177 572 3243 τ’
590 3179 804 3259 ἀπολυσόμεθ’
830 3179 897 3242 ἔστι
911 3181 969 3261 γὰρ
986 3179 1082 3242 ένδον·
1151 3183 1202 3256 5ο’

231 3284 334 3344 πολλὰ
348 3283 407 3365 γὰρ
424 3283 529 3347 ὤπασε
544 3284 629 3346 παιδὶ
644 3281 958 3365 γέρωνόνομάκλυτος
970 3281 1095 3362 Ἀλτης.

232 3386 259 3447 εἰ
274 3382 300 3447 δ’
315 3383 371 3465 ἤδη
387 3391 512 3452 τεθνᾶσι
528 3387 578 3449 καὶ
594 3387 639 3450 είν
654 3385 757 3449 Ἀίδαο
773 3387 920 3465 δόμοισιν,

232 3488 326 3571 ἄλγος
342 3493 403 3575 έμῷ
420 3494 502 3577 θυμῷ
519 3493 567 3555 καὶ
582 3489 695 3572 μητέρι,
711 3491 757 3554 τοὶ
772 3490 950 3569 τεκόμεσθα·

231 3598 355 3660 λαοῖσιν
369 3595 394 3658 δ’
411 3595 539 3658 ἄλλοισι
553 3593 824 3674 μινυνθαδιώτερον
839 3592 935 3675 ἀλγος

232 3697 367 3775 ἔσσεται,
383 3695 421 3778 ἢν
435 3697 477 3777 μή
493 3699 542 3762 καὶ
559 3697 597 3762 σὺ
613 3696 705 3784 θάνῃς
721 3693 846 3781 Ἀχιλῆϊ
861 3698 1034 3779 δαμασθείς.
1149 3723 1178 3772 55
