2746 4228
508 365 538 432 3·
563 350 734 410 1A1AA02
757 352 789 412 r.
1086 349 1124 412 αι

183 519 266 598 κεινλ
279 519 312 582 δέ
327 517 496 600 τρυφάλεια
511 517 559 597 ἅμ’
576 518 688 583 έσπετο
702 519 782 602 χειρὶ
797 519 919 606 παχείῃ.

182 621 238 701 τὴν
253 623 310 703 μέν
324 621 419 688 ἔπειθ’
434 621 513 704 ήρως
526 622 589 702 μετ’
607 621 784 704 ἐϋκνήμιδας
799 621 941 705 Ἀχαιοὺς

181 724 248 806 ῥῖψ’
265 723 452 804 ἐπιδινήσας,
470 725 599 806 κόμισαν
613 724 638 788 δ’
656 725 770 806 ἐρίηρες
790 725 911 806 ἑταῖροι·

183 828 276 910 αὐτὰρ
291 831 308 891 ὁ
323 828 371 911 ἂψ
387 830 536 910 ἐπόρουσε
550 827 769 907 κατακτάμεναι
783 827 949 908 μενεαίνων

183 931 270 1014 ἔγχεϊ
286 932 431 1018 χαλκείῳ·
455 931 508 997 τδν
521 932 547 995 δ’
564 929 708 1013 ἐξήρπαξ’
724 931 889 1013 Ἀφροδίτη
1080 947 1127 1007 380

181 1037 249 1117 ῥεῖα
262 1033 334 1115 μάλ’
351 1037 391 1103 ώς
402 1062 435 1102 τε
450 1037 528 1109 θεός,
545 1033 683 1118 ἐκάλυψε
697 1034 722 1099 δ’
743 1033 789 1118 άρ’
806 1033 871 1117 ἠέρι
887 1037 999 1121 πολλῇ,

183 1141 238 1202 κὰδ
255 1138 279 1202 δ’
297 1137 354 1203 εἶπ’
371 1140 404 1201 ἐν
419 1136 544 1223 θαλάμῳ
562 1138 666 1202 εὐώδεϊ
682 1139 818 1217 κηώεντι.

183 1241 257 1320 αὐτὴ
274 1240 298 1305 δ’
315 1240 379 1308 αὖθ’
395 1239 525 1319 Ἑλένην
541 1240 681 1305 καλέουσ’
698 1243 734 1306 ίε·
758 1243 814 1322 τὴν
829 1242 854 1305 δ’
871 1243 993 1325 ἐκίχανε

183 1345 285 1428 πύργῳ
301 1345 350 1427 ἐφ’
366 1347 486 1430 ύψηλῳῖ,
503 1347 571 1428 περὶ
587 1348 620 1410 δέ
633 1347 735 1432 Τρῳαὶ
750 1346 820 1412 άλις
837 1345 926 1426 ἦσαν·

182 1449 262 1532 χειρὶ
277 1449 310 1510 δέ
326 1446 484 1527 νεκταρέου
500 1450 588 1510 έανοΰ
603 1445 721 1524 ἐτίναξε
735 1451 889 1526 λαβοῦσα,
1081 1464 1127 1525 385

181 1547 252 1629 γρηῒ
266 1546 300 1612 δέ
313 1572 366 1627 μιν
382 1550 476 1612 ἐϊκυῖα
491 1546 671 1630 παλαιγενέϊ
686 1548 869 1629 προσέειπεν

182 1652 337 1735 εἰροκόμῳ,
352 1650 373 1730 ή
388 1653 417 1715 οἱ
432 1651 634 1729 Λακεδαίμονι
648 1654 818 1739 ναιετοώσῃ

181 1754 289 1832 ἤσκειν
304 1756 381 1835 εἴρια
398 1752 484 1829 καλά,
500 1753 637 1834 μάλιστα
652 1753 686 1818 δέ
699 1781 751 1834 μιν
767 1754 925 1837 φιλέεσκε·

182 1860 217 1945 τῇ
232 1884 284 1939 μιν
300 1856 459 1935 ἐεισαμένη
475 1858 674 1940 προσεφώνεε
688 1859 725 1922 δῖ’
741 1859 919 1942 Ἀφροδίτη·

183 1967 202 1996 “
211 1959 287 2041 δεῦρ’
302 1959 354 2024 ἴθ’·
376 1956 577 2040 Ἀλέξανδρός
593 1985 630 2024 σε
646 1965 733 2024 καλεῖ
748 1962 865 2026 οἶκόνδε
880 1960 1012 2026 νέεσθαι.
1077 1991 1127 2041 390

183 2067 279 2129 κεῖνος
295 2061 354 2144 ὅγ’
372 2063 406 2126 ἐν
421 2060 545 2147 θαλάμῳ
562 2065 611 2127 καὶ
627 2068 781 2128 δινωτοῖσι
796 2064 938 2148 λέχεσσι,

183 2165 292 2230 κάλλεΐ
306 2190 339 2229 τε
354 2165 492 2245 στίλβων
508 2166 557 2228 καὶ
572 2167 703 2244 εἵμασιν·
727 2166 796 2231 οὐδέ
812 2193 846 2232 κε
860 2170 954 2249 φαίης

183 2271 266 2352 ἀνδρὶ
280 2266 498 2350 μαχησάμενον
513 2269 566 2331 τόν
580 2268 608 2351 γ’
622 2271 734 2342 ἐλθεῖν,
750 2271 833 2332 ἀλλὰ
847 2270 975 2353 χορόνδε

182 2371 313 2456 ἔρχεσθ’,
329 2371 364 2450 ἠὲ
378 2375 484 2453 χοροῖο
500 2370 569 2436 νέον
584 2370 719 2454 λήγοντα
736 2371 895 2450 καθίζωμ’

216 2474 281 2540 Ὣς
296 2471 385 2554 φάτο,
401 2473 437 2558 τῇ
454 2473 479 2538 δ’
496 2473 554 2555 άρα
569 2474 662 2556 θυμδν
678 2477 723 2540 ἐνὶ
740 2475 911 2554 στήθεσσιν
925 2479 1015 2560 ὄρινε·
1078 2505 1125 2552 395

181 2580 232 2643 καί
244 2577 276 2662 ῥ’
293 2577 332 2642 ὥς
348 2576 400 2639 οὖν
415 2577 525 2656 ἐνόησε
540 2582 611 2644 θεᾶς
626 2577 813 2660 περικαλλέα
831 2579 933 2661 δειρὴν

181 2678 295 2761 στήθεά
310 2679 336 2742 θΙ
354 2681 509 2761 ἱμερόεντα
525 2681 573 2743 καὶ
591 2683 709 2761 όμματα
722 2683 934 2764 μαρμαίροντα,

180 2779 346 2864 θάμβησέν,
357 2781 382 2844 τ’
399 2781 444 2863 ἄρ’
464 2782 568 2846 ἔπειτα
583 2783 656 2850 ἔτος
671 2782 696 2846 τ’
715 2783 800 2864 ἔφατ’
818 2785 851 2848 ἐκ
867 2783 895 2848 τ”
909 2785 1045 2864 ὀνόμαζε·

181 2896 199 2923 “
210 2885 359 2966 δαιμονίη,
375 2886 405 2947 τί
418 2910 457 2963 με
471 2890 565 2949 ταῦτα
579 2887 714 2950 λιλαίεαι
734 2886 930 2967 ἠπεροπεύειν
942 2913 953 2962 ,·

180 2991 199 3072 ἦ
215 2987 258 3075 πή
271 3015 310 3069 με
325 2986 457 3070 προτέρω
473 2989 590 3054 πολίων
606 2990 638 3054 εῖν
653 2989 839 3069 ναιομενάων
1076 3020 1125 3067 400

180 3089 304 3174 άξεις,ἢ
320 3092 451 3174 Φρυγίης
468 3088 486 3170 ή
503 3095 641 3178 Μῃονίης
656 3095 818 3174 ἐρατεινῆς,

180 3201 210 3264 εί
223 3198 267 3264 τίς
282 3222 328 3261 τοι
345 3196 393 3260 καὶ
409 3199 486 3259 κεῖθι
501 3198 594 3277 φίλος
608 3198 749 3279 μερόπων
765 3199 937 3279 ἀνθρώπων·

180 3303 288 3366 οὕνεκα
304 3299 340 3378 δὴ
356 3305 409 3365 νῦν
424 3303 489 3364 δῖον
502 3297 706 3381 Ἀλέξανδρον
722 3299 881 3366 Μενέλαος

180 3403 306 3484 νικήσας
321 3401 420 3467 ἐθέλει
438 3403 586 3485 στυγερὴν
602 3405 654 3482 ἐμὲ
670 3403 763 3468 οἴκαδ’
780 3404 917 3486 ἄγεσθαι,

179 3508 305 3573 τούνεκα
320 3507 356 3586 δὴ
373 3512 425 3570 νῦν
440 3512 526 3588 δεῦρο
542 3505 790 3588 δολοφρονέουσα
805 3507 957 3590 παρέστης
966 3533 975 3584 ;
1074 3534 1123 3583 405

178 3611 239 3691 ἥσο
255 3609 322 3692 παρ’
340 3609 430 3676 αὐτὸν
448 3612 545 3682 ἰοῦσα,
563 3612 640 3674 θεῶν
655 3609 680 3673 δ’
698 3611 821 3675 ἀπόεικε
836 3611 987 3684 κελεύθου,

178 3714 245 3792 μηδ’
263 3715 309 3778 ἔτι
323 3717 409 3777 σοῖσι
425 3714 575 3778 πόδεσσιν
589 3711 813 3795 ὑποστρέψειας
826 3713 993 3794 Ὄλυμπον,
