2908 4232
563 355 614 418 24·
639 344 809 404 ιΛιΑΔοΣ
832 345 872 403 α.
1121 342 1184 423 489

241 507 369 586 ἑσταότ’,
387 509 454 574 οὔτε
470 511 574 592 φόβου
591 509 781 591 μεμνημένου
796 511 856 575 οὔτ’
872 508 1034 592 ἀλεωρῆς.”

282 613 346 694 Την
361 613 386 678 δ’
402 614 472 678 αιἰτε
491 613 656 696 προσέειπε
667 613 765 697 γέρων
781 615 917 696 Πρίαμος
933 615 1077 696 θεοειδής·

240 724 259 756 “
269 715 309 797 μή
324 717 354 796 μ’
371 714 506 782 ἐθέλοντ’
523 717 600 781 ίέναι
615 718 804 799 κατερύκανε,
820 718 896 799 μηδέ
909 743 961 798 μοι
977 719 1049 799 αὕτη

241 823 321 903 ὅρνις
338 821 382 884 ἐνὶ
396 818 558 904 μεγάροισι
574 821 664 888 κακὸς
679 821 781 885 πέλευ·
813 822 882 888 αι’νδέ
895 848 933 901 με
949 823 1073 890 πείσεις.

240 929 266 990 εί
279 928 337 1006 μὲν
351 926 409 1009 γόρ
425 927 470 992 τίς
485 926 628 1006 μ’·όλλος
643 928 827 1009 ἐπιχθονίων
843 925 989 1003 ἐκέλευεν,
1140 953 1188 991 220

238 1027 257 1109 ἢ
274 1029 302 1092 οῖ
316 1028 439 1109 μάντιές
455 1031 516 1094 είσι
532 1029 674 1093 θυοσκόοι
689 1027 708 1108 ἢ
726 1032 831 1112 ἱερῆες,

239 1135 353 1214 ψεῦδός
368 1159 420 1198 κεν
435 1136 548 1214 φαῖμεν
563 1134 613 1196 καὶ
629 1134 849 1215 νοσφιζοίμεθα
863 1137 990 1215 μᾶλλον·

239 1243 292 1302 νῦν
306 1235 331 1300 δ’
347 1236 434 1302 αὐτὸς
449 1235 507 1319 γὰρ
522 1236 638 1300 ἄκουσα
654 1239 724 1300 θεοῦ
739 1234 787 1300 καὶ
803 1235 965 1318 ἐσέδρακον
980 1238 1082 1316 ἄντην,

240 1344 311 1424 εἶμι,
328 1345 377 1408 καὶ
393 1344 449 1426 οὐχ
464 1343 553 1407 ἅλιον
569 1343 641 1410 έπος
658 1344 791 1408 ἔσσεται.
836 1346 863 1407 εί
878 1343 912 1408 δέ
926 1368 977 1424 μοι
991 1345 1066 1409 αἶσα

240 1446 417 1527 τεθνάμεναι
433 1449 513 1528 παρά
531 1448 638 1526 νηυσὶν
652 1445 789 1530 Ἀχαιῶν
806 1448 1051 1530 χαλκοχιτώνων,
1141 1473 1187 1522 225

240 1547 400 1630 βούλομαι·
426 1549 531 1613 αὐτίκα
545 1549 603 1632 γάρ
616 1576 655 1630 με
671 1551 888 1619 κατακτείνειεν
901 1541 1067 1634 Ἀχιλλεὺς

241 1655 334 1736 ἀγκάς
351 1649 447 1716 ἑλόντ’
464 1652 537 1732 ἐμὸν
550 1654 626 1732 υἱόν,
643 1653 719 1733 ἐπὴν
734 1655 807 1737 γόου
823 1651 859 1732 ἐξ
872 1655 941 1737 ἐραν
960 1654 1051 1734 εἵην.”

280 1754 334 1833 Ἦ,
352 1754 400 1820 καὶ
416 1763 580 1838 φωριαμῶν
596 1756 766 1836 ἐπιθήματα
781 1757 847 1822 κάλ’
865 1757 1007 1843 ἀνέῳγεν·

241 1861 327 1924 ἐνθεν
342 1860 456 1924 διόδεκα
470 1864 526 1939 μὲν
541 1859 743 1941 περικαλλέας
760 1859 847 1940 ἐξελε
863 1860 1007 1933 πέπλους,

241 1962 355 2026 δόδεκα
370 1960 395 2026 δ’
411 1961 559 2028 ἁπλοΐδας
576 1966 716 2047 χλαίνας,
732 1966 863 2030 τόσσους
879 1965 912 2028 δέ
926 1963 1068 2043 τάπητας,
1140 1991 1152 2024 2
1158 1991 1188 2040 30

240 2063 340 2127 τόσσα
354 2065 387 2126 δὲ
403 2061 502 2142 φόρεα
515 2062 618 2138 λευκό,
633 2062 742 2127 τόσους
757 2061 784 2126 δ’
799 2062 848 2124 ἐπὶ
864 2066 944 2124 τοῖσι
958 2066 1098 2144 χιτῶνας.

241 2167 355 2245 χρυσοῦ
371 2163 403 2225 δέ
418 2159 534 2240 στήσας
550 2161 658 2242 ἔφερεν
674 2161 746 2225 δέκα
761 2160 859 2225 πάντα
874 2161 1017 2239 τάλαντα,

243 2267 275 2329 ἐκ
291 2266 324 2330 δὲ
339 2262 382 2329 δύ’
397 2268 527 2331 αἴθωνας
541 2266 690 2348 τρίποδας,
709 2266 838 2346 πίσυρας
852 2269 885 2330 δὲ
901 2264 1045 2346 λέβητας,

243 2370 275 2431 ἐκ
291 2371 323 2432 δέ
339 2367 432 2434 δέπας
447 2367 638 2450 περικαλλές,
654 2369 671 2431 θ
687 2371 716 2432 οῖ
733 2369 851 2454 Θρῇκες
867 2370 962 2450 πόρον
975 2369 1081 2450 ἀνδρες

243 2470 363 2552 ἐξεσίην
380 2471 508 2546 ἐλθόντι,
524 2471 602 2554 μέγα
617 2469 729 2553 κτέρας·
753 2471 821 2535 αιἰδέ
836 2498 871 2535 νυ
886 2477 938 2534 τοῦ
953 2497 1009 2554 περ
1141 2496 1187 2546 235

243 2574 363 2653 φείσατ’
380 2575 425 2638 ἐνὶ
438 2572 609 2656 μεγάροιςό
625 2573 730 2657 γέρων,
746 2576 814 2658 περὶ
829 2575 853 2638 δ’
870 2572 962 2653 ἤθελε
977 2578 1059 2659 θυμῷ

242 2677 395 2741 λύσασθαι
411 2678 504 2758 φίλον
518 2678 593 2741 υῖόν.
639 2679 656 2738 ὁ
671 2680 703 2740 δὲ
718 2683 822 2758 Τρῶας
837 2677 1042 2758 μὲν-ἃπαντας

243 2780 385 2862 αἰθούσης
400 2779 547 2863 ἀπέεργεν
562 2781 668 2845 ἐπεσσ’
684 2785 859 2865 αἰσχροῖσιν
875 2783 1016 2846 ἐνίσσων·

244 2888 263 2918 “
273 2885 381 2964 ἔρρετε,
396 2886 572 2966 λωβητῆρες
588 2884 739 2968 ἐλεγχέες·
770 2884 804 2948 οὔ
819 2911 853 2948 νυ
869 2885 918 2948 καὶ
932 2886 1002 2964 ὑμῖν

243 2987 318 3049 οἴκοι
334 2987 434 3051 ἐνεστι
448 2988 531 3070 γόος,
548 2989 594 3050 ὅτι
609 2987 638 3068 μ’
654 2985 762 3066 ἤλθετε
779 2984 979 3068 κηδήσοντεςξ
1141 3011 1188 3062 ²40

242 3087 262 3167 ἦ
276 3090 419 3154 ὀνόσασθ’
437 3091 483 3154 ὅτι
497 3117 549 3172 μοι
567 3092 711 3174 Κρονίδης
727 3091 801 3158 Ζεὺς
816 3087 902 3174 ἄλγε’
919 3090 1019 3168 ἔδωκε,

241 3192 321 3256 παῖδ’
337 3194 446 3258 ἀλέσαι
462 3196 515 3261 τὸν
531 3196 674 3276 ἄριστον;
698 3197 772 3279 ἀτάρ
789 3195 948 3278 γνώσεσθε
963 3195 1012 3258 καὶ
1028 3193 1129 3274 ὔμμες·

240 3293 370 3378 ῥηΐτεροι
385 3298 442 3380 γὰρ
456 3305 578 3378 μᾶλλον
592 3294 766 3382 Ἀχαιοῖσιν
780 3300 816 3379 δὴ
833 3300 944 3364 ἐσεσθε

241 3400 340 3466 κείνου
354 3407 520 3482 τεθνηῶτος
536 3402 699 3485 ἐναιρέμεν.
744 3402 835 3484 αὐτὰρ
851 3403 946 3486 ἔγωγε

241 3505 311 3586 πρὶν
329 3505 562 3586 ἀλαπαζομένην
577 3532 610 3571 τε
625 3506 716 3569 πόλιν
732 3505 942 3587 κεραϊζομένην
956 3532 989 3571 τε
1016 3509 1020 3514 ’
1138 3533 1186 3582 ²45

241 3609 448 3690 ὀφθαλμοῖσιν
464 3612 546 3686 ίδεῖν,
562 3610 657 3690 βαίην
672 3610 765 3688 δόμον
777 3608 999 3676 Ἀἴδοςεῖσωῗ
1143 3613 1144 3618 ’

280 3711 334 3792 Ἦ,
351 3714 399 3777 καὶ
415 3714 571 3799 σκηπανίιρ
587 3710 664 3778 δίεπ’
680 3711 795 3795 ἀνέρας·
818 3715 848 3778 οἱ
863 3712 888 3777 δ’
904 3716 977 3780 ἴσαν
992 3698 1028 3794 ἐξ

667 3815 727 3884 RS
