2746 4228
510 374 543 420 Α1.
567 357 739 418 ΙΛΙΑΔΟΣ
761 359 799 418 Α.
1083 351 1121 416 Ῑ5

171 523 231 609 τὴν
245 530 302 608 μὲν
316 527 407 593 ἔπειτ’
425 527 475 591 ἐπὶ
490 525 596 607 βωμδν
610 527 693 611 άγων
706 524 880 606 πολύμητις’
896 524 1053 590 Οδυσσεὺς
1073 553 1120 595 44ο

175 634 267 714 πατρὶ
283 632 366 716 φίλιρ
381 632 415 696 ἐν
428 631 518 714 χερσὶ
533 632 619 704 τίθει,
636 631 687 694 καί
698 656 751 709 μιν
765 627 956 711 προσέειπεν·

176 733 232 798 “ὦ
247 735 363 817 Χρύση,
380 734 439 814 πρό
451 733 481 812 μ’
497 735 635 815 ἔπεμψεν
650 731 728 810 ἀναξ
740 734 856 814 ἀνδρῶν
868 729 1065 813 Ἀγαμέμνων

176 835 270 900 παῖδά
285 862 318 901 τε
334 837 384 900 σοὶ
400 835 519 918 ἀγέμεν,
535 836 642 920 Φοίβῳ
658 834 685 899 θ’
702 834 786 917 ἱερὴν
800 832 972 912 ἑκατόμβην

174 937 259 1018 ῥέξαι
273 939 347 1021 ὐπὲρ
362 944 499 1011 Δαναῶν,
516 937 584 1021 ὄφρ’
601 938 792 1018 ἱλασόμεσθα
807 935 928 1007 άνακτα,

177 1039 210 1106 δς
225 1046 278 1106 νῦν
290 1039 458 1122 Ἀργείοισι
473 1040 647 1105 πολύπονα
662 1038 741 1119 κήδε’
760 1036 901 1121 ἐφῆκεν.”
1073 1066 1118 1114 445

214 1143 278 1208 Ὣς
293 1143 385 1207 είπδν
399 1144 433 1207 ἐν
446 1143 536 1224 χερσὶ
550 1143 637 1215 τίθει,
653 1144 671 1205 δ
685 1141 711 1206 δ’
727 1139 849 1220 ἐδέξατο
863 1140 978 1222 χαίρων

178 1250 270 1310 παῖδα
285 1244 390 1325 φίλην·
419 1246 466 1308 τοὶ
481 1245 506 1308 δ’
522 1242 585 1308 ὦκα
599 1247 657 1329 θεῷ
673 1244 796 1323 κλειτὴν
810 1243 981 1322 ἑκατόμβην

180 1346 276 1427 ἑξείης
291 1347 426 1426 ἔστησαν
440 1345 585 1426 ἐύδμητον
599 1347 667 1428 περὶ
681 1347 797 1426 βωμόν,

178 1451 363 1534 χερνίψαντο
377 1447 401 1514 δ’
418 1450 522 1513 ἔπειτα
537 1450 586 1513 καὶ
602 1449 767 1534 οὐλοχύτας
781 1448 936 1515 ἀνέλοντο.

178 1559 276 1619 τοῖσιν
291 1554 324 1616 δέ
338 1551 459 1634 Χρύσης
472 1550 579 1635 μεγάλ’
596 1553 702 1636 εὐχετο
718 1557 823 1636 χεῖρας
838 1551 990 1634 ἀνασχύν·
1071 1578 1119 1627 45ο

179 1666 198 1692 “
210 1655 299 1719 κλύθί
311 1679 376 1733 μευ,
392 1652 576 1737 ἀργυρότοξ’,
592 1653 626 1720 δς
640 1655 765 1737 Χρύσην
779 1653 996 1736 ἀμφιβέβηκας

180 1759 297 1822 Κίλλαν
311 1781 345 1820 τε
360 1754 468 1832 ζαθέην
480 1755 624 1821 Τενέδοιό
637 1782 670 1821 τε
684 1758 734 1838 ἶφι
749 1757 904 1823 ἀνάσσεις·

178 1861 251 1939 ἠμὲν
265 1857 301 1938 δή
317 1857 382 1922 ποτ’
399 1861 470 1936 ἐμεῦ
483 1857 577 1940 πόρος
593 1861 697 1927 ἔκλυες
713 1859 896 1940 εὐξαμένοιο,

179 1964 306 2040 τίμησας
319 1963 376 2039 μὲν
390 1958 452 2040 ἐμέ,
467 1958 546 2043 μίγα
560 1960 585 2025 δ’
601 1964 678 2044 ίφαο
692 1963 770 2028 λαδν
782 1963 925 2047 Ἀχαιῶν·
987 2021 990 2028 .

178 2064 221 2142 ἠδ’
238 2064 283 2129 ἔτι
298 2063 348 2127 καὶ
363 2067 416 2128 νῦν
429 2086 480 2140 μοι
494 2062 555 2126 τόδ’
571 2062 751 2146 ἐπικρήηνον
765 2064 886 2146 ἐέλδωρ·
1070 2090 1118 2139 455

179 2165 232 2246 ἤδη
249 2171 302 2232 νῦν
316 2169 485 2230 Δαναοῖσιν
499 2165 601 2230 ἀεικέα
614 2167 723 2249 λοιγὸν
737 2166 876 2246 ἀμυνον.”

214 2268 278 2335 Ὣς
292 2266 384 2348 ἔφατ’·
395 2266 565 2350 εὐχόμενος,
581 2275 634 2333 τοῦ
648 2270 673 2333 δ’
690 2270 778 2336 ἔκλυε
791 2274 909 2349 Φοῖβος
922 2267 1094 2332 Ἀπόλλων.

179 2371 270 2452 αὐτδρ
284 2369 353 2434 ἐπεί
364 2368 394 2451 ῥ’
411 2366 535 2447 εὔξαντο
549 2373 598 2436 καὶ
613 2372 780 2456 οὐλοχύτας
793 2371 996 2456 προβάλοντο,

180 2472 327 2554 αὐέρυσαν
340 2473 396 2552 μὲν
409 2477 512 2553 πρῶτα
527 2474 576 2537 καὶ
590 2473 731 2555 ἔσφαξαν
745 2476 795 2540 καὶ
810 2477 935 2556 ἔδειραν,

178 2575 288 2656 μηρούς
302 2573 327 2637 τ’
343 2572 487 2652 ἐξέταμον
502 2574 577 2639 κατά
591 2601 625 2641 τε
639 2579 728 2664 κνίσῃ
743 2577 901 2659 ἐκόλυφαν
1071 2587 1133 2646 4⁶0.

180 2679 309 2761 δίπτυχα
323 2674 512 2758 ποιήσαντες,
529 2677 575 2742 ἐπ’
592 2679 689 2745 αὐτῶν
703 2680 728 2744 δ’
745 2679 949 2760 ὠμοθέτησαν·

181 2785 246 2845 καῖε
260 2780 285 2844 δ’
302 2781 352 2846 ἐπὶ
367 2780 474 2866 σχίζῃς
489 2781 506 2843 ὁ
519 2779 626 2864 γέρων,
642 2783 692 2846 ἐπὶ
707 2781 732 2846 δ’
748 2784 860 2846 αἴθοπα
875 2781 957 2846 οἶνον

178 2888 278 2963 λεῖβε·
302 2881 364 2949 νέοι
379 2885 411 2946 δὲ
426 2882 494 2964 παρ’
509 2883 600 2948 αὐτὸν
614 2885 687 2967 ἔχον
701 2884 892 2963 πεμπώβολα
905 2881 1023 2966 χερσίν.

180 2986 273 3067 αὐτὰρ
287 2986 353 3049 ἐπεὶ
369 2987 443 3048 κατά
456 2985 523 3066 μῆρ’
540 2984 611 3063 ἐκάη
627 2987 677 3049 καὶ
692 2985 844 3070 σπλάγχν’
860 2983 1023 3055 ἐπάσαντο,

179 3088 349 3167 μίστυλλόν
362 3086 387 3150 τ’
404 3087 461 3168 ἀρα
475 3088 575 3150 τᾶλλα
589 3088 638 3152 καὶ
654 3088 728 3170 ἀμφ’
744 3089 905 3167 ὀβελοῖσιν
919 3087 1049 3168 ἔπειραν,
1073 3096 1121 3162 465

180 3189 324 3269 ὤπτησάν
338 3215 372 3254 τε
384 3188 600 3272 περιφραδέως,
616 3189 762 3273 ἐρύσαντό
775 3215 809 3255 τε
823 3189 929 3255 πάντα.

181 3294 272 3375 αὐτὰρ
288 3293 354 3356 ἐπεὶ
368 3293 524 3357 παύσαντο
538 3292 631 3357 πόνου
646 3291 803 3356 τετύκοντό
817 3316 850 3354 τε
865 3295 961 3364 δαῖτα,

180 3395 318 3468 δαίνυντ’,
334 3393 403 3458 οὐδέ
417 3420 446 3458 τι
462 3394 552 3474 θυμδς
567 3395 684 3458 ἐδεύετο
699 3393 799 3460 δαιτὸς
813 3392 908 3471 ἐίσης.

181 3499 273 3580 αὐτὰρ
287 3499 354 3562 ἐπεὶ
369 3497 477 3562 πόσιος
492 3498 541 3560 καὶ
556 3495 676 3574 ἐδητύος
691 3493 728 3574 ἐξ
740 3496 808 3578 ἔρον
823 3495 900 3567 ἔντο,

181 3606 279 3683 κοῦροι
293 3603 350 3680 μὲν
365 3602 509 3681 κρητῆρας
524 3596 734 3680 ἐπεστέψαντο
749 3602 863 3671 ποτοῖο,
1074 3617 1123 3670 470

181 3705 322 3780 νώμησαν
337 3701 362 3766 δ’
379 3700 436 3780 ἀρα
450 3704 545 3766 πᾶσιν
560 3699 758 3780 ἐπαρξάμενοι
773 3700 948 3766 δεπάεσσιν·
