2760 4232
278 373 341 438 972
574 401 578 408 .
679 354 827 415 ΎΜΝΟΙ.

278 531 367 608 δηρὸν
382 524 415 589 έδ
432 525 517 603 ζάειν
536 523 585 587 καὶ
601 522 673 606 άρξιν
689 521 766 604 φάος
781 521 909 600 ἠελίοιο,

278 632 390 709 ὄλβιον
406 631 438 694 έν
453 632 548 703 λαοῖς,
565 628 614 691 καὶ
630 625 742 709 γήραος
758 626 847 692 οὐδὸν
863 623 986 689 ἱκέσθαι.

321 737 383 795 Τδν
398 732 423 796 δ’
438 731 573 812 ἠμείβετ’
589 731 692 794 ἔπειτα
708 729 781 796 Διὸς
798 727 929 812 θυγάτηρ
942 725 1115 809 Ἀφροδίτη·

277 835 419 918 Ἀγχίση,
436 835 556 898 κύδιστε
571 831 778 915 χαμαιγενέων
794 833 968 915 ἀνθρώπων,

278 939 312 1003 ού
327 941 371 1005 τίς
387 964 433 1002 τοι
448 938 517 1004 θεός
532 939 601 1019 εἶμι·
624 938 654 1001 τί
668 936 697 1016 μ’
714 935 901 1022 ἀθανάτῃσιν
916 934 1047 1009 έίσκεις,·

278 1041 360 1105 ἀλλὰ
377 1039 543 1119 καταθνητή
559 1067 606 1122 γε,
620 1039 695 1122 γυνὴ
711 1038 744 1104 δέ
759 1066 798 1119 με
811 1042 932 1121 γείνατο
947 1038 1053 1121 μήτηρ.
1181 1061 1228 1097 ιτο

277 1145 401 1224 Ὀτρεὺς
415 1146 440 1209 δ’
458 1142 523 1208 έστὶ
539 1144 636 1225 πατὴρ
652 1145 745 1223 ὄνομα
766 1146 884 1221 κλυτός,
899 1144 928 1207 εί
940 1168 998 1206 που
1014 1142 1138 1216 ἀκούεις,

278 1249 311 1316 δς
326 1248 426 1328 πάσης
441 1249 576 1331 Φρυγίης
592 1246 775 1329 εὐτειχήτοιο
794 1246 934 1311 ἀνάσσει.

277 1357 426 1435 γλῶσσαν
441 1350 466 1416 δ’
481 1351 625 1433 ὑμετέρην
641 1349 689 1414 καὶ
703 1350 850 1434 ἡμετέρην
866 1351 953 1431 σάφα
968 1349 1045 1414 οἶδα·

277 1456 384 1542 Τρῳὰς
397 1460 456 1538 γὰρ
470 1456 589 1539 μεγάρῳ
605 1481 642 1536 με
658 1456 771 1536 τροφὸς
785 1456 905 1536 τρέφεν,
919 1454 938 1533 ἡ
954 1456 987 1518 δὲ
1002 1458 1108 1534 διαπρὸ

277 1559 406 1640 σμικρήν
424 1559 506 1622 παῖδ’
520 1558 673 1634 ἀτίταλλε,
691 1559 786 1639 φίλης
800 1562 881 1640 παρὰ
895 1557 1004 1639 μητρὸς
1019 1561 1143 1622 έλοῢσα.
1178 1583 1225 1633 115

278 1665 317 1730 ὣς
333 1660 369 1740 δή
382 1687 428 1724 τοι
442 1662 591 1743 γλῶσσάν
605 1687 642 1742 γε
658 1658 707 1724 καὶ
721 1660 863 1742 ὑμετέρην
878 1662 911 1725 εὖ
926 1662 1002 1726 οἶδα.

277 1771 329 1830 νῦν
344 1764 379 1830 δέ
392 1764 423 1847 μ’
438 1762 591 1845 ἀνήρπαξε
605 1764 808 1848 χρυσόρραπις
822 1762 1041 1847 Ἀργειφόντης

277 1872 310 1932 ἐκ
325 1873 419 1952 χοροῦ
432 1867 607 1948 Ἀρτέμιδος
622 1866 854 1951 χρυσηλακάτου
870 1872 1054 1948 κελαδεινῆς.

278 1969 391 2037 πολλαὶ
407 1974 438 2036 δὲ
455 1972 569 2053 νύμφαι
585 1969 632 2036 καί
648 1973 792 2054 παρθένοι
807 1973 1009 2055 ἀλφεσίβοιαι

277 2077 430 2155 παίζομεν,
446 2075 524 2156 ἀμφὶ
538 2076 563 2139 δ’
580 2077 685 2155 ὅμιλος
702 2077 853 2156 ἀπείριτος
870 2076 1072 2157 ἐστεφάνωτο·
1178 2102 1227 2138 120

276 2181 364 2245 ένθεν
377 2179 407 2262 μ’
422 2177 540 2261 ἥρπαξε
553 2181 757 2264 χρυσόρραπις
772 2179 997 2263 Ἀργειφόντης,

277 2281 381 2348 πολλὰ
395 2283 422 2347 δ’
437 2280 484 2347 ἔπ’
498 2282 612 2364 ἤγαγεν
628 2283 700 2364 ἔργα
717 2288 908 2362 καταθνητῶν
925 2284 1097 2363 ἀνθρώπων,

278 2387 399 2466 πολλὴν
415 2386 439 2451 δ’
455 2385 588 2468 ἀκληρόν
604 2410 636 2449 τε
653 2385 701 2450 καὶ
715 2385 844 2465 ἀκτιτον,
860 2385 898 2466 ήν
913 2389 962 2450 διὰ
978 2390 1065 2468 θῆρες

277 2489 435 2573 ὠμοφάγοι
451 2495 583 2569 φοιτῶσι
598 2487 673 2554 κατά
688 2493 844 2556 σκιόεντας
860 2490 1010 2566 ἐναύλους,

278 2595 345 2658 οὐδὲ
360 2595 435 2658 ποσὶ
450 2593 583 2675 ψαύσειν
597 2595 720 2658 ἐδόκουν
735 2595 881 2675 φυσιζόου
897 2595 972 2672 αίης·
1178 2621 1226 2670 1²5

278 2697 429 2781 Ἀγχίσεω
445 2695 479 2760 δέ
493 2723 531 2778 με
545 2697 647 2778 φάσκε
661 2696 754 2776 παραὶ
769 2699 896 2782 λέχεσιν
911 2697 1075 2762 καλέεσθαι

278 2803 428 2882 κουριδίην
442 2801 568 2884 ἀλοχον,
583 2799 634 2864 σοὶ
650 2802 674 2865 δ’
692 2803 793 2885 ἀγλαδ
807 2802 897 2866 τέκνα
912 2807 1074 2866 τεκεῖσθαι.

278 3007 434 3072 ἀθανάτων
447 3007 522 3086 μετὰ
538 3006 610 3084 φῦλ’
628 3006 730 3087 ἀπέβη
747 3008 853 3088 κρατὺς
867 3009 1093 3090 Ἀργειφόντης·

278 3110 370 3190 αὐτὰρ
387 3111 446 3190 ἐγώ
463 3109 491 3173 π’
509 3111 623 3190 ἱκόμην,
640 3112 764 3190 κρατερὴ
781 3111 815 3176 δέ
828 3137 879 3190 μοι
896 3109 997 3176 ἔπλετ’
1012 3111 1135 3194 ἀνάγκη.
1175 3139 1186 3173 τ
1191 3141 1226 3189 3⁰

277 3214 359 3276 ἀλλά
375 3239 412 3277 σε
426 3214 500 3295 πρδς
516 3219 612 3292 Ζηνὸς
627 3213 807 3295 γουνάζομαι
821 3215 873 3294 ἠδὲ
887 3215 1001 3294 τοκήων

278 3318 408 3380 έσθλῶν·
435 3319 470 3381 ού
484 3320 540 3399 μὲν
554 3317 611 3399 γάρ
627 3343 660 3381 κε
675 3319 760 3383 κακοὶ
774 3321 890 3384 τοιόνδε
906 3322 1030 3385 τέκοιεν·

278 3418 409 3499 ἀδμήτην
423 3418 453 3501 μ’
470 3421 591 3503 ἀγαγὼν
607 3419 656 3484 καὶ
672 3422 834 3505 ἀπειρήτην
849 3424 1012 3504 φιλότητος

278 3525 367 3604 πατρί
381 3550 414 3588 τε
429 3527 475 3610 σῷ
487 3523 587 3604 δεῖξον
603 3526 651 3590 καὶ
665 3526 771 3609 μητέρι
786 3525 863 3592 κέδν’
881 3527 983 3614 εἰδυίῃ,

314 3690 360 3725 110
376 3694 406 3739 γε
418 3693 463 3742 pro
475 3693 503 3724 τε
516 3677 625 3726 Gemoll.
734 3679 780 3729 116
797 3695 828 3742 γε
840 3695 886 3745 pro
897 3697 925 3728 τε
938 3679 1075 3730 Hermann.
1177 3694 1223 3744 ¹²5

278 3753 381 3818 ψαύσειν
392 3756 436 3816 Μ;
452 3753 535 3818 ψαύειν
547 3771 589 3818 xp.
