2908 4232
556 369 585 416 2.
611 356 845 416 οουννσιιν
868 357 902 415 ο.
1143 365 1204 436 531

264 525 295 590 ἐς
310 521 336 588 δ’
352 525 452 602 ίδέτην
468 522 589 589 πάντων
605 523 751 605 κεφαλάς,
767 525 899 588 ὄσσοντο
915 521 939 587 δ’
956 525 1093 605 ὀλεθρον,

263 627 441 710 δρυψαμένω
456 625 482 690 δ’
497 627 644 710 ὀνύχεσσι
658 631 784 708 παρειὰς
800 628 880 708 ἀμφί
893 652 927 692 τε
942 631 1041 709 δειρὰς

263 729 351 810 δεξιὼ
367 729 455 810 ἤϊξαν
470 729 519 794 διά
533 729 558 793 τ’
574 732 651 794 οἴκία
667 729 715 794 καὶ
730 734 822 796 πόλιν
837 731 943 794 αὐτῶν.

263 834 426 914 θάμβησαν
441 832 466 898 δ’
483 836 610 914 ὄρνιθας,
628 833 694 899 ἐπεὶ
709 839 774 898 ἴδον
792 835 1008 914 ὀφθαλμοῖσιν·
1043 917 1045 920 Ι
1163 861 1208 913 155

263 939 402 1019 ὥρμηναν
418 938 444 1002 δ’
460 938 516 1001 ἀνὰ
532 939 625 1016 θυμὸν
641 937 660 1001 ἀ
675 960 731 1016 περ
746 936 904 1001 τελέεσθαι
918 939 1057 1017 ἔμελλον.

263 1046 344 1103 τοῖσι
360 1044 393 1105 δέ
408 1043 457 1105 καὶ
472 1040 610 1113 μετέειπε
623 1040 721 1123 γέρων
735 1041 812 1119 ἥρως
827 1040 1009 1121 Ἀλιθέρσης

264 1147 467 1226 Μαστορίδης·
491 1147 507 1207 δ
522 1147 583 1226 γὰρ·
596 1145 656 1210 οἶος
672 1145 832 1223 ὁμηλικίην
847 1143 989 1208 ἐκέκαστο

264 1247 387 1328 ὄρνιθας
402 1253 513 1329 γνῶναι
529 1248 578 1310 καὶ
591 1249 732 1329 ἐναίσιμα
746 1246 949 1325 μυθήσασθαι·

264 1350 281 1411 ὅ
298 1361 373 1427 σφιν
388 1350 559 1431 ἐϋφρονέων
575 1349 748 1432 ἀγορήσατο
765 1347 813 1413 καί
827 1349 975 1431 μετέειπε·
1160 1363 1208 1412 160

308 1459 327 1489 “
339 1452 474 1516 Κέκλυτε
489 1454 525 1532 δῆ
541 1459 594 1518 νῦν
608 1479 671 1533 μευ,
686 1452 861 1532 Ἰθακήσιοι,
877 1456 941 1518 ὅττι
958 1480 1008 1518 κεν
1024 1456 1107 1518 εἴπω·

263 1559 452 1638 μνηστῆρσιν
467 1559 500 1620 δὲ
514 1557 649 1636 μάλιστα
663 1559 910 1638 πιφαυσκόμενος
925 1557 994 1621 τάδε
1010 1561 1089 1639 εἴρω.

263 1667 363 1725 τοῖσιν
377 1664 434 1743 γὰρ
449 1660 527 1743 μέγα
543 1665 626 1740 πῆμα
642 1661 820 1726 κυλίνδεται·
844 1661 878 1724 ού
893 1661 951 1743 γὰρ
965 1661 1133 1727 Ὀδυσσεὺς

263 1764 319 1843 δῆν
335 1763 483 1829 ἀπάνευθε
499 1765 601 1845 φίλων
616 1767 661 1829 ὧν·
673 1765 807 1840 έσσεται,
823 1765 905 1828 ἀλλά
919 1791 978 1830 που
992 1765 1048 1844 ἤδη

263 1870 353 1951 ἐγγὺς
369 1870 427 1933 ἐὼν
441 1871 601 1931 τοίσδεσσι
616 1868 711 1948 φόνον
727 1870 776 1931 καὶ
792 1871 866 1949 κῆρα
881 1870 1003 1950 φυτεύει
1161 1883 1208 1945 1⁶5

262 1972 440 2035 πάντεσσιν·
463 1971 595 2036 πολέσιν
610 1973 643 2034 δέ
658 1968 707 2033 καῖ
722 1972 865 2035 ἄλλοισιν
881 1977 973 2035 κακδν
989 1972 1084 2051 ἔσται,

263 2075 292 2138 οἴ
308 2072 468 2153 νεμόμεσθ’
482 2073 604 2153 Ἰθάκην
620 2075 781 2137 εὐδείελον.
827 2075 909 2137 ἀλλὰ
927 2076 1007 2139 πολὺ
1022 2077 1093 2158 πρὶν

264 2175 454 2259 φραζώμεσθ’
469 2180 509 2243 ὥς
526 2202 577 2240 κεν
592 2178 831 2258 καταπαύσομεν·
855 2180 883 2241 οἴ
899 2181 932 2242 δέ
948 2180 996 2242 καὶ
1012 2178 1096 2242 αὐτοὶ

263 2282 433 2347 παυέσθων·
458 2280 506 2345 καὶ
522 2281 580 2364 γάρ
597 2288 675 2362 σφιν
690 2280 773 2361 ἄφαρ
788 2282 858 2346 τόδε
868 2283 962 2346 λάϊόν
977 2285 1070 2346 ἐστιν.

263 2385 298 2450 ού
315 2377 373 2468 γὰρ
389 2387 549 2465 ἀπείρητος
563 2385 754 2462 μαντεύομαι,
772 2385 842 2447 ἀλλ’
859 2384 891 2448 ἐδ
911 2388 1006 2452 εἴδιύς·
1161 2411 1209 2464 ¹70

263 2492 312 2553 καὶ
327 2489 384 2573 γὰρ
400 2491 486 2573 κείνῳ
502 2488 581 2570 φημὶ
596 2491 808 2566 τελευτηθῆναι
823 2489 939 2554 ἅπαντα

263 2596 303 2660 ὥς
318 2596 347 2656 οἱ
365 2596 541 2674 ἐμυθεόμην,
556 2592 606 2656 ὅτε
620 2591 716 2656 ’ἴλιον
732 2592 947 2673 εἰσανέβαινον

262 2695 406 2780 Ἀργεῖοι,
424 2696 499 2776 μετὰ
515 2698 548 2761 δέ
564 2703 640 2777 σφιν
659 2697 717 2777 έβη
733 2698 898 2775 πολύμητις
913 2699 1091 2764 Ὀδυσσεύς.

263 2804 326 2880 φῆν
342 2803 418 2863 κακὰ
432 2805 536 2864 πολλὰ
551 2801 683 2878 παθόντ’,
699 2799 838 2864 ὀλέσαντ’
854 2800 913 2864 ἀπο
929 2801 1044 2869 πάντας
1059 2802 1201 2883 ἑταίρους,

263 2903 419 2986 ἄγνωστον
433 2904 602 2968 πάντεσσιν
616 2905 757 2985 ἐεικοστῷ
774 2905 895 2988 ἐνιαυτῷ
1164 2931 1192 2980 17
1196 2934 1210 2982 5

264 3005 356 3071 οἴκαδ’
372 3007 561 3072 ἐλεύσεσθαι·
586 3006 623 3070 τὰ
639 3009 670 3070 δὲ
687 3007 722 3086 δῆ
739 3011 791 3071 νῦν
806 3008 905 3072 πάντα
919 3006 1091 3073 τελεῖται.”.

306 3111 370 3176 Τδν
386 3109 410 3174 δ’
427 3104 489 3175 αὖτ’
506 3111 690 3193 Εὐρύμαχος,
706 3111 855 3190 Πολύβου
870 3112 950 3189 πάϊς,
967 3113 1068 3177 ἀντίον
1083 3113 1167 3192 ηύδα·

265 3210 316 3276 “ὦ
332 3212 430 3296 γέρον,
446 3216 472 3277 εἴ
488 3211 513 3277 δ’
528 3214 583 3294 άγε
599 3213 634 3292 δῆ
653 3213 797 3291 μαντεύεο
813 3219 898 3278 σοῖσι
914 3213 1058 3279 τέκεσσιν

264 3315 358 3380 οἴκαδ’
374 3319 436 3393 ίών,
450 3316 491 3397 μή
508 3316 565 3380 πού
580 3341 608 3380 τι
624 3323 715 3380 κακδν
731 3317 894 3398 πάσχωσιν
910 3320 1045 3382 ὀπίσσω·

263 3425 356 3483 ταῦτα
371 3419 396 3482 δ’
412 3422 471 3502 ἐγὼ
488 3421 542 3484 σέο
558 3426 678 3485 πολλὸν
694 3421 824 3501 ἀμείνων
839 3422 1047 3502 μαντεύεσθαι
1165 3440 1212 3487 180

264 3527 379 3605 ὄρνιθες
394 3522 427 3586 δέ
440 3549 472 3588 τε
487 3522 598 3588 πολλοὶ
613 3521 662 3587 ὑπ’
678 3524 770 3605 αὐγὰς
785 3523 902 3601 ἠελίοιο

264 3626 401 3709 φοιτῶσ’,
418 3627 486 3690 οάδέ
500 3655 532 3694 τε
547 3629 656 3694 πάντες
673 3629 831 3706 ἐναίσιμοι·
855 3630 949 3710 αὐτὰρ
964 3627 1134 3696 Ὀδυσσεὺς

266 3734 362 3797 ὤλετο
378 3729 452 3808 τῆλ’,
465 3731 503 3798 ὧς
520 3735 568 3796 καὶ
584 3732 622 3797 σὺ
639 3733 844 3813 καταφθίσθαι
859 3733 916 3798 σὺν
933 3735 1039 3823 ἐκείνῳ
