2788 4230
247 250 329 384 838¹
528 315 579 362 20.
602 299 836 361 ΟΔΎΣΣΕΙΑΣ
868 299 905 357 T.

283 471 347 536 Ὣς
362 469 406 550 ἀρ’
424 469 495 551 ἔφη,
511 473 618 551 χαῖρεν
634 471 667 532 δὲ
683 467 822 546 κλεηδόνι
838 470 900 531 δῖος
915 461 1084 529 Ὀδυσσεὺς
1146 489 1198 524 ιιο

248 574 344 652 Ζηνός
359 597 393 637 τε
406 572 530 658 βροντῇ·
555 571 634 652 φάτο
650 571 707 654 γὰρ
722 571 868 634 τίσασθαι
884 569 1013 633 ἀλείτας.

291 679 329 739 At
345 676 370 739 δ’
387 675 481 738 ἀλλαι
500 673 594 758 δμῳαὶ
611 677 684 738 κατὰ
701 675 820 754 δόματα
837 670 903 736 κάλ’
918 669 1066 754 Ὀδυσῆος

249 781 410 862 ἀγρόμεναι
427 777 564 844 ἀνέκαιον
581 777 626 842 ἐπ’
645 775 760 862 ἐσχάρῃ
776 775 929 855 ἀκάματον
943 779 1007 856 πῦρ.

248 884 428 965 Τηλέμαχος
445 879 470 945 δ’
487 882 609 958 εὐνῆθεν
625 880 779 955 ἀνίστατο,
796 881 916 944 ἰσόθεος
931 879 1007 958 φάς,

250 989 357 1066 εἵματα
373 984 551 1064 ἑσσάμενος·
575 987 643 1067 περὶ
660 986 692 1048 δὲ
708 983 796 1064 ξίφος
812 981 866 1060 ὀξὺ
883 980 942 1045 θέτ’
960 981 1038 1064 ὤμῳ·

250 1089 346 1154 ποσσὶ
362 1089 387 1151 δ’
402 1092 461 1153 ὑπὸ
476 1093 652 1171 λιπαροῖσιν
669 1087 796 1164 ἐδήσατο
813 1084 891 1150 καλά
907 1086 1025 1160 πέδιλα,

251 1197 351 1258 είλετο
367 1193 393 1256 δ’
408 1193 536 1267 ἄλκιμον
551 1192 652 1274 ἔγχος,
669 1189 839 1272 ἀκαχμένον
855 1187 918 1268 ὀξέϊ
932 1187 1053 1271 χολκιῇ·

253 1300 308 1374 στῇ
325 1295 350 1360 δ’
365 1294 411 1378 ἀρ’
426 1293 472 1360 ἐπ’
487 1295 576 1360 οὐδὸν
593 1295 656 1372 ίιίν,
674 1294 748 1374 πρὸς
764 1292 789 1358 δ’
807 1293 989 1375 Εὐρύκλειαν
1005 1291 1096 1356 ἔειπε·

251 1407 268 1432 “
278 1406 352 1480 μαῖα
367 1402 454 1482 φίλη,
471 1405 533 1463 πῶς
550 1397 648 1478 ξεῖνον
664 1394 840 1477 ἐτιμήσασθ’
855 1393 899 1460 ἐνὶ
914 1395 984 1480 οίκιρ

254 1506 323 1591 εὐνῇ
340 1504 388 1566 καὶ
405 1505 489 1587 σίτῳ,
505 1501 524 1581 ἦ
540 1501 634 1568 αὐτας
651 1507 745 1565 κεῖται
761 1499 870 1578 ἀκηδής
885 1525 896 1573 ‚·

254 1605 373 1683 τοιαύτη
390 1603 447 1687 γὰρ
464 1605 519 1685 ἐμὴ
535 1603 640 1685 μήτηρ,
655 1601 763 1682 πινυτή
778 1628 834 1683 περ
850 1606 951 1666 ἐοῦσα·

255 1707 432 1792 ἐμπλήγδην
447 1708 549 1790 ἔτερόν
564 1735 600 1790 γε
615 1708 671 1772 τίει
688 1709 827 1789 μερόπων
842 1705 1007 1788 ἀνθρώπων

254 1813 386 1894 χείρονα,
402 1818 454 1876 τὸν
470 1812 503 1876 δέ
518 1810 542 1876 τ’
559 1811 667 1894 ἀρείον’
685 1809 844 1893 ἀτιμήσασ’
862 1807 1062 1887 ἀποπέμπει.”
1136 1831 1138 1834 ·

297 1920 359 1979 Τδν
375 1914 400 1979 δ’
417 1916 488 1980 οὐτε
502 1915 664 1995 προσέειπε
681 1916 835 1996 περίφρων
850 1913 1026 1995 Εὐρύκλεια·

256 2025 273 2053 “
284 2019 336 2082 οὐκ
352 2019 389 2082 ἀν
404 2046 455 2099 μιν
471 2024 533 2096 νῦν,
549 2017 662 2095 τέκνον,
678 2019 811 2082 ἀναίτιον
827 2018 956 2100 αἰτιόῳο.

257 2123 340 2186 οἶνον
355 2124 410 2203 μὲν
426 2121 483 2206 γὰρ
499 2127 567 2187 πῖνε
584 2121 758 2201 καθήμενος,
774 2121 843 2201 ὄφρ’
860 2117 940 2182 ἔθελ’
955 2119 1053 2197 αὐτός,

259 2229 345 2288 σίτου
360 2223 385 2289 δ’
401 2224 495 2290 οὐκέτ’
513 2226 572 2306 ἔφη
589 2224 773 2304 πεινήμεναι·
797 2225 893 2305 είρετο
908 2222 966 2305 γάρ
980 2248 1041 2302 μιν.

259 2327 328 2392 ἀλλ’
342 2331 391 2393 ότε
407 2332 441 2405 δή
458 2329 571 2394 κοίτοιο
587 2331 635 2392 καὶ
650 2330 744 2392 ὕπνου
758 2325 967 2406 μιμνήσκοιτο,

258 2434 276 2511 ἡ
293 2437 348 2514 μὲν
364 2432 453 2512 δέμνι’
469 2431 585 2515 ἄνωγεν
599 2430 806 2512 ὑποστορέσαι
822 2433 968 2517 δμῳῇσιν,

260 2537 351 2617 αὐτὰρ
368 2539 384 2598 ὅ
399 2536 438 2617 γ’,
454 2537 493 2602 ὥς
509 2561 553 2602 τις
570 2535 695 2616 πάμπαν
710 2534 824 2616 ὀϊζυρὸς
841 2533 889 2597 καὶ
905 2535 1047 2615 ἄποτμος,

259 2642 311 2704 οὐκ
329 2639 409 2703 ἔθελ’
425 2640 458 2703 ἐν
471 2641 625 2719 λέκτροισι
639 2637 686 2702 καὶ
702 2640 734 2702 ἐν
748 2637 878 2720 ῥήγεσσι
893 2639 1055 2718 καθεύδειν,

260 2743 330 2807 ἀλλ’
347 2744 379 2806 ἐν
395 2741 538 2826 ἀδεψήτῳ
554 2741 632 2828 βοέῃ
650 2743 698 2805 καὶ
713 2741 824 2806 κώεσιν
840 2743 912 2806 οῖῶν

262 2845 360 2928 ἔδραθ’
376 2848 421 2910 ἐνὶ
435 2846 584 2930 προδόμῳ·
607 2850 739 2928 χλαῖναν
757 2843 783 2909 δ’
796 2845 984 2924 ἐπιέσσαμεν
998 2840 1114 2924 ήμεῖς.”

299 2949 362 3015 Ὣς
378 2948 468 3030 φάτο,
482 2950 664 3032 Τηλέμαχος
679 2951 711 3012 δὲ
727 2951 789 3012 διὲκ
804 2947 947 3031 μεγάροιο
963 2947 1095 3028 βεβήκει

262 3054 353 3135 ἔγχος
369 3053 457 3135 ἔχων·
481 3052 542 3132 άμα
557 3053 598 3136 τιῇ
616 3078 651 3134 γε
667 3052 725 3115 δύο
742 3052 826 3118 κύνες
842 3050 927 3134 ἀργοὶ
943 3052 1062 3118 έποντο.

264 3159 306 3234 βῇ
324 3154 349 3219 δ’
365 3156 432 3235 ίμεν
449 3157 491 3222 είς
508 3155 620 3239 ἀγορὴν
635 3154 700 3234 μετι
711 3153 886 3236 ἐϋκνήμιδας
902 3155 1054 3238 Ἀχαιούς.

263 3259 281 3336 ἡ
298 3257 324 3322 δ’
342 3259 412 3323 οὐτε
428 3259 563 3345 δμῳῇσιν
579 3257 717 3324 ἐκέκλετο
735 3264 784 3324 δῖα
798 3267 957 3342 γυναικῶν,

264 3361 430 3444 Εὐρύκλει’,
441 3361 542 3428 Ὦπος
558 3360 689 3445 θυγάτηρ
705 3365 936 3444 Πεισηνορίδαο·

266 3475 285 3504 “
296 3463 418 3549 ἀγρεῖθ’,
435 3469 466 3530 οἱ
480 3470 536 3548 μὲν
550 3471 634 3547 δῶμα
650 3466 797 3548 κορήσατε
813 3467 1031 3545 ποιπνύσασαι,

265 3569 403 3652 ῥάσσατέ
417 3569 442 3632 τ’
463 3570 495 3633 ἔν
510 3597 543 3634 τε
558 3571 676 3652 θρόνοις
693 3569 880 3650 εὐποιήτοισι
895 3571 1027 3649 τάπητας

268 3672 403 3752 βάλλετε
417 3672 613 3752 πορφυρέους·
638 3676 668 3738 αἱ
685 3677 718 3738 δὲ
734 3675 901 3755 σπόγγοισι
920 3673 1066 3755 τραπέζας
