2788 4230
249 335 313 402 790
535 335 583 400 17.
615 321 850 384 ΟΔΎΣΣΕΙΑΣ
884 321 913 380 Ρ.

247 493 268 522 “
279 484 326 550 καὶ
341 487 412 564 λίην
428 487 533 568 ἀνδρός
548 512 585 569 γε
600 485 676 549 κύων
693 486 743 549 ὅδε
757 487 832 562 τῆλε
848 483 999 551 θανόντος.

249 593 276 654 εί
292 590 405 654 τοιόσδ’
420 592 464 668 εἴη
480 589 555 671 ἠμὲν
570 591 661 670 δέμας
676 589 728 668 ἠδὲ
747 586 795 651 καὶ
811 587 893 670 ἔργα,

249 695 313 758 οἶόν
330 719 382 773 μιν
396 695 542 773 Τροίηνδε
558 694 631 758 κιὼν
645 692 821 756 κατέλειπεν
836 692 1010 769 Ὀδυσσεύς,

249 796 328 879 αἶψά
345 824 377 861 κε
392 796 520 876 θηήσαιο
537 798 608 861 ἰδὼν
624 799 776 879 ταχυτῆτα
793 793 841 860 καί
856 793 962 874 ἀλκήν.

249 902 283 965 ού
298 905 353 982 μέν
367 900 424 984 γάρ
440 926 469 964 τι
485 901 619 983 φύγεσκε
634 901 761 981 βαθείης
776 899 923 980 βένθεσιν
938 901 1013 978 ύλης

250 1007 413 1082 κνώδαλον,
430 1005 494 1067 ὅττι
510 1007 614 1068 δίοιτο·
643 1005 692 1066 καὶ
708 1006 809 1086 ἴχνεσι
825 1001 882 1085 γὰρ
897 998 1033 1088 περιῄδη·

250 1115 302 1173 νῦν
318 1108 343 1172 δ’
359 1108 461 1192 έχεται
478 1109 628 1186 κακότητι,
643 1107 723 1184 ἄναξ
736 1109 769 1172 δέ
785 1109 813 1170 οἱ
830 1107 939 1170 ἄλλοθι
956 1103 1066 1186 πάτρης

251 1213 355 1288 ώλετο,
372 1212 424 1276 τὸν
440 1215 471 1275 δέ
488 1218 624 1294 γυναῖκες
641 1211 763 1290 ἀκηδέες
780 1212 813 1274 ού
829 1209 979 1290 κομέουσι.

250 1322 344 1397 δμῶες
360 1316 394 1392 δ’,
411 1315 469 1378 εὖτ’
484 1314 521 1378 ἂν
535 1314 636 1393 μηκέτ’
651 1314 867 1397 ἐπικρατέωσιν
882 1312 1016 1387 άνακτες,

250 1420 345 1484 οὐκέτ’
361 1419 452 1483 ἔπειτ’
467 1417 627 1482 ἐθέλουσιν
642 1419 783 1497 ἐναίσιμα
798 1417 985 1499 ἐργάζεσθαι·

250 1525 343 1604 ῆμισυ
358 1521 414 1604 γάρ
429 1521 454 1584 τ’
471 1523 576 1603 ἀρετῆς
592 1523 768 1587 ἀποαίνυται
785 1522 913 1603 εύρύοπα
929 1520 1003 1586 Ζεὺς

251 1628 364 1708 ἀνέρος,
381 1626 438 1690 εὖτ’
455 1625 491 1688 ἄν
506 1653 558 1706 μιν
574 1629 647 1689 κατὰ
663 1625 784 1690 δούλιον
799 1625 877 1707 ῆμαρ
893 1623 1029 1713 έλῃσιν.”

288 1729 351 1796 Ὣς
369 1730 460 1793 εἶπδν
476 1731 599 1806 εἰσῆλθε
616 1729 723 1810 δόμους
739 1731 771 1794 εὖ
787 1729 989 1807 ναιετάοντας,

251 1839 293 1915 βῆ
310 1834 335 1899 δ’
354 1834 417 1900 ἰθύς
430 1832 573 1915 μεγάροιο
588 1837 663 1914 μετὰ
676 1839 850 1918 μνηστῆρας
865 1835 1002 1918 ἀγαυούς.

248 1937 362 2022 Ἀργον
377 1938 403 2001 δ’
418 1938 455 2000 αὖ
472 1937 546 2000 κατὰ
561 1937 636 2018 μοῖρ’
654 1939 769 2018 ἔλαβεν
782 1941 912 2018 μέλανος
928 1938 1076 2013 θανάτοιο,

252 2043 343 2107 αὐτίκ’
360 2039 449 2104 ἰδόντ’
462 2040 599 2120 Ὀδυσῆα
613 2043 755 2127 ἐεικοστῷ
771 2044 905 2128 ἐνιαυτῷ.

295 2150 358 2208 Τὸν
374 2148 405 2207 δὲ
421 2143 501 2208 πολὺ
517 2151 631 2225 πρῶτος
647 2146 692 2208 ἴδε
708 2145 887 2230 Τηλέμαχος
903 2144 1036 2224 θεοειδὴς

255 2250 418 2333 ἐρχόμενον
433 2247 508 2310 κατὰ
523 2253 607 2328 δῶμα
623 2249 775 2328 συβώτην,
792 2247 855 2312 ὦκα
869 2250 895 2313 δ’
911 2250 1015 2314 έπειτα

254 2352 336 2419 νεῦσ’
353 2352 402 2415 ἐπὶ
418 2353 448 2415 οἶ
462 2351 601 2417 καλέσας·
632 2353 648 2415 ὁ
664 2355 696 2416 δέ
711 2352 867 2431 παπτήνας
884 2353 936 2417 ἐλε
952 2356 1061 2435 δίφρον

255 2456 400 2535 κείμενον,
418 2454 489 2517 ἔνθα
505 2480 538 2519 τε
554 2460 672 2537 δαιτρὸς
688 2457 830 2537 ἐφίζεσκε
846 2457 918 2539 κρέα
932 2456 1035 2522 πολλὰ

254 2559 409 2638 δαιόμενος
424 2561 593 2639 μνηστῆρσι
608 2558 700 2638 δόμον
716 2559 791 2624 κάτα
806 2562 1018 2641 δαινυμένοισι·

254 2661 307 2724 τδν
323 2661 467 2741 κατέθηκε
482 2662 583 2743 φέρων
598 2662 671 2744 πρὸς
686 2664 880 2747 Τηλεμάχοιο
894 2665 1041 2745 τράπεζαν

255 2765 365 2844 ἆντίον,
382 2767 453 2830 ἔνθα
469 2765 494 2829 δ’
510 2765 555 2847 ἄρ’
571 2767 659 2834 αὐτὸς
678 2766 808 2848 ἐφέζετο·
837 2769 877 2853 τῆ
894 2769 919 2833 δ’
935 2769 992 2851 ἄρα
1007 2766 1100 2850 κῆρυξ

254 2874 362 2950 μοῖραν
377 2870 456 2935 ἐλὼν
472 2872 563 2934 ἐτίθει
579 2870 684 2936 κανέου
700 2871 725 2933 τ’
742 2874 773 2936 ἐκ
790 2878 876 2937 σῖτον
891 2873 997 2955 ἀείρας.
1152 2897 1200 2948 335

300 2972 490 3056 Ἀγχίμολον
505 2977 536 3037 δέ
549 2974 613 3054 μετ’
629 2975 719 3038 αύτδν
735 2975 856 3040 ἐδύσετο
871 2973 979 3058 δώματ’
993 2959 1179 3052 Ὀδυσσεύς,

256 3077 367 3160 πτωχῷ
382 3079 536 3163 λευγαλέῳ
553 3078 723 3161 ἐναλίγκιος
738 3080 791 3158 ῆδέ
804 3079 932 3162 γέροντι,

258 3180 474 3260 σκηπτόμενος·
504 3183 542 3245 τὰ
557 3183 588 3245 δέ
603 3182 702 3265 λυγρὰ
716 3179 783 3263 περὶ
798 3182 867 3264 χροῒ
881 3185 987 3262 εἵματα
1001 3180 1083 3246 ἐστο.

258 3282 303 3359 ἷζε
318 3281 344 3345 δ’
359 3281 408 3347 ἐπὶ
421 3285 546 3364 μελίνου
561 3287 646 3350 ούδοῦ
662 3286 787 3350 ἔντοσθε
802 3284 925 3366 θυράων,

259 3382 436 3465 κλινάμενος
452 3390 577 3474 σταθμῷ
592 3389 807 3472 κυπαρισσίνῳ,
821 3389 856 3452 όν
870 3413 944 3453 ποτε
958 3387 1069 3455 τέκτων
1152 3417 1204 3469 340

259 3488 371 3570 ξέσσεν
388 3493 593 3573 ἐπισταμένως
609 3492 658 3555 καὶ
673 3492 722 3556 ἐπὶ
737 3490 874 3572 στάθμην
888 3493 979 3557 ἴθυνε.

259 3592 438 3676 Τηλέμαχος
453 3592 479 3658 δ’
494 3597 544 3659 ἐπὶ
560 3597 591 3659 οἵ
605 3594 737 3662 καλέσας
751 3594 915 3677 προσέειπε
932 3599 1084 3679 συβώτην,

260 3697 350 3779 άρτου
365 3697 389 3761 τ’
405 3697 494 3760 ούλον
510 3700 588 3762 ἑλδν
604 3699 800 3781 περικαλλέος
815 3700 848 3763 ἐκ
864 3699 982 3766 κανέοιο
