2848 4296
247 385 310 466 458
567 387 805 468 ν3.ΙΛ1ΑΔοΣ
827 389 863 447 Ψ.

281 553 344 621 Ὣς
360 555 453 620 εἰπὸν
468 555 501 618 ἑν
514 555 605 637 χερσὶ
621 556 717 635 κόμην
734 554 851 635 ἑτάροιο
866 557 974 638 φίλοιο

245 662 343 737 θῆκεν,
359 663 440 721 τοῖσι
455 659 488 722 δὲ
503 662 598 723 πᾶσιν
613 655 667 739 ὑφ’
684 661 787 741 ἵμερον
802 657 883 742 ὦρσε
898 661 993 742 γόοιο.

245 761 295 824 καί
309 762 345 825 νύ
360 762 384 823 κ’
401 760 628 842 ὀδυρομένοισιν
643 762 693 825 έδυ
709 760 789 843 φάος
804 763 930 843 ἠελίοιο,

245 867 271 928 εί
284 864 326 944 μῆ
341 864 504 948 Ἀχιλλεὺς
518 864 586 947 αἶψ’
602 863 805 948 Ἀγαμέμνονι
825 867 891 931 εἶπε
907 866 1073 948 παραστάς·
1144 861 1190 943 ¹55

244 973 261 1002 “
271 967 419 1050 Ἀτρείδη,
435 970 486 1033 σοὶ
501 967 559 1051 γάρ
574 994 608 1034 τε
622 968 758 1048 μάλιστά
773 995 810 1052 γε
826 971 902 1036 λαὸς
918 967 1052 1054 Ἀχαιῶν

244 1072 401 1137 πείσονται
415 1074 546 1152 μύθοισι,
563 1075 650 1155 γόοιο
664 1073 720 1153 μὲν
736 1073 802 1136 ἔστι
818 1075 867 1137 καὶ
882 1069 966 1147 ἆσαι,

244 1181 296 1239 νῦν
312 1175 337 1239 δ’
353 1176 413 1240 ἀπὸ
432 1179 575 1258 πυρκαϊῆς
591 1174 741 1242 σκέδασον
757 1177 805 1241 καὶ
821 1182 943 1241 δεῖπνον
958 1177 1073 1261 άνωχθι

244 1280 404 1343 ὅπλεσθαι·
425 1279 496 1343 τάδε
511 1278 536 1344 δ’
553 1280 817 1361 άμφιπονησόμεθ
834 1282 898 1344 οῖσι
912 1279 1048 1362 μάλιστα

244 1381 349 1462 κήδεός
361 1387 428 1448 ἑστι
439 1383 532 1451 νέκυς·
556 1387 637 1464 παρὰ
648 1381 675 1447 δ’
686 1386 717 1447 οἵ
731 1381 757 1446 τ’
773 1384 843 1466 άγοὶ
857 1384 932 1463 άμμι
943 1383 1122 1465 μενόντων.”
1144 1397 1190 1448 160

287 1487 386 1568 Αὐτὰρ
402 1487 469 1551 ἐπεὶ
483 1488 520 1550 τό
533 1487 561 1570 γ’
578 1486 708 1552 ἄκουσεν
723 1486 802 1566 άναξ
814 1488 930 1569 ἀνδρῶν
946 1485 1153 1569 Ἀγαμέμνων,
1193 1525 1195 1536 1

245 1590 348 1652 αὐτίκα
362 1589 439 1654 λαὸν
453 1593 509 1669 μὲν
524 1589 675 1655 σκέδασεν
690 1592 765 1654 κατὰ
780 1591 852 1667 νῆας
868 1589 963 1666 έίσας,

244 1693 404 1773 κηδεμόνες
419 1695 452 1758 δὲ
467 1695 536 1774 παρῗ
552 1693 621 1757 αύθι
634 1693 726 1773 μένον
741 1695 791 1757 καὶ
806 1692 895 1772 νήεον
909 1693 994 1772 ύλην,
1030 1690 1033 1698 ’

243 1799 376 1876 ποίησαν
391 1798 424 1861 δὲ
439 1797 534 1879 πυρῆν
549 1799 753 1877 ἑκατόμπεδον
769 1797 840 1861 ἔνθα
856 1799 905 1862 καὶ
921 1796 1002 1875 ἔνθα,
1055 1857 1058 1863 .

243 1902 276 1964 ἑν
292 1901 325 1966 δὲ
340 1903 415 1986 πυρῇ
432 1900 528 1988 ὑπάτῃ
543 1907 649 1982 νεκρὸν
665 1900 761 1966 θέσαν
777 1901 938 1984 ἀχνύμενοι
954 1905 1018 1982 κῆρ.
1143 1914 1188 1976 165

243 2007 346 2067 πολλὰ
362 2006 394 2067 δὲ
410 2007 481 2086 ίφια
495 2008 579 2083 μῆλα
595 2005 643 2068 καὶ
660 2005 814 2070 εἰλίποδας
830 1999 938 2070 ἕλικας
947 2009 1024 2084 βοῦς

243 2108 360 2189 πρόσθε
374 2111 468 2189 πυρῆς
484 2107 587 2189 έδερόν
601 2133 635 2170 τε
651 2108 700 2170 καὶ
716 2107 867 2188 άμφεπον·
892 2109 925 2171 έκ
938 2109 964 2171 δ’
982 2107 1040 2189 ἄρα
1054 2105 1174 2172 πάντων

243 2216 337 2291 δημὸν
353 2212 431 2275 ἑλὼν
447 2210 584 2292 ἐκάλυψε
600 2209 687 2274 νέκυν
701 2208 871 2293 μεγάθυμος
885 2209 1050 2293 Ἀχιλλεὺς

243 2317 275 2380 ἐς
290 2316 385 2380 πόδας
401 2316 433 2377 ἑκ
450 2318 596 2395 κεφαλῆς,
613 2315 682 2396 περὶ
700 2315 733 2376 δὲ
744 2313 842 2394 ’δρατὰ
857 2314 983 2392 σόματα
998 2311 1070 2392 νήει.

243 2419 276 2480 έν
292 2417 316 2481 δ’
334 2420 426 2481 ἑτίθει
440 2416 563 2497 μέλιτος
581 2418 628 2480 καὶ
645 2418 811 2498 θλείφατος
827 2417 1030 2498 ἀμφιφορῆας,
1142 2439 1189 2492 170

168 2556 170 2560 .
243 2526 317 2601 πρὸς
331 2520 427 2603 λέχεα
442 2521 562 2585 κλίνων·
586 2521 714 2602 πίσυρας
733 2518 759 2584 δ’
776 2520 950 2604 ἐριαύχενας
965 2522 1075 2585 ἵππους

243 2623 416 2704 ἐσσυμένως
431 2624 582 2704 ἐνέβαλλε
596 2628 672 2710 πυρῇ
687 2625 808 2707 μεγάλα
823 2624 1017 2706 στεναχίζων.

242 2726 330 2792 ἐννέα
344 2730 384 2812 τῷ
400 2754 436 2810 γε
451 2728 555 2791 άνακτι
571 2729 735 2808 τραπεζῆες
750 2727 834 2794 κύνες
850 2726 939 2806 ῆσον,

243 2831 291 2895 καὶ
305 2833 360 2910 μὲν
375 2837 435 2894 τῶν
451 2830 602 2911 ἐνέβαλλε
617 2833 693 2915 πυρῆ
710 2831 762 2894 δύο
777 2828 1002 2912 δειροτομήσας,

242 2936 356 2999 δόδεκα
370 2936 402 2998 δὲ
417 2935 529 3017 Τρόων
543 2934 723 3017 μεγαθύμων
736 2933 818 2999 υἱέας
834 2934 964 3000 έσθλοὺς
1141 2959 1169 3010 ¹7
1174 2962 1187 3010 5

241 3039 347 3124 χαλκῆ
364 3039 482 3116 δηϊόων·
507 3041 582 3101 κακὰ
597 3040 631 3100 δὲ
646 3038 739 3119 φρεσὶ
754 3035 865 3116 μήδετο
881 3037 964 3120 ἔργα·

242 3145 275 3206 έν
290 3144 323 3206 δὲ
339 3142 430 3224 πυρὸς
443 3140 533 3221 μένος
547 3142 601 3220 ῆκε
617 3139 767 3223 σιδήρεον,
785 3143 866 3223 όφρα
881 3139 1011 3221 νέμοιτο.

242 3244 364 3332 ᾤμωξέν
380 3246 404 3308 τ’
422 3245 466 3328 ἄρ’
483 3246 597 3317 ἔπειτα,
614 3247 708 3326 φίλον
723 3244 748 3308 δ’
764 3245 912 3324 ὀνόμηνεν
927 3249 1053 3327 ἑταῖρον·

242 3358 259 3386 “
268 3349 357 3433 χαῖρέ
370 3376 431 3429 μοι,
448 3348 471 3414 ό)
487 3348 656 3430 Πάτροκλε,
673 3347 722 3413 καὶ
739 3352 783 3415 είν
799 3346 904 3414 Ἀίδαο
919 3350 1050 3427 δόμοισι·

241 3452 339 3518 πάντα
354 3456 412 3536 γὰρ
426 3453 482 3533 ήδη
497 3478 544 3516 τοι
560 3451 654 3517 τελέω
670 3455 709 3516 τὰ
723 3452 867 3536 πάροιθεν
881 3451 1023 3526 ὑπέστην.
1141 3469 1187 3518 ι8ο

241 3557 355 3621 δόδεκα
369 3558 425 3637 μὲν
441 3557 554 3638 Τρόων
567 3556 747 3640 μεγαθύμων
761 3556 843 3623 υἱέας
859 3555 988 3622 ἑσθλοθς

240 3659 309 3727 τοὺς
324 3659 386 3740 ἅμα
401 3660 452 3723 σοὶ
467 3658 581 3726 πάντας
596 3665 653 3741 πύρ
669 3661 775 3724 έσθίει·
795 3659 928 3741 Ἕκτορα
943 3659 967 3723 δ’
985 3660 1019 3724 ού
1032 3685 1062 3724 τι

241 3767 328 3831 δόσω
345 3769 516 3847 Πριαμίδην
530 3763 599 3848 πυρὶ
614 3765 775 3849 δαπτέμεν,
792 3767 875 3830 άλλᾶ
890 3762 1061 3832 κύνεσσιν.”
