2746 4228
511 321 540 368 ι.
564 307 734 384 ιιιιΑΔον
758 310 792 368 Β.

188 472 222 536 ού
235 476 293 557 γάρ
308 473 368 557 έγά
383 472 439 538 σέο
454 475 533 557 φημὶ
547 475 737 558 χερειότερον
750 474 864 558 βροτδν
877 475 976 542 ἀλλον

186 577 319 656 ἔμμεναι,
335 578 427 642 ὅσσοι
443 575 492 657 ἀμ’
507 577 663 665 Ἀτρεΐδῃς
676 579 734 643 ὑπὸ
746 579 845 645 Ἴλιον
859 579 963 654 ῆλθον.

185 681 227 764 τῷ
243 680 295 743 οὐκ
310 679 349 745 ἀν
363 684 521 761 βασιλῆας
536 682 593 746 ἀνά
609 680 695 762 στόμ’
712 681 793 765 ἔχων
808 682 971 765 ἀγορεύοις,
1078 709 1126 758 250

185 782 235 845 καί
250 792 327 864 σφιν
341 782 461 848 ὀνείδεά
474 807 509 847 τε
522 782 697 866 προφέροις,
713 785 825 856 νόστον
839 809 873 850 τε
888 783 1072 866 φυλάσσοις.
1113 789 1115 796 ⁴

185 885 253 948 οὐδέ
268 886 299 949 τί
312 911 358 950 τω
375 885 462 968 σάφα
477 889 563 966 ίδμεν
577 888 659 953 ὅπως
674 887 761 952 ἔσται
776 885 848 952 τάδε
863 888 947 971 ἔργα,

183 983 202 1066 ἢ
218 988 250 1052 εὖ
265 987 301 1068 ῆε
316 995 412 1056 κακῶς
426 987 617 1069 νοστήσομεν
631 991 694 1056 υίες
708 989 854 1073 Ἀχαιῶν.

183 1090 224 1174 τῷ
240 1096 293 1156 νῶν
306 1090 445 1177 Ἀτρείδη
459 1091 672 1174 Ἀγαμέμνονι,
688 1092 809 1171 ποιμένι
823 1100 917 1167 λαῶν,

183 1191 255 1270 ήσαι
271 1194 431 1272 ὀνειδίζων,
447 1195 495 1259 ότι
511 1197 541 1259 οί
554 1193 639 1274 μάλα
654 1198 758 1259 πολλὰ
773 1201 908 1261 διδοῦσιν
1077 1223 1124 1273 255

182 1295 275 1376 ἥρωες
291 1298 417 1362 Δαναοί’
441 1297 480 1361 σὺ
494 1300 528 1362 δὲ
543 1297 711 1378 κερτομέων
726 1299 889 1380 ἀγορεύεις.

183 1398 251 1460 ἀλλ’
268 1399 301 1462 ἔκ
317 1424 364 1464 τοι
379 1398 462 1481 ἐρέω,
478 1399 513 1464 τό
528 1403 562 1465 δὲ
577 1402 627 1464 καὶ
642 1400 861 1480 τετελεσμένον
876 1402 975 1466 ἔσται·

183 1503 211 1564 εἴ
224 1500 249 1564 κ’
266 1501 310 1565 ἔτι
326 1501 355 1564 σ’
372 1503 558 1584 ἀφραίνοντα
574 1501 740 1585 κιχήσομαι
756 1505 796 1569 ὥς
812 1504 847 1569 νύ
860 1530 916 1586 περ
932 1509 999 1579 ῶδε,

180 1603 280 1683 μηκέτ’
297 1605 387 1670 ἔπειτ’
400 1605 530 1686 Ὀδυσῆι·
544 1605 618 1688 κάρη
635 1606 765 1685 ὤμοισιν
780 1607 876 1686 ἐπείη,

180 1708 246 1786 μηδ’
263 1709 307 1772 ἔτι
324 1707 519 1792 Τηλεμάχοιο
534 1707 633 1790 πατήρ
649 1707 832 1789 κεκλημένος
847 1713 922 1788 είηυ,
1075 1725 1123 1775 260

181 1814 207 1876 εἰ
221 1812 261 1892 μῆ
277 1812 336 1894 ἔγιύ
353 1838 390 1878 σε
404 1813 513 1892 λοβῶν
528 1812 589 1876 ἀπδ
602 1813 659 1892 μὲν
674 1813 754 1894 φίλα
765 1815 876 1901 Ιεἵματα
891 1816 981 1891 δύσω,

179 1913 310 1996 χλαῖνάν
324 1913 350 1976 ι)
365 1915 419 1995 ήδέ
431 1921 557 1998 χιτῶνα,
573 1914 651 1979 τότ’
668 1918 740 1980 αίδῶ
757 1917 992 1997 ἀμφικαλύπτει,

180 2016 269 2081 αὐτὸν
283 2020 317 2082 δὲ
331 2019 476 2082 κλαίοντα
491 2018 564 2085 θοάς
579 2019 630 2082 ἐπὶ
646 2022 719 2098 νῆας
734 2019 846 2100 ἀφήσω
976 2039 977 2042 ’

180 2121 342 2201 πεπληγὼς
356 2121 506 2203 ἀγορῆθεν
520 2121 660 2185 ἀεικέσσι
675 2119 863 2209 πληγῇσιν.”

214 2221 276 2290 Ὣς
291 2222 336 2304 ἀρ’
352 2224 423 2305 ἔφη,
438 2222 581 2309 σκήπτρῳ
597 2226 630 2288 δέ
644 2222 833 2306 μετάφρενον
847 2225 900 2304 ῆδέ
915 2226 964 2290 καὶ
980 2227 1048 2306 ῶμω
1072 2241 1119 2304 ι65

178 2325 302 2406 πλῆξεν·
325 2327 381 2391 ὁδ’
398 2327 663 2407 ίδυύθη,’θαλερδν
678 2326 712 2392 δέ
727 2331 756 2392 ol
775 2327 887 2392 ἔκπεσε
903 2327 1004 2410 δάκρυ·

178 2431 295 2510 σμῶδιξ
307 2431 333 2494 δ’
350 2430 540 2510 αἱματόεσσα
553 2430 743 2513 μεταφρένου
759 2431 946 2512 ἐξυπανέστη

178 2533 329 2614 σκήπτρου
344 2536 402 2598 ύπο
416 2533 556 2617 χρυσέου·
580 2536 597 2598 ό
612 2532 638 2597 δ’
653 2533 698 2616 ἀρ’
714 2536 796 2613 έζετο
812 2535 967 2617 τάρβησέν
980 2561 1022 2610 τε,

178 2635 316 2718 ἀλγήσας
330 2634 355 2701 δ’
372 2639 495 2720 ἀχρεῖον
510 2639 581 2703 ίδάν
596 2637 786 2718 ἀπομόρξατο
802 2637 902 2719 δάκρυ.

177 2741 207 2803 οί
221 2742 254 2803 δὲ
269 2740 318 2803 καὶ
332 2740 495 2823 ἀχνύμενοί
508 2766 564 2823 περ
579 2740 626 2804 ἐπ’
643 2741 720 2826 αύτῷ
735 2740 791 2820 ῆδδ
804 2741 974 2822 γέλασσαν·
1069 2763 1116 2816 270

176 2845 234 2907 ῶδε
249 2842 282 2906 δέ
297 2867 342 2908 τις
356 2844 498 2906 εἴπεσκεν
514 2843 585 2906 ίδῶν
599 2843 631 2909 ἔς
646 2844 780 2921 πλησίον
794 2843 903 2908 ἀλλον·
1056 2845 1058 2849 ’

177 2944 229 3008 “ῶ
244 2946 348 3018 πόποι,
364 2944 383 3025 ῆ
398 2945 434 3025 δῆ
449 2942 534 3027 μυρί’
548 2945 717 3012 Ὀδυσσεὺς
733 2948 831 3009 ἔσθλά
846 2947 934 3029 ἔοργε

174 3047 293 3128 βουλάς
306 3047 332 3111 τ’
349 3046 486 3131 ἐξάρχων
501 3050 616 3130 ἀγαθάς
631 3049 766 3129 πόλεμόν
780 3075 814 3115 τε
829 3050 998 3134 κορύσσων·

175 3155 227 3215 νῶν
242 3152 276 3213 δὲ
290 3150 360 3214 τάδε
373 3148 440 3231 μέγ’
457 3149 583 3230 ἀριστον
597 3152 631 3213 ἔν
644 3150 833 3233 Ἀργείοισιν
849 3152 959 3234 ἔρεξεν,

175 3252 208 3318 δς
223 3251 275 3316 τὸν
288 3255 455 3334 λωβητῆρα
470 3253 646 3333 ἐπεσβόλον
662 3254 730 3337 ἔσχ’
747 3255 894 3338 ἀγοράων.
1069 3276 1116 3329 ²75

175 3355 210 3418 ού
226 3353 282 3434 θήν
296 3345 457 3435 μινπάλιν
472 3356 556 3422 αάτις
571 3354 679 3435 ἀνήσει
695 3357 787 3437 θυμὸς
802 3358 921 3441 ἀγήνωρ

174 3465 312 3524 νεικείειν
327 3461 483 3537 βασιλῆας
498 3459 655 3525 ὀνειδείοις
670 3459 842 3525 έπέεσσιν.”

211 3560 275 3626 *Ως
289 3560 395 3641 φάσαν
408 3561 427 3640 ἡ
444 3561 568 3640 πληθύς·
589 3562 648 3625 ἀνὰ
663 3561 687 3626 δ’
705 3564 722 3626 ό
737 3564 938 3643 πτολίπορθος
948 3561 1114 3630 Ὀδυσσεὺς

175 3665 249 3740 ἔστη
267 3668 420 3745 σκῆπτρον
435 3664 523 3747 ἔχων·
546 3667 627 3746 παρὰ
643 3667 675 3729 δὲ
689 3671 862 3747 γλαυκῶπις
875 3663 989 3745 Ἀθήνη
