2834 4234
441 879 830 956 ΟΔΥΣΣΕΙΑΣ
870 877 916 960 Ξ.

338 1275 552 1359 Ὀδυσσέως
577 1280 670 1378 πρὸς
695 1277 855 1374 Εὔμαιον
881 1275 1016 1372 ὁμιλία.

204 1474 303 1556 Αὐτὰρ
319 1477 335 1538 ὁ
351 1478 384 1539 ἐκ
399 1476 518 1558 λιμένος
534 1476 673 1558 προσέβη
690 1483 832 1560 τρηχεῖαν
846 1477 979 1557 ἀταρπὸν

204 1584 301 1661 χῶρον
321 1579 367 1644 ἀν’
381 1580 513 1659 ὑλήεντα
530 1581 567 1645 δι’
584 1581 695 1657 ἄκριας,
711 1579 730 1666 ᾗ
747 1582 775 1644 οἱ
790 1577 902 1659 Ἀθήνη

203 1682 338 1763 πέφραδε
353 1689 419 1750 δῖον
433 1686 583 1768 ὑφορβόν,
599 1688 617 1748 ὅ
632 1687 661 1748 οἱ
676 1686 796 1765 βιότοιο
811 1682 947 1764 μάλιστα

204 1784 308 1864 κήδετο
324 1786 444 1867 οἰκήων,
461 1787 511 1856 οὓς
527 1789 657 1869 κτήσατο
673 1794 736 1853 δῖος
751 1788 927 1852 Ὀδυσσεύς.

245 1895 308 1953 Τὸν
323 1889 348 1954 δ’
364 1888 410 1972 ἄρ’
425 1890 468 1956 ἐνὶ
484 1894 623 1976 προδόμῳ
640 1889 698 1971 εὗρ’
713 1891 835 1970 ήμενον,
851 1891 923 1955 ἔνθα
939 1892 968 1952 οἳ
985 1891 1060 1970 αὐλή
1138 1919 1151 1968 5

202 1995 307 2075 ὑψηλὴ
324 1996 460 2073 δέδμητο,
477 1995 667 2080 περισκέπτῳ
684 1993 727 2059 ἐνὶ
740 1995 839 2076 χώρῳ,

202 2096 280 2176 καλή
297 2121 330 2162 τε
344 2098 462 2181 μεγάλη
478 2125 522 2178 τε,
539 2101 726 2181 περίδρομος·
756 2099 795 2178 ἥν
808 2101 846 2180 ῥα
862 2099 1004 2178 συβώτης

202 2201 289 2267 αὐτὸς
304 2200 419 2283 δείμαθ’
433 2204 541 2267 ὕεσσιν
556 2203 769 2285 ἀποιχομένοιο
784 2200 919 2279 άνακτος,

202 2307 316 2386 νόσφιν
331 2310 493 2387 δεσποίνης
509 2305 558 2372 καὶ
575 2307 707 2390 Λαέρταο
722 2305 869 2389 γέροντας,

201 2413 336 2490 ῥυτοῖσιν
351 2411 465 2475 λάεσσι
482 2409 529 2474 καὶ
545 2412 728 2494 ἐθρίγκωσεν
744 2409 869 2494 ἀχέρδῳ.
1121 2439 1151 2474 10

203 2515 348 2594 σταυροὺς
364 2515 388 2578 δ’
406 2515 490 2581 ἐκτὸς
506 2516 623 2579 ἔλασσε
638 2516 799 2596 διαμπερὲς
815 2515 888 2577 ἔνθα
904 2516 952 2578 καὶ
969 2515 1049 2591 ἔνθα,

202 2618 329 2684 πυκνοὺς
345 2620 394 2682 καὶ
410 2618 530 2696 θαμέας,
547 2619 580 2682 τὸ
594 2619 693 2696 μέλαν
707 2623 794 2700 δρυδς
810 2617 1033 2698 ἀμφικεάσσας·

202 2723 347 2785 ἔντοσθεν
362 2719 387 2785 δ’
404 2723 497 2799 αὐλῆς
513 2722 646 2803 συφεοὺς
661 2723 836 2786 δυοκαίδεκα
852 2723 933 2785 παίει

202 2827 334 2902 πλησίον
351 2825 505 2905 ἀλλήλων,
521 2826 607 2892 εὐνὰς
623 2826 723 2890 συσίν·
754 2826 787 2889 έν
803 2827 834 2888 δὲ
850 2823 967 2911 ἑκάστῳ

201 2929 385 3009 πεντήκοντα
403 2930 474 2996 σύες
488 2930 707 3012 χαμαιευνάδες
722 2928 920 3011 ἐρχατόωντο,
1073 2977 1074 2980 ¹
1121 2959 1150 3008 15

202 3032 320 3111 θήλειαι
337 3036 469 3100 τοκάδες·
500 3037 547 3098 τοὶ
563 3033 587 3096 δ’
605 3034 731 3116 ἄρσενες
747 3033 831 3099 ἐκτὸς
848 3034 941 3108 ίαυον,

200 3139 318 3202 πολλὸν
333 3139 519 3219 παυρότεροι·
551 3137 619 3203 τοὺς
637 3136 694 3220 γὰρ
709 3137 889 3217 μινύθεσκον
905 3137 1023 3204 ἔδοντες

201 3243 329 3306 ἀντίθεοι
344 3243 520 3323 μνηστῆρες,
536 3239 602 3306 ἐπεὶ
617 3240 766 3322 προΐαλλε
782 3242 922 3320 συβώτης

93 3377 95 3382 ’
201 3344 258 3409 αἰεὶ
275 3345 444 3428 ζατρεφέων
460 3346 577 3410 σιάλων
591 3345 645 3410 τὸν
660 3346 784 3426 ἄριστον
802 3345 951 3410 ἁπάντων·

201 3451 229 3512 οἱ
246 3451 278 3512 δὲ
294 3453 463 3530 τριηκόσιοί
476 3478 508 3515 τε
525 3448 574 3514 καὶ
590 3448 735 3529 ἑξήκοντα
751 3448 886 3514 πέλοντο.
1117 3480 1147 3514 20

200 3549 260 3624 πὰρ
276 3548 309 3609 δὲ
324 3547 408 3612 κύνες
424 3545 570 3627 θήρεσσιν
585 3548 715 3612 ἐοικότες
731 3546 796 3608 αἰὲν
810 3548 895 3609 ίαυον

200 3649 360 3730 τέσσαρες,
376 3649 426 3715 οὓς
442 3651 554 3732 ἔθρεψε
570 3651 720 3731 συβώτης,
737 3651 870 3733 ὄρχαμος
885 3651 1007 3733 ἀνδρῶν.

201 3755 288 3820 αὐτὸς
303 3753 327 3818 δ’
345 3751 423 3835 ἀμφὶ
438 3756 586 3820 πόδεσσιν
605 3757 665 3821 ἑοῖς
681 3752 823 3835 ἀράρισκε
838 3753 959 3833 πέδιλα,
