2746 4228
269 303 309 384 38
591 317 621 365 2.
645 304 815 363 ικιΑΔοΣ
839 303 873 362 Β.

311 471 351 533 Οδ
367 470 391 534 δ’
409 470 544 550 Εὔβοιαν
560 469 633 553 ἔχον
648 469 740 549 μένεα
754 470 908 535 πνείοντες
920 467 1082 549 Ἄβαντες,

268 574 406 637 Χαλκίδα
421 573 445 635 τ’
463 571 621 655 Εἰρέτριάν
636 598 670 638 τε
685 572 925 654 πολυστάφυλόν
939 574 965 637 θ’
981 571 1130 638 Ἱστίαιαν

269 673 418 756 Κήρινθόν
433 675 457 738 τ’
475 675 594 756 ἔφαλον
610 677 686 740 Δίου
701 676 726 738 τ’
743 674 815 740 αἰπὺ
830 675 1020 757 πτολίεθρον,

268 781 299 843 οἴ
312 806 344 844 τε
360 779 518 861 Κάρυστον
534 782 607 864 ἔχον
621 781 665 860 ἡδ’
682 780 710 844 οἳ
725 779 824 863 Στύρα
839 779 1048 854 ναιετάασκον,

267 891 327 950 τῶν
342 884 405 948 αὖθ’
422 884 577 967 ἡγεμόνευ’
592 882 780 966 Ἐλεφήνωρ,
798 885 865 962 όζος
876 883 997 965 Ἀρηος,
1161 909 1209 961 540

268 987 546 1067 Χαλκωδοντιάδης,
562 987 740 1070 μεγαθύμων
758 987 851 1070 ἀρχδς
864 985 1034 1066 Ἀβάντων.

268 1092 308 1176 τῷ
325 1090 350 1155 δ’
367 1090 415 1171 ἀμ’
429 1089 581 1171 Ἀβαντες
596 1091 704 1155 ἕποντο
720 1090 796 1164 θοοί,
813 1091 919 1155 ὄπιθεν
935 1088 1111 1169 κομόωντες,

268 1195 412 1276 αἰχμηταὶ
427 1199 580 1272 μεμαῶτες
595 1194 755 1279 ὀρεκτῇσιν
768 1192 894 1279 μελίῃσι

222 1355 224 1360 ,
269 1296 403 1378 θάρηκας
416 1294 519 1379 ῥήξειν
533 1294 625 1374 δηίων
640 1297 719 1377 ἀμφὶ
736 1293 896 1374 στήθεσσι·

269 1400 310 1484 τῷ
326 1399 350 1463 δ’
367 1399 429 1479 άμα
444 1398 671 1481 τεσσαράκοντα
685 1397 826 1479 μέλαιναι
842 1401 912 1477 νῆες
927 1397 1046 1463 ἕποντο.
1160 1424 1208 1474 5⁴5

311 1502 351 1565 Οἳ
367 1502 391 1566 δ’
408 1503 453 1583 ἀρ’
468 1500 600 1580 Ἀθήνας
615 1503 709 1584 εἶχον,
725 1501 898 1580 ἐϋκτίμενον
912 1501 1101 1582 πτολίεθρον,

244 1667 247 1674 ,
269 1608 362 1683 δῆμον
376 1605 543 1688 Ἐρεχθῆος
556 1604 772 1687 μεγαλήτορος,
790 1605 825 1668 ὅν
841 1603 906 1667 ποτ’
922 1601 1035 1682 Ἀθήνη

269 1707 365 1789 θρέψε
382 1708 455 1774 Διὸς
471 1707 611 1790 θυγάτηρ,
628 1707 696 1772 τέκε
711 1710 744 1772 δέ
761 1708 898 1788 ζείδωρος
913 1707 1033 1789 ἀρουρα,

269 1811 323 1874 κὰδ
339 1811 364 1874 δ’
381 1813 413 1876 ἐν
427 1809 557 1897 Ἀθήνης
573 1813 666 1884 εἷσεν,
682 1813 721 1895 ἐῷ
739 1813 772 1874 ἐν
787 1811 869 1874 πίονι
884 1812 957 1895 νηῷ·

269 1915 341 1978 ἔνθα
356 1912 389 1977 δέ
403 1939 455 1993 μιν
469 1913 605 1995 ταύροισι
621 1916 670 1977 καὶ
686 1916 814 1996 ἀρνειοῖς
830 1911 967 1979 ἱλάονται
1162 1940 1211 1990 550

269 2022 368 2098 κοῶροι
382 2015 552 2095 Ἀθηναίων
566 2016 828 2099 περιτελλομένων
843 2018 996 2081 ἐνιαυτῶν·

268 2126 327 2185 τῶν
342 2119 405 2183 αὕθ’
421 2119 575 2202 ἡγεμόνευ’
592 2120 656 2187 υίδς
671 2126 794 2185 Πετεῶο
809 2120 993 2186 Μενεσθεύς.

268 2225 309 2307 τῷ
326 2222 350 2286 δ’
368 2223 402 2286 ού
417 2223 464 2286 πό
480 2248 525 2290 τις
540 2226 642 2303 ὁμοῖος
658 2225 830 2307 ἐπιχθόνιος
845 2221 940 2305 γένετ’
959 2223 1033 2304 ἀνὴρ

269 2329 421 2405 κοσμῆσαι
437 2327 546 2392 ἵππους
561 2351 594 2390 τε
610 2327 659 2390 καὶ
674 2325 781 2407 ἀνέρας
797 2327 993 2392 ἀσπιδιώτας·

268 2427 397 2510 Νέστωρ
413 2428 476 2494 οἶος
491 2429 596 2510 ἔριζεν·
619 2431 709 2511 άγδρ
723 2428 960 2511 προγενέστερος
975 2428 1037 2507 ἡεν·
1161 2453 1209 2506 535

269 2531 309 2615 τῆ
327 2529 351 2594 δ’
368 2529 428 2609 άμα
443 2528 628 2608 πεντήκοντα
641 2529 783 2610 μέλαιναι
798 2535 868 2610 νῆες
883 2532 1001 2597 ἕποντο.

312 2636 388 2699 Αίας
402 2633 427 2697 δ’
444 2635 476 2697 ἐκ
493 2637 665 2712 Σαλαμῖνος
679 2634 753 2716 άγεν
767 2636 944 2699 δυοκαίδεκα
958 2638 1040 2713 νῆας,

270 2740 365 2814 στῆσε
381 2736 405 2800 δ’
422 2736 504 2818 ἀγων
519 2736 556 2802 ἵν’
572 2736 742 2816 Ἀθηναίων
755 2740 880 2803 ἵσταντο
896 2736 1063 2820 φάλαγγες.

313 2840 354 2903 Οἳ
369 2839 394 2903 δ’
408 2838 519 2921 Ἀργος
533 2839 558 2902 τ’
576 2839 660 2922 εἶχον
674 2839 805 2920 Τίρυνθά
820 2865 854 2904 τε
869 2839 1074 2923 τειχιόεσσαν,

269 2941 431 3023 Ἑρμιόνην
444 2941 572 3019 Ἀσίνην
585 2966 629 3014 τε,
644 2943 744 3021 βαθὺν
759 2945 834 3005 κατὰ
850 2943 965 3006 κόλπον
980 2939 1120 3023 ἐχούσας,
1161 2954 1211 3018 560

269 3042 406 3127 Τροιζῆν’
421 3043 547 3110 Ἠϊόνας
561 3069 595 3108 τε
611 3046 660 3109 καὶ
676 3043 854 3124 ἀμπελόεντ’
868 3044 1058 3124 Ἐπίδαυρον,

271 3149 301 3211 οἵ
314 3147 339 3210 τ’
356 3148 429 3229 ἔχον
444 3149 571 3229 Αίγιναν
586 3145 720 3225 Μάσητά
736 3172 770 3211 τε
786 3153 885 3228 κοῦροι
899 3147 1043 3229 Ἀχαιῶν,

270 3255 329 3315 τῶν
347 3249 410 3312 αὖθ’
426 3248 589 3332 ἡγεμόνευε
604 3249 684 3329 βοὴν
700 3249 812 3331 ἀγαθὸς
828 3247 980 3328 Διομήδης

271 3354 319 3416 καὶ
335 3350 493 3426 Σθένελος,
511 3356 672 3432 Καπανῆος
687 3353 868 3435 ἀγακλειτοῦ
884 3353 977 3433 φίλος
990 3353 1065 3420 υἱός·

271 3454 390 3519 τοῖσιδ’
407 3453 455 3534 ἀμ’
473 3455 627 3538 Εὐρύαλος
642 3456 778 3538 τρίτατος
794 3456 866 3526 κίεν,
884 3455 1004 3522 ίσόθεος
1019 3457 1095 3537 φύς,
1163 3468 1212 3534 565

271 3556 444 3637 Μηκιστέος
458 3557 522 3623 υίδς
536 3559 740 3623 Ταλαϊονίδαο
755 3557 891 3624 άνακτος·
1092 3540 1095 3548 ’

271 3659 452 3740 συμπάντων
467 3658 491 3724 δ’
508 3658 612 3743 ἡγεῖτο
626 3660 707 3740 βοὴν
723 3660 835 3742 ἀγαθὸς
851 3659 1014 3742 Διομήδης·
