2760 4232
497 365 563 423 σιν
587 365 783 426 Ανςωιιιις.
1047 382 1105 446 991

164 533 263 618 κισσῷ
279 529 328 596 καί
343 531 444 619 δάφνῃ
459 535 699 611 πεπυκασμένος·
722 535 754 596 αἱ
769 531 794 597 δ’
809 531 858 612 ἀμ’
873 533 980 598 έποντο

163 637 288 717 νύμφαι,
304 637 320 698 ό
336 633 362 700 δ’
377 634 523 716 έξηγεῖτο·
541 636 663 716 ,βρόμος
676 635 703 700 δ’
718 636 790 719 ἔχεν
805 637 938 702 ἄσπετον
953 638 1036 715 θλην.
1081 665 1110 700 ιο

207 742 265 804 Καὶ
283 740 323 802 σὺ
337 743 392 819 μὲν
407 742 483 804 οὕτω
502 745 598 823 χαῖρε,
613 738 829 822 πολυστάφυλ’
845 738 867 803 ῶ
886 743 1025 806 Διόνυσε·

161 849 211 909 δὸς
226 841 251 908 δ’
265 843 343 925 ἡμᾶς
357 845 518 927 χαίροντας
533 846 565 911 ές
581 845 658 925 ὥρας
673 844 755 910 αὖτις
772 844 899 920 ἱκέσθαι,

162 949 194 1009 ἐκ
210 945 235 1012 δ’
251 945 316 1010 αὕθ’
332 947 434 1030 ῶράων
452 950 495 1014 εἰς
510 948 579 1014 τοὺς
594 949 729 1015 πολλοὺς
745 947 920 1018 ἐνιαυτούς,

550 1204 728 1278 XXVII.

500 1392 562 1471 Εἰς
584 1387 766 1491 Ἀρτεμιν.

201 1555 343 1637 Ἀρτεμιν
359 1559 448 1622 ἀείδω
464 1558 697 1641 χρυσηλάκατον
713 1558 899 1638 κελαδεινήν,

160 1659 309 1740 παρθένον
323 1663 450 1740 αἰδοίην,
466 1664 676 1744 ἐλαφηβόλον,
698 1662 858 1748 ἰοχέαιραν,

160 1763 416 1847 αὐτοκασιγνήτην
431 1767 601 1850 χρυσαόρου
616 1767 825 1845 Ἀπόλλωνος,

159 1864 178 1943 ἣ
195 1864 257 1930 κατ’
273 1869 326 1948 όρη
343 1870 484 1933 σκιόεντα
500 1871 549 1933 καὶ
565 1871 669 1950 ἄκριας
684 1869 874 1949 ἠνεμοέσσας

160 1969 236 2056 ἄγρῃ
252 1973 416 2052 τερπομένη
432 1959 610 2056 παγχρύσεα
625 1971 699 2051 τόξα
714 1976 848 2050 τιταίνει,

160 2073 322 2152 πέμπουσα
337 2077 501 2142 στονόεντα
515 2076 606 2157 βέλη·
630 2079 748 2160 τρομέει
765 2081 797 2142 δὲ
812 2075 924 2158 κάρηνα

159 2179 287 2259 ὑψηλῶν
302 2179 405 2261 ἀρέων,
418 2183 504 2263 ’ἰαχεῖ
518 2178 544 2244 δ’
560 2181 610 2244 έπι
626 2181 750 2248 δάσκιος
764 2184 821 2260 θλη

160 2287 258 2346 δεινὸν
272 2285 330 2345 ὑπὸ
346 2287 481 2367 κλαγγῆς
498 2289 606 2367 θηρῶν,
623 2288 751 2368 φρίσσει
768 2285 800 2350 δέ
815 2311 848 2350 τε
862 2291 935 2368 γαῖα

159 2385 268 2450 πόντος
283 2382 309 2447 τ’
324 2387 466 2469 ἰχθυόεις·
489 2387 507 2466 ἡ
524 2386 550 2450 δ’
566 2388 695 2468 ἄλκιμον
710 2389 782 2470 ἦτορ
798 2389 912 2471 ἔχουσα

159 2487 256 2575 πάντῃ
272 2489 498 2572 ἐπιστρέφεται,
515 2495 613 2572 θηρῶν
629 2493 779 2557 ὀλέκουσα
792 2493 950 2582 γενέθληντ

159 2591 249 2672 αὐτὰρ
266 2592 343 2671 έπὴν
359 2595 473 2680 τερφθῇ
489 2597 679 2671 θηροσκόπος
695 2596 842 2678 ἰοχέαιρα,

160 2693 292 2781 εὐφρήνῃ
308 2698 341 2759 δὲ
357 2697 438 2774 νόον,
453 2697 610 2779 χολάσασ’
627 2700 777 2780 εὐκαμπέα
792 2698 876 2778 τόξα,

159 2798 278 2879 ἔρχεται
293 2801 323 2865 ές
337 2798 417 2882 μέγα
432 2805 516 2880 δῶμα
532 2801 726 2884 κασιγνήτοιο
743 2805 858 2884 φίλοιο,

158 2902 274 2981 Φοίβου
288 2903 494 2982 Ἀπόλλωνος,
513 2912 648 2988 Δελφῶν
663 2910 694 2974 ές
710 2910 800 2972 πίονα
814 2912 916 2987 δῆμον,

158 3011 293 3073 Μουσῶν
309 3009 357 3072 καὶ
372 3011 512 3090 Χαρίτων
527 3016 622 3075 καλὸν
640 3011 732 3093 χορόν
748 3012 940 3094 ἀρτυνέουσα.

158 3111 230 3174 ἔνθα
246 3112 498 3193 κατακρεμάσασα
514 3116 683 3178 παλίντονα
699 3114 771 3194 τόξα
788 3118 837 3180 καὶ
853 3116 917 3183 ἰοὺς

155 3214 281 3295 ἡγεῖται,
297 3218 439 3298 χαρίεντα
454 3215 522 3297 περί
536 3217 607 3300 χροὶ
622 3219 737 3298 κόσμον
753 3221 877 3302 ἔχουσα,

155 3315 328 3401 ἐξάρχουσα
342 3320 460 3403 χορούς·
483 3323 514 3384 οἰ
530 3321 554 3384 δ’
572 3323 743 3412 ἀμβροσίην
758 3321 808 3387 ὄπ’
824 3326 916 3388 ἰεῖσαι

156 3425 299 3503 ὑμνεῦσιν
318 3425 405 3501 Λητὼ
422 3425 641 3506 καλλίσφυρον,
658 3426 697 3492 ῶς
713 3427 781 3491 τέκε
796 3432 904 3494 παῖδας

158 3525 314 3590 ἀθανάτων
328 3528 430 3614 βουλῇ
444 3551 478 3591 τε
493 3529 542 3590 καί
558 3527 705 3610 ἔργμασιν
720 3529 803 3614 ἔξοχ’
817 3532 963 3612 ἀρίστους.
1070 3563 1101 3596 ιο

200 3631 335 3712 Χαίρετε,
350 3631 439 3695 τέκνα
457 3632 531 3698 Διὸς
547 3632 595 3696 καὶ
611 3637 726 3712 Λητοῦς
742 3634 895 3716 ἠϋκόμοιο·

158 3734 249 3818 αὐτὰρ
264 3735 343 3817 έγῶν
361 3734 457 3813 ὑμέων
473 3735 521 3800 καὶ
536 3739 634 3817 ἄλλης
648 3737 779 3819 μνήσομ’
794 3740 905 3819 ἀοιδῆς.
