2728 4230
462 334 492 391 6.
516 321 687 394 ῙΛΙΑΔΟΣ
711 334 747 396 Ζ.
1022 344 1083 412 ια5

179 499 242 580 Τήν
257 498 283 562 δ’
299 498 370 564 αὖτε
384 497 549 581 προσέειπε
562 497 657 583 μέγας
673 498 868 581 κορυθαίολος
879 496 1006 579 Ἕκτωρ·
1032 526 1083 575 440

144 600 187 680 “vj
202 602 250 665 καὶ
265 603 333 679 ἐμοὶ
347 600 418 666 τάδε
433 601 532 668 πάντα
545 601 644 684 μέλει,
657 602 755 685 γύναι·
778 603 861 666 &W
874 601 945 681 μάλ’
962 603 1052 668 dv&
1097 674 1099 679 ·
1217 613 1222 624 ⁹

143 701 274 783 αἰδέομαι
287 709 393 786 Τρῶας
411 707 460 770 καὶ
473 705 617 790 Τρῳάδας
632 703 881 778 ἑλκεσιπέπλους,

143 808 173 871 αί
187 833 220 871 κε
234 807 323 873 κακδς
338 809 378 875 δς
392 809 507 889 νόσφιν
522 808 682 887 ἀλυσκάζω
698 807 856 889 πολέμοιο·

143 909 207 973 ούδέ
223 935 261 988 με
276 911 368 989 θυμὸς
385 911 510 994 άνωγεν,
527 913 593 976 ἐπεὶ
608 909 706 992 μάθον
720 911 846 991 ἔμμεναι
861 911 972 978 ἐσθλδς

142 1013 198 1076 αίεὶ
217 1013 266 1076 καὶ
281 1014 428 1094 πρώτοισι
441 1017 518 1093 μετδ
531 1015 673 1095 Τρώεσσι
686 1013 850 1098 μάχεσθαι,
1035 1042 1083 1092 445

143 1115 301 1196 ἀρνύμενος
315 1120 427 1198 πατρός
441 1142 475 1183 τε
488 1115 567 1198 μέγα
582 1116 671 1184 κλέος
685 1117 730 1197 ἠδ’
746 1116 819 1196 ἒμδν
834 1117 933 1181 αὐτοῦ.

143 1218 244 1302 εόγδρ
260 1220 319 1302 ἐγώ
335 1221 404 1285 τάδε
419 1221 487 1285 οἶδα
503 1223 578 1284 κατὰ
592 1218 691 1303 φρένα
706 1222 755 1286 καὶ
771 1223 846 1284 κατὰ
861 1223 964 1302 θυμόν·

142 1322 266 1387 ἔσσεται
281 1321 359 1405 ἦμαρ
374 1324 417 1388 ὅτ’
434 1324 472 1390 άν
487 1321 554 1388 ποτ’
569 1324 673 1410 ὀλώλῃ
685 1323 781 1390 Ἴλιος
796 1323 844 1405 ίρη

127 1427 189 1520 καὶ
203 1427 341 1508 Πρίαμος
356 1429 405 1492 καὶ
421 1427 496 1495 λαός
512 1427 661 1508 έῦμμελίω
677 1425 837 1509 Πριάμοιο.

121 1511 131 1613 ι,
143 1529 210 1592 ἀλλ’
227 1530 262 1593 ού
275 1555 327 1612 μοι
341 1531 453 1612 Τρώων
467 1530 582 1594 τόσσον
595 1529 683 1609 μέλει
698 1529 793 1612 ἀλγος
807 1530 938 1607 ὀπίσσω,
1036 1557 1086 1607 450

142 1635 199 1698 οὔτ’
217 1634 306 1714 αὐτῆς
321 1632 458 1714 Ἑκάβης
473 1633 540 1698 ούτε
556 1631 706 1714 Πριάμοιο
721 1633 848 1700 ἀνακτος

141 1738 207 1804 ούτε
223 1735 421 1821 κασιγνήτων,
439 1739 470 1802 οἳ
485 1763 535 1802 κεν
549 1734 659 1802 πολέες
674 1761 707 1800 τε
723 1737 772 1800 καὶ
788 1738 895 1802 ἐσθλοὶ

141 1846 174 1906 ἐν
188 1842 307 1926 κονίῃσι
322 1838 448 1904 πέσοιεν
461 1839 510 1904 ὑπ’
527 1837 654 1919 ἀνδράσι
669 1838 896 1920 δυσμενέεσσιν,

141 1945 238 2007 ὅσσον
254 1948 318 2019 σεῦ,
334 1944 386 2008 ὅτε
401 1943 452 2006 κέν
466 1967 512 2009 τις
531 1938 664 2026 Ἀχαιῶν
678 1943 915 2026 χαλκοχιτώνων

141 2047 348 2129 δακρυόεσσαν
363 2045 480 2128 ἄγηται,
497 2043 656 2126 ἐλεύθερον
670 2043 749 2127 ήμαρ
765 2046 905 2128 ἀπούρας·
1035 2073 1085 2122 455

142 2152 193 2214 καί
206 2177 256 2215 κεν
271 2151 305 2213 ἒν
316 2149 423 2232 Ἀργει
437 2151 531 2213 ἐοῦσα
545 2149 619 2229 πρδς
634 2147 733 2228 ἄλλης
754 2148 839 2214 ἱστδν
852 2150 999 2230 ὑφαίνοις,

144 2257 193 2320 καί
206 2280 258 2319 κεν
272 2255 349 2334 ὕδωρ
364 2251 487 2336 φορέοις
502 2249 680 2330 Μεσσηΐδος
694 2250 713 2331 ἢ
727 2251 884 2334 Ὑπερείης

143 2355 233 2420 πόλλ’
249 2355 443 2437 ἀεκαζομένη,
460 2354 584 2438 κρατερή
600 2355 625 2418 δ’
642 2352 805 2420 ἐπικείσετ’
821 2354 946 2437 ἀνάγκη·

143 2461 193 2523 καί
206 2458 282 2523 ποτέ
297 2485 342 2526 τις
357 2461 479 2546 είπησιν
494 2459 565 2524 ίδιδν
584 2457 658 2522 κατὰ
674 2457 765 2540 δάκρυ
778 2457 921 2542 χέουσαν·

144 2563 303 2645 *Ἕκτορος
316 2561 371 2642 ἥδε
384 2561 468 2645 γυνή,
485 2561 518 2629 δς
533 2562 728 2643 ἀριστεύεσκε
740 2560 894 2645 μάχεσθαι
1037 2575 1087 2637 460

142 2666 254 2747 Τρώων
270 2665 455 2746 ἱπποδάμων,
472 2667 523 2732 ὅτε
534 2664 632 2730 Ἴλιον
647 2662 882 2747 ἀμφεμάχοντο.’

144 2769 182 2833 ώς
196 2767 272 2832 ποτέ
287 2793 332 2835 τις
348 2767 434 2850 ἐρέει·
457 2769 507 2832 σοὶ
521 2768 546 2832 δ’
564 2767 601 2832 αὖ
615 2766 685 2832 νέου
700 2767 825 2830 ἔσσεται
839 2765 935 2847 άλγος

142 2869 229 2952 χήτεϊ
244 2871 353 2935 τοιοῦδ’
371 2870 478 2952 ἀνδρὸς
493 2870 614 2950 ἀμύνειν
628 2869 750 2934 δούλιον
765 2867 853 2950 ἦμαρ.

144 2971 226 3037 ἀλλά
239 3000 279 3053 με
293 2978 446 3054 τεθνηῶτα
460 2974 536 3058 χυτὴ
552 2975 628 3038 κατά
641 2977 714 3056 γαῖα
729 2971 883 3048 καλύπτοι,

144 3078 214 3159 πρίν
227 3076 266 3159 γέ
279 3101 309 3141 τι
325 3081 382 3156 σῆς
396 3102 428 3142 τε
443 3080 522 3157 βοῆς
537 3081 594 3140 σαΰ
609 3075 635 3140 θ’
652 3078 814 3155 ἑλκηθμοῖο
829 3074 1008 3141 πυθέσθαι.”
1038 3093 1088 3157 4⁶⁵

178 3179 244 3246 Ὣς
260 3181 353 3246 είπδν
368 3181 402 3244 αδ
417 3179 523 3247 παιδός
541 3176 666 3262 ὀρέξατο
681 3179 824 3259 φαίδιμος
835 3178 962 3263 Ἕκτωρ·

143 3282 191 3364 ἀφ
207 3283 231 3347 δ’
249 3284 266 3346 ὀ
279 3282 352 3348 πάϊς
366 3283 442 3365 πρὸς
457 3284 572 3347 κόλπον
587 3282 726 3358 ἐῦζώναιο
742 3279 864 3362 τιθήνης

144 3387 267 3466 έκλίνθη
284 3384 389 3469 ἰάχων,
406 3387 517 3468 πατρὸς
532 3387 625 3468 φίλου
641 3387 716 3466 ὄψιν
731 3386 878 3468 ἀτυχθείς,

143 3488 303 3570 ταρβήσας
316 3488 435 3572 χαλκόν
449 3514 483 3554 τε
497 3491 542 3555 ίδέ
556 3491 658 3572 λόφον
674 3489 879 3572 ἱππιοχαίτην,

143 3591 243 3658 δεινόν
258 3591 309 3656 ἀπ’
328 3590 491 3673 ἀκροτάτης
507 3593 630 3669 κόρυθος
645 3591 770 3657 ναίοντα
785 3589 906 3671 νοήσας.
1041 3615 1090 3667 47⁰

144 3693 177 3757 ἐκ
193 3693 218 3759 δ’
235 3692 392 3777 ἐγέλασσε
408 3693 503 3777 πατήρ
517 3720 552 3760 τε
566 3694 659 3777 φίλος
674 3696 723 3759 καὶ
737 3695 845 3760 πότνια
858 3694 964 3776 μήτηρ·
