2834 4234
388 904 392 912 ·
490 880 893 956 ΟΔΥΣΣΕΙΑΣ
943 881 990 956 Ο.

643 1107 819 1117 ———

400 1258 617 1360 Τηλεμάχου
642 1261 735 1361 πρὸς
761 1259 921 1356 Εὔμαιον
947 1249 1080 1356 ἄφιξις.

266 1442 307 1506 Ἡ
324 1443 349 1507 δ’
367 1447 408 1511 είς
425 1444 585 1528 εὐρύχορον
599 1445 807 1521 Λακεδαίμονα
824 1441 953 1510 Παλλὰς
967 1440 1080 1521 Ἀθήνη

266 1547 359 1631 ᾤχετ’,
374 1545 544 1625 Ὀδυσσῆος
559 1548 730 1630 μεγαθύμου
746 1549 890 1628 φαίδιμον
904 1550 969 1612 υἱὸν

267 1652 376 1714 νόστου
390 1650 608 1731 ὑπομνήσουσα
623 1653 671 1715 καὶ
687 1650 870 1732 ὀτρυνέουσα
884 1651 1016 1716 νέεσθαι.

266 1755 333 1834 εὗρε
348 1757 381 1818 δὲ
396 1754 579 1839 Τηλέμαχον
596 1758 644 1819 καὶ
660 1753 816 1836 Νέστορος
832 1753 949 1836 ιἰγλαδν
963 1753 1029 1817 υἱὸν

267 1856 378 1922 εὕδοντ’
394 1863 427 1924 έν
442 1859 581 1944 προδόμῳ
598 1857 759 1924 Μενελάου
776 1861 962 1936 κυδαλίμοιο,
1200 1884 1214 1933 5

266 1961 285 2040 ἦ
300 1988 346 2025 τοι
362 1964 552 2044 Νεστορίδην
572 1961 698 2048 μαλακῷ
713 1961 898 2042 δεδμημένον
912 1964 1005 2045 ὕπνῳ·

266 2067 450 2151 Τηλέμαχον
467 2064 493 2132 δ’
508 2067 565 2150 οὐχ
579 2069 672 2134 ύπνος
688 2067 741 2148 ἔχε
759 2066 878 2148 γλυκύς,
895 2066 965 2130 ἀλλ’
982 2067 1027 2129 ἐνὶ
1046 2067 1127 2150 θυμῷ

267 2171 359 2234 νύκτα
373 2168 411 2234 δι’
426 2172 600 2252 ἀμβροσίην
613 2168 806 2251 μελεδήματα
821 2176 934 2252 πατρὸς
951 2170 1075 2252 ἔγειρεν.

266 2275 363 2356 ἀγχοῦ
377 2273 402 2338 δ’
421 2276 564 2355 ἱσταμένη
581 2273 720 2354 προσέφη
735 2279 908 2355 γλαυκῶπις
924 2271 1047 2350 Ἀθήνη·

266 2383 283 2412 “
293 2377 457 2461 Τηλέμαχ’,
473 2379 568 2443 οὐκέτι
585 2381 663 2443 καλδ
679 2379 777 2456 δόμων
791 2378 851 2442 άπο
866 2377 932 2455 τῆλ’
950 2375 1113 2455 ἀλάλησαι,
1184 2401 1216 2438 10

267 2480 402 2563 κτήματά
418 2507 450 2546 τε
466 2482 625 2562 προλιπὼν
639 2482 748 2563 ἄνδρας
762 2481 787 2545 τ’
805 2484 837 2546 ἐν
852 2487 935 2544 σοῖσι
950 2481 1089 2559 δόμοισιν

266 2586 341 2647 οὕτω
356 2585 570 2666 ὑπερφιάλους·
601 2585 643 2668 μή
658 2612 704 2649 τοι
719 2586 794 2650 κατὰ
809 2583 907 2650 πάντα
923 2583 1046 2666 φάγωσι

267 2687 400 2767 κτήματα
416 2689 613 2768 δασσάμενοι,
628 2689 666 2754 σὺ
682 2693 715 2754 δὲ
731 2690 858 2769 τηϋσίην
873 2688 944 2754 ὁδὸν
959 2689 1057 2774 ἔλθῃς.

267 2789 336 2855 ἀλλ’
352 2794 456 2873 ὄτρυνε
471 2791 600 2875 τάχιστα
616 2793 696 2872 βοὴν
712 2792 826 2875 ἀγαθὸν
842 2791 1004 2857 Μενέλαον

267 2895 432 2974 πεμπέμεν,
449 2893 517 2977 ὄφρ’
534 2896 578 2960 ἔτι
595 2899 670 2960 οίκοι
687 2896 821 2976 ἀμύμονα
835 2895 950 2977 μητέρα
964 2895 1078 2980 τέτμῃς.
1184 2921 1213 2970 15

265 2998 321 3077 ἤδη
338 2987 398 3080 γάρ
409 3001 448 3079 ῥα
462 2998 559 3080 πατήρ
574 3026 607 3064 τε
623 3001 804 3080 κασίγνητοί
817 3025 850 3063 τε
865 2998 1003 3064 κέλονται

268 3101 434 3188 Εὐρυμάχῳ
449 3102 612 3186 γήμασθαι·
643 3105 659 3166 ὁ
674 3107 732 3186 γὰρ
747 3102 931 3184 περιβάλλει
946 3102 1080 3170 ἅπαντας

265 3209 438 3288 μνηστῆρας
454 3209 577 3289 δώροισι
593 3207 639 3271 καὶ
655 3205 832 3288 ἐξώφελλεν
847 3207 942 3272 ἔεδνα·

265 3307 305 3391 μή
321 3311 357 3374 νύ
371 3335 399 3374 τι
412 3317 466 3376 σεῦ
481 3311 583 3390 ιἰέκητι
599 3311 697 3387 δόμων
712 3314 744 3375 ἐκ
761 3314 856 3390 κτῆμα
872 3311 1005 3394 φέρηται.

267 3414 355 3478 οἶσθα
371 3414 429 3496 γὰρ
444 3417 506 3482 οἶος
521 3415 612 3496 θυμὸς
627 3411 671 3479 ἐνί
688 3412 838 3494 στήθεσσι
853 3416 1001 3498 γυναικός·
1183 3441 1214 3478 20
1335 3421 1337 3428 ’

267 3522 365 3584 κείνου
379 3522 526 3600 βούλεται
542 3522 625 3586 οἶκον
640 3521 789 3602 ὀφέλλειν
805 3519 840 3587 ός
856 3545 907 3584 κεν
922 3521 1021 3606 ὀπυίῃ,

267 3626 428 3689 παίδωνδὲ
443 3623 594 3705 προτέρων
610 3622 659 3687 καὶ
674 3625 834 3704 κουριδίοιο
849 3625 954 3705 φίλοιο

266 3727 364 3794 ούκέτι
377 3728 522 3807 μέμνηται
537 3730 696 3806 τεθνηότος
713 3727 780 3791 οὐδὲ
793 3725 940 3812 μεταλλᾷ.
