2728 4230
474 353 503 416 9.
527 334 698 397 ςΛιΑΔος
722 338 745 395 1.
1021 347 1082 418 173

140 513 193 572 νῦν
208 506 233 571 δ’
249 506 316 571 ἐπεὶ
333 508 366 571 ἐκ
381 509 491 590 χειρῶν
505 503 597 588 γέρας
612 510 712 570 είλετο
729 505 780 569 καί
791 503 821 584 μ’
838 499 986 584 ἀπάτησε,

139 611 180 691 μή
194 635 250 690 μευ
266 608 395 690 πειράτω
412 609 444 673 εὖ
463 609 586 675 είδότος·
611 607 681 672 υύδέ
695 633 732 688 με
748 610 858 673 πείσει.
1036 634 1082 683 345

140 713 221 791 ἀλλ’,
235 713 374 790 Ὀδυσεῦ,
391 710 449 775 σδν
464 713 517 775 σοί
531 735 564 777 τε
581 712 630 775 καὶ
645 711 791 774 ἀλλοισιν
805 715 973 792 βασιλεῦσι

141 815 302 898 φραζέσθω
318 813 447 894 νήεσσιν
463 813 643 894 ἀλεξέμεναι
658 813 744 894 δήϊον
758 819 826 896 πῢρ.

141 919 160 998 ή
174 921 230 999 μὲν
244 919 281 998 δή
296 916 380 999 μάλα
395 920 499 984 πολλὰ
513 915 670 996 πονήσατο
686 918 801 999 νόσφιν
815 920 906 997 ἐμεῖο,

143 1023 192 1085 καὶ
206 1022 242 1102 δή
258 1025 359 1104 τεῖχος
374 1020 481 1100 ἔδειμε,
499 1021 548 1083 καὶ
563 1018 664 1099 ήλασε
675 1019 793 1102 τάφρον
808 1020 855 1084 ἐπ’
872 1021 951 1105 αὐτῷ

145 1126 258 1204 εὐρεῖαν
272 1123 419 1207 μεγάλην,
436 1126 469 1187 ἐν
484 1127 517 1188 δὲ
534 1123 690 1190 σκόλοπας
708 1122 884 1203 κατέπηξεν·
1037 1149 1085 1199 350

145 1225 213 1291 ἀλλ’
229 1227 289 1291 οὐδ’
307 1227 345 1293 ὣς
361 1228 483 1292 δύναται
500 1226 609 1293 σθένος
620 1225 765 1308 Ἕκτορος
781 1225 980 1310 ἀνδροφόνοιο

145 1334 254 1413 ἴσχειν·
278 1331 359 1410 ὄφρα
374 1330 399 1394 δ’
417 1330 476 1413 ἐγδ
490 1327 555 1410 μετ’
572 1327 746 1413 Ἀχαιοῖσιν
761 1330 925 1411 πολέμιζον

146 1433 195 1496 ούκ
211 1433 355 1500 ἐθέλεσκε
369 1431 471 1516 μάχην
486 1432 545 1496 ἀπδ
559 1431 677 1517 τείχευς
692 1431 817 1515 ὀρνύμεν
828 1433 955 1515 Ἕκτωρ,

147 1536 212 1598 ἀλλ’
229 1539 305 1603 ὅσον
319 1540 351 1603 ἐς
366 1534 479 1603 Σκαιάς
493 1560 527 1600 τε
541 1536 641 1602 πύλας
656 1535 706 1600 καὶ
725 1537 825 1620 φηγδυ
840 1540 951 1601 ίκαυεν·

146 1639 216 1703 ἔνθα
231 1641 297 1705 ποτ’
313 1640 379 1703 οῖον
394 1639 508 1718 ἔμιμνε,
524 1637 613 1722 μόγις
628 1638 663 1702 δέ
676 1663 733 1719 μευ
748 1640 880 1722 ἔκφυγεν
896 1635 999 1720 όρμήυ.
1038 1665 1085 1715 355

147 1749 196 1808 νῦν
213 1743 237 1806 δ’
255 1744 322 1807 ἐπεὶ
337 1743 390 1806 οὐκ
406 1740 501 1806 ἐθέλω
517 1740 717 1822 πολεμιζέμεν
727 1741 851 1824 Ἕκτορι
867 1743 929 1829 δίφ,

147 1847 246 1926 αύριον
263 1849 312 1927 ίρά
328 1845 380 1910 Διὶ
394 1842 484 1930 ῥέξας
499 1847 549 1909 καὶ
564 1849 642 1909 πᾶσι
657 1847 765 1919 θεοῖσι,

146 1949 259 2028 νηήσας
276 1951 308 2014 εῖν
322 1952 404 2028 νῆας,
420 1947 497 2027 ἐπήν
515 1947 611 2014 ἅλαδε
626 1947 815 2030 προερύσσω,

148 2055 247 2134 ὄψεαι,
262 2049 300 2132 ἢν
315 2050 468 2138 ἐθέλῃσθα
483 2053 533 2116 καὶ
549 2053 582 2116 αί
596 2049 646 2116 κέν
661 2075 707 2114 τοι
722 2051 759 2115 τὰ
773 2048 903 2136 μεμήλῃ,

147 2154 194 2237 ήρι
207 2155 278 2236 μάλ’
294 2153 527 2233 Ἑλλήσποντον
543 2154 589 2218 ἔπ’
607 2154 766 2237 ἰχθυόεντα
781 2153 934 2218 πλεούσας
1038 2167 1087 2227 360

148 2262 218 2336 νῆας
232 2257 315 2338 ἐμάς,
332 2260 365 2322 ἐν
378 2257 407 2322 δ’
420 2257 530 2340 ἄνδρας
545 2256 743 2339 ἐρεσσέμεναι
757 2261 924 2336 μεμαῶτας·

148 2364 173 2424 εί
187 2361 221 2425 δέ
234 2385 287 2425 κεν
302 2360 447 2439 εὐπλοίην
461 2359 523 2447 δόῃ
539 2360 647 2427 κλυτδς
662 2362 860 2444 ἐννοσίγαιος,

146 2463 235 2543 ήματί
250 2490 283 2529 κε
297 2462 424 2549 τριτάτῳ
440 2465 539 2543 Φθίην
554 2465 706 2546 ἐρίβωλον
720 2464 849 2542 ίκοίμηυ.

148 2568 211 2631 ἔστι
226 2568 260 2632 δέ
274 2593 326 2647 μοι
340 2566 424 2648 μάλα
438 2567 551 2641 πολλά,
567 2571 605 2631 τά
621 2566 771 2633 κάλλιπον
786 2566 893 2632 ἐνθάδε
909 2569 1010 2650 ἔρρων·

147 2673 242 2735 ἄλλον
257 2671 282 2735 δ’
301 2669 421 2736 ἐνθένδε
435 2670 550 2753 χρυσὸν
566 2672 615 2736 καὶ
630 2671 748 2755 χαλκδυ
764 2669 887 2752 ἐρυθρὸν
1039 2683 1086 2745 365

147 2774 198 2853 ήδέ
211 2778 354 2857 γυναῖκας
370 2774 514 2851 ἐϋζώνους
529 2776 640 2838 πολιόν
657 2795 691 2838 τε
707 2776 831 2855 σίδηρον

148 2876 265 2958 ἄξομαι,
281 2874 354 2940 ἀσσ’
371 2877 486 2960 ἔλαχόν
499 2897 546 2960 γε·
569 2875 660 2959 γέρας
674 2875 708 2941 δέ
722 2902 783 2958 μοι,
801 2879 834 2943 ὅς
848 2901 904 2959 περ
921 2877 1039 2949 ἔδωκεν,

148 2982 227 3047 αὖτις
243 2980 417 3062 ἐφυβρίζων
433 2979 520 3044 έλετυ
537 2981 642 3062 κρείων
655 2979 853 3062 Ἀγαμέμνων

147 3082 310 3166 Ἀτρείδης·
333 3085 375 3167 τῷ
390 3081 476 3148 πάντ’
493 3082 682 3166 ἀγορευέμεν,
698 3083 738 3149 ὣς
753 3081 913 3157 ἐπιτέλλω,

150 3188 297 3269 ἀμφαδόν,
314 3188 395 3268 ὄφρα
411 3187 460 3250 καί
475 3185 567 3251 άλλοι
584 3187 800 3265 ἐπισκύζωνται
814 3186 947 3269 Ἀχαιοί,
1040 3212 1090 3265 370

151 3293 177 3355 εἴ
189 3289 256 3355 τινά
269 3313 327 3353 που
344 3293 473 3353 Δαναῶν
489 3287 533 3354 ἔτι
549 3290 673 3354 ἔλπεται
689 3285 903 3368 ἐξαπατήσειν,

149 3395 212 3457 αἰὲν
227 3392 380 3471 ἀναιδείην
395 3390 574 3472 ἐπιειμένος·
598 3393 658 3456 οὐδ’
675 3391 713 3455 ἀν
728 3391 832 3474 ἔμοιγε

148 3495 268 3574 τετλαίη
285 3493 389 3560 κύνεός
403 3517 460 3576 περ
476 3494 534 3558 έδν
551 3495 593 3559 είς
609 3491 676 3557 ὦπα
692 3493 821 3557 ίδέσθαι·

149 3596 216 3660 ούδέ
231 3596 262 3659 τί
276 3598 305 3660 οί
320 3598 438 3676 βουλάς
454 3596 704 3678 συμφράσσομαι,
720 3594 790 3660 οὐδὲ
804 3599 860 3675 μέυ
876 3597 973 3680 ἔργον·

149 3701 179 3760 ἐκ
196 3700 255 3780 γάρ
270 3697 307 3776 δή
323 3698 353 3778 μ’
368 3697 506 3777 ἀπάτησε
522 3699 572 3762 καὶ
586 3697 699 3776 ήλιτεν·
724 3699 784 3763 οὐδ’
800 3698 839 3762 δν
854 3697 894 3762 ἔτ’
910 3699 991 3764 αῖιτις
1041 3721 1088 3771 ὅτε,
