2848 4296
516 333 565 399 18.
588 338 760 399 ΙΛΙΑΔΟΣ
784 339 818 401 Σ.
1073 336 1136 423 383

189 502 287 568 ἀλλον
303 504 378 582 ζωόν
394 503 509 588 ἔχουσα
524 505 694 580 νεούτατον,
710 505 810 572 ἀλλον
824 505 940 584 ἄουτον,

189 606 286 672 ἀλλον
300 612 454 684 τεθνηῶτα
470 610 545 673 κατά
558 609 654 690 μόθον
670 608 742 674 ἕλκε
756 613 884 676 ποδοῖιν·

190 711 258 789 εῖμα
273 709 299 776 δ’
317 709 363 795 ἔχ’
378 708 454 793 ἀμφ’
470 713 580 792 ὤμοισι
595 711 758 794 δαφοινεὸν
773 717 877 793 αἵματι
892 720 1012 795 φυτῶν.

191 812 319 892 ὡμίλευν
334 814 360 878 δ’
377 817 417 881 ὥς
432 840 465 896 τε
481 816 550 893 ζωοὶ
565 816 673 896 βροτοὶ
688 814 733 894 ἠδ’
750 814 908 899 ἐμάχοντο,

191 917 309 997 νεκρούς
324 917 349 981 τ’
366 915 511 997 ἀλλήλων
527 921 881 1000 ἐρυον,κατατεθνηιῖτας.
1087 945 1143 1002 κιο

231 1020 286 1086 Ἐν
301 1021 326 1085 δ’
343 1023 435 1087 ἐτίθει
451 1021 532 1088 νειδυ
545 1021 695 1103 μαλακήν,
710 1024 831 1105 πίειραν
846 1024 983 1106 ἄρουραν,

192 1123 306 1205 εὗρεῖαν
320 1128 474 1206 τρίπολον·
496 1124 609 1190 πολλοὶ
624 1123 649 1190 δ’
666 1128 808 1208 ἀοοτῆρες
819 1130 853 1192 ἐν
867 1128 940 1216 αὐτῇ

193 1229 295 1312 ζεύγεα
310 1229 476 1296 δινεύοντες
490 1229 658 1311 ἐλάστρεον
673 1230 746 1294 ἔνθα
761 1232 811 1296 καὶ
828 1231 909 1296 ἔνθα

192 1335 220 1396 οί
236 1330 262 1396 δ’
278 1334 369 1398 ὁπότε
384 1332 572 1415 στρέψαντες
587 1335 705 1399 ἱκοίατο
719 1334 833 1399 τέλσον
847 1333 981 1418 ἀρούρης,

191 1441 271 1499 τοῖσι
286 1435 310 1499 δ’
327 1436 419 1500 ἔπειτ’
436 1438 470 1500 ἐν
484 1436 686 1518 χερσέδέπας
699 1438 858 1517 μελιηδέος
873 1442 959 1503 οἴνου
1088 1464 1136 1516 5⁴⁵

191 1539 300 1602 δόσκεν
315 1539 390 1621 ἀνὴρ
404 1540 508 1604 ἐπιόν·
531 1541 577 1604 τοὶ
596 1541 630 1604 δέ
646 1540 843 1628 στρέψασκον
858 1542 903 1607 ἀν’
921 1543 1042 1624 ὄγμους,

155 1715 157 1717 ,
193 1640 303 1721 ἱέμενοι
319 1647 412 1706 νειοῖο
426 1645 556 1724 βαθείης
570 1643 684 1709 τέλσον
699 1643 828 1726 ίκέσθαι.

191 1743 209 1823 ἦ
224 1748 257 1808 δέ
271 1748 423 1824 μελαίνετ’
439 1748 576 1825 ὄπισθεν,
592 1748 760 1835 ἀρηρομένῃ
775 1752 808 1813 δὲ
823 1747 920 1833 ἐφκει,

191 1851 316 1931 χρυσείη
332 1876 388 1932 περ
404 1852 505 1916 ἐοῦσα·
529 1851 564 1914 τδ
578 1851 616 1930 δή
631 1850 699 1933 περὶ
715 1856 812 1932 θαῦμα
831 1851 963 1916 τέτυκτο.

233 1953 289 2016 Ἐν
304 1952 329 2017 δ’
345 1955 438 2018 ἐτίθει
453 1951 576 2034 τέμενος
591 1953 769 2036 βασιλήϊον·
793 1955 908 2020 ἔνθαδ’
924 1955 1019 2038 έριθοι
1088 1981 1138 2033 550

191 2053 275 2136 ἤμων
289 2055 390 2136 ὀξείας
406 2057 555 2140 δρεπάνας
570 2060 604 2122 ἐν
621 2060 730 2141 χερσὶν
746 2059 877 2142 ἔχοντες.

193 2159 346 2244 δράγματα
361 2161 385 2225 δ’
406 2162 489 2225 ἀλλα
501 2161 566 2241 μετ’
587 2163 681 2246 ὄγμον
697 2161 845 2244 ἐπήτριμα
859 2167 972 2228 πῖπτον
986 2163 1083 2244 ἔραζε,

192 2263 273 2328 ἀλλα
288 2265 313 2328 δ’
330 2267 574 2347 ἀμαλλοδετῆρες
590 2268 623 2330 ἐν
640 2269 835 2332 ἐλλεδανοῖσι
850 2265 1009 2436 δέονταί

192 2373 270 2449 τρεῖς
285 2365 311 2432 δ’
327 2368 373 2451 ἀρ’
389 2371 632 2451 ἀμαλλοδετῆρες
648 2369 836 2452 ἐφέστασαν·
861 2371 953 2451 αύτδρ
1011 2377 1079 2438 ισθε

192 2477 295 2539 παῖδες
310 2473 534 2556 δραγμεύοντες,
552 2477 584 2538 ἐν
598 2475 801 2556 ἀγκαλίδεσσι
816 2473 969 2556 φέροντες,
1089 2501 1136 2553 555

193 2575 344 2660 ἀσπερχὲς
359 2575 502 2660 πάρεχον·
524 2575 676 2657 βασιλεὺς
694 2575 721 2642 δ’
737 2580 770 2644 ἐν
785 2583 867 2642 τοῖσι
883 2581 983 2665 σιωπή

193 2683 345 2761 σκῆπτρον
363 2680 443 2763 ἔχων
457 2679 580 2759 ἑστήκει
595 2680 640 2746 ἐπ’
659 2683 753 2764 ὄγμου
766 2684 935 2764 γηθόσυνος
951 2687 1014 2764 κῆρ.

192 2782 314 2865 κήρυκες
329 2782 354 2847 δ’
374 2781 541 2864 ἀπάνευθεν
558 2784 616 2848 ύπδ
634 2785 700 2865 δμυέ
713 2790 801 2849 δαῖτα
816 2785 953 2859 πένοντο,

191 2892 269 2966 βοῦν
286 2886 311 2952 δ’
330 2886 519 2968 ἱερεύσαντες
532 2886 629 2970 μέγαν
644 2888 795 2970 ἄμφεπον·
818 2892 849 2953 αῖ
867 2890 900 2954 δὲ
914 2895 1054 2973 γυναῖκες

192 2993 312 3055 δεῖπνον
327 2991 475 3072 ἐρίθοισιν
489 2989 570 3056 λεύκ’
583 2991 701 3072 ἀλφιτο
713 2992 818 3056 πολλὰ
832 2991 976 3058 πάλυνον
1088 3008 1137 3070 ⁵⁶0

234 3092 287 3159 Ἐν
302 3094 328 3158 δ’
345 3095 438 3158 ἐτίθει
454 3095 634 3180 σταφυλῇσι
648 3095 727 3178 μέγα
740 3098 910 3178 βρίθουσαν
925 3096 1029 3176 ἀλωὴν

192 3198 286 3278 καλὴν
303 3199 458 3280 χρυσείην·
481 3197 611 3278 μέλανες
627 3198 652 3262 δ’
669 3200 727 3262 ἀνδ
741 3202 869 3279 βότρυες
882 3198 972 3279 ήσαν,

191 3301 310 3382 ἑστήκει
325 3304 358 3366 δὲ
375 3300 483 3383 κάμαξι
499 3304 660 3384 διαμπερὲς
675 3303 866 3390 ἀργυρέῃσιν.

191 3407 267 3488 ἀμφὶ
283 3408 315 3470 δὲ
331 3405 458 3485 κυανέην
474 3405 612 3482 κάπετον,
630 3408 698 3488 περὶ
713 3405 741 3471 δ’
757 3408 843 3489 ἐρκος
857 3407 975 3473 ἔλασσε

190 3509 380 3593 κασσιτέρου·
403 3511 458 3592 μία
473 3507 499 3574 δ’
515 3513 563 3588 οίη
579 3509 742 3591 ἀταρπιτὸς
756 3509 809 3590 ήεν
824 3509 871 3576 ἐπ’
885 3509 989 3591 αὐτήν,
1087 3525 1135 3589 5⁶5

191 3613 225 3698 τῇ
241 3613 365 3675 νίσοντο
382 3615 504 3691 φορῆες,
521 3612 570 3676 ὅτε
587 3616 738 3698 τρυγόῳεν
753 3613 862 3694 ἀλωήν.

190 3714 366 3797 παρθενικαὶ
381 3718 414 3780 δέ
431 3715 479 3780 καὶ
494 3714 591 3794 ἠίθεοι
605 3717 704 3782 ἀταλὰ
718 3717 897 3798 φρονέοντες
985 3797 988 3802 1
