2848 4296
529 339 578 404 19·
603 325 773 384 ιλιΑΔοΣ
796 327 833 386 π.
1076 349 1139 414 393

200 493 250 558 “a
267 491 400 577 Ἀχιλεῦ,
417 491 540 572 Πηλέος
556 493 612 570 υἱέ,
628 493 706 577 μέγα
720 494 843 576 φέρτατ’
859 491 1001 577 Ἀχαιῶν,
1095 507 1143 556 216

202 599 355 679 κρείσσων
370 597 413 664 είς
429 597 536 678 ἐμέθεν
552 599 601 661 καὶ
617 597 761 679 φέρτερος
777 598 829 661 οὐκ
846 599 951 680 ὀλίγον
967 623 1022 679 περ

198 703 292 784 ἔγχει,
310 701 368 783 ἐγὼ
385 699 420 765 δέ
435 727 468 764 κε
484 706 551 764 σεῖο
568 698 695 780 νοήματί
710 728 745 783 γε
762 703 975 782 προβαλοίμην

198 805 325 879 πολλόν,
343 803 410 868 ἐπεὶ
426 805 570 885 πρότερος
585 806 717 886 γενόμην
733 807 782 868 καὶ
798 807 926 870 πλείονα
941 805 1017 868 οἶδα.

197 911 238 992 τῷ
253 934 300 972 τοι
317 905 468 986 ἐπιτλήτω
486 909 590 989 κραδίη
607 909 748 987 μύθοισιν
764 913 891 988 ἐμοῖσιν.

198 1011 277 1094 αἶψά
293 1039 325 1076 τε
341 1012 512 1093 φυλόπιδος
530 1011 657 1077 πέλεται
673 1015 760 1094 κόρος
776 1013 991 1094 ἀνθρώποισιν,

198 1116 232 1194 ῆς
248 1140 280 1180 τε
296 1116 444 1194 πλείστην
457 1119 512 1194 μὲν
530 1115 668 1196 καλάμην
683 1115 773 1198 χθονὶ
788 1115 904 1198 χαλκὸς
921 1115 1034 1198 έχενεν,

198 1203 309 1299 άμητος
325 1219 349 1284 δ’
367 1221 533 1301 ὀλίγιστος,
553 1220 629 1298 ἐπὴν
646 1223 767 1307 κλίνῃσι
783 1219 916 1282 τάλαντα

199 1322 281 1396 Ζεύς,
299 1322 331 1387 ὅς
347 1321 371 1384 τ’
389 1323 555 1403 ἀνθρώπων
571 1324 677 1403 ταμίης
693 1322 840 1401 πολέμοιο
855 1321 1000 1385 τέτυκται.

198 1424 322 1507 γαστέρι
338 1424 364 1488 δ’
381 1426 415 1488 ού
430 1452 494 1492 πως
511 1427 578 1490 ἐστι
595 1426 682 1491 νέκυν
699 1430 848 1504 πενθῆσαι
863 1425 1016 1507 Ἀχαιούς·
1099 1451 1145 1500 ²²5

92 1589 94 1593 .
198 1528 270 1607 λίην
283 1530 341 1612 γάρ
358 1529 469 1594 πολλοὶ
487 1531 535 1594 καὶ
552 1529 709 1611 ἐπήτριμοι
724 1528 824 1609 ἤματα
840 1528 938 1594 πάντα

199 1633 370 1698 πίπτουσιν·
403 1636 477 1698 πότε
495 1634 546 1700 κέν
562 1660 607 1700 τις
623 1634 823 1700 ἀναπνεύσειε
839 1634 945 1698 πόνοιο
961 1659 972 1708 ‚·

199 1735 281 1798 ἀλλὰ
295 1737 353 1820 χρὴ
370 1737 423 1802 τδν
438 1740 492 1814 μὲν
508 1736 710 1802 καταθάπτειν
726 1739 759 1804 ὅς
775 1764 808 1801 κε
824 1736 943 1824 θάνῃσι,

200 1841 295 1920 νηλέα
310 1846 403 1920 θυμὸν
421 1843 557 1924 ἔχοντας,
576 1841 622 1906 ἐπ’
639 1841 729 1920 ἤματι
746 1843 959 1923 δακρύσαντας·

199 1945 291 2009 ὀσσοι
306 1943 331 2008 δ’
348 1944 386 2009 ἂν
402 1945 550 2025 πολέμοιο
567 1946 635 2026 περὶ
651 1950 809 2027 στυγεροῖο
825 1947 984 2018 λίπωνται,
1098 1969 1146 2017 230

199 2052 368 2128 μεμνῆσθαι
383 2050 494 2115 πόσιος
510 2051 559 2112 καὶ
576 2049 706 2127 ἐδητύος,
724 2049 791 2130 ὄφρ’
813 2049 857 2113 ἐτι
872 2052 992 2128 μᾶλλον

201 2150 325 2246 ἀνδράσι
341 2151 543 2231 δυσμενέεσσι
559 2153 725 2235 μαχόμεθα
742 2154 874 2230 νωλεμὲς
891 2153 958 2228 αἰεί,

200 2253 364 2334 ἑσσάμενοι
378 2255 449 2338 χροὶ
463 2261 581 2338 χαλκὸν
598 2255 725 2336 ἀτειρέα.
770 2253 845 2334 μηδέ
860 2280 905 2320 τις
920 2254 1020 2332 άλλην

199 2364 282 2424 λαῶν,
297 2359 438 2440 ὀτρυντὺν
450 2359 670 2442 Ιποτιδέγμενος
684 2359 893 2443 ἰσχαναάσθω·

200 2462 252 2539 ἥδε
266 2465 325 2545 γδρ
339 2463 477 2544 ὀτρυντὺς
494 2463 585 2527 κακὸν
602 2464 728 2528 ἔσσεται
744 2465 777 2529 ὅς
793 2489 826 2527 κε
840 2466 966 2541 λίπηται
1100 2487 1146 2537 235

202 2567 306 2643 νηυσὶν
322 2566 368 2629 ἐπ’
380 2565 539 2649 ,Ἀργείων
572 2565 643 2628 ἀλλ’
658 2568 762 2648 άθρόοι
780 2564 958 2647 ὁρμηθέντες
1032 2569 1034 2574 ’

200 2669 319 2748 Τρωσὶν
335 2668 385 2751 ἐφ’
403 2670 622 2751 ἱπποδάμοισιν
639 2672 794 2753 ἐγείρομεν
810 2671 883 2749 ὀξὺν
895 2666 1023 2750 Ἀρηα.”

201 2758 203 2762 ’
241 2771 296 2848 Ἦ,
312 2775 361 2838 καὶ
377 2773 532 2855 Νέστορος
548 2777 616 2840 υίας
632 2774 792 2838 ὀπάσσατο
810 2775 994 2852 κυδαλίμοιο,

202 2875 352 2954 Φυλεΐδην
367 2903 399 2940 τε
416 2877 543 2960 Μέγητα
562 2877 687 2942 Θόαντά
702 2904 736 2941 τε
752 2879 911 2959 Μηριόνην
926 2902 959 2940 τε

202 2983 249 3044 καὶ
266 2983 480 3064 Κρειοντιάδην
496 2983 675 3062 Λυκομήδεα
691 2982 739 3046 καὶ
756 2981 971 3047 Μελάνιππον·

200 3087 262 3162 βὰν
277 3087 301 3149 δ’
319 3089 385 3166 ἴμεν
402 3090 432 3152 ἐς
448 3089 571 3165 κλισίην
589 3084 789 3169 Ἀγαμένονος
803 3085 971 3168 Ἀτρείδαο.

202 3187 295 3252 αὐτίκ’
312 3188 407 3254 ἔπειθ’
424 3191 485 3270 άμα
500 3197 592 3271 μῦθος
609 3193 671 3271 ἔην,
688 3191 848 3255 τετέλεστο
865 3193 897 3254 δέ
913 3191 1012 3271 ἔργον·

201 3295 274 3356 ἐπτδ
291 3294 347 3374 μὲν
363 3297 395 3358 ἐκ
414 3298 536 3374 κλισίης
551 3297 692 3377 τρίποδας
709 3295 812 3376 φέρον,
830 3295 879 3360 ούς
896 3297 924 3356 οἱ
941 3292 1065 3372 ὑπέστη,

201 3399 330 3464 αἴθωνας
345 3400 378 3463 δέ
393 3400 530 3480 λέβητας
547 3400 668 3474 ἐείκοσι,
687 3399 801 3462 δόδεκα
816 3397 841 3461 δ’
859 3399 976 3463 ίτιπους·

201 3503 233 3564 ἐκ
248 3503 273 3565 δ’
292 3504 367 3586 άγον
383 3504 463 3586 αἶψα
478 3508 620 3586 γυναῖκας
637 3502 772 3582 άμύμονα
788 3502 861 3583 ἔργα
877 3501 972 3566 ἰδυίας
1100 3525 1145 3574 ²⁴5

202 3606 276 3686 ἕπτ’,
294 3609 369 3691 άτδρ
385 3608 534 3690 ὀγδοάτην
550 3605 697 3688 Βρισηίδα
713 3605 929 3691 καλλιπάρῃον.

201 3721 317 3797 χρυσοῦ
333 3717 366 3778 δέ
382 3711 498 3792 στήσας
515 3711 660 3778 Ὀδυσεὺς
675 3710 747 3776 δέκα
762 3709 859 3774 πάντα
875 3708 1009 3774 τάλαντα

656 3813 714 3884 03
