2788 4230
275 355 336 415 812
578 351 625 415 18.
649 353 882 413 ΟΔΎΣΣΕΙΑΣ
905 354 939 412 Σ.

273 528 313 610 τῷ
331 525 363 588 κέ
376 523 406 600 μ’
421 526 504 599 ἴδοις,
521 525 547 588 εἰ
562 521 646 586 ὦλκα
661 522 798 602 διηνεκέα
813 523 1024 606 προταμοίμην.
1174 544 1227 597 375

274 631 299 691 εἰ
319 627 342 691 δ’
360 627 397 690 αδ
412 629 461 690 καὶ
476 626 612 704 πόλεμόν
626 631 720 690 ποθεν
735 626 877 707 ὁρμήσειε
892 627 1027 707 Κρονίων

274 730 413 813 σήμερον,
430 728 521 812 αὐτὰρ
538 731 604 810 ἐμοὶ
620 731 710 796 σάκος
729 731 774 806 είη
792 731 841 792 καὶ
857 729 909 793 δύο
924 733 1011 811 δοῦρε

274 833 321 898 καὶ
338 834 424 910 κυνέη
440 833 627 916 πάγχαλκος,
645 830 694 897 έπὶ
712 831 873 914 κροτάφοις
889 834 1021 913 ἀραρυῖα,

273 939 313 1022 τῷ
331 937 364 1002 κέ
378 936 408 1016 μ’
425 940 501 1003 ἴδοις
516 937 680 1018 πρώτοισιν
696 937 741 998 ἐνὶ
756 935 942 1016 προμάχοισι
956 937 1089 1019 μιγέντα,

273 1041 333 1105 οὐδ’
349 1041 385 1104 ἄν
400 1066 451 1121 μοι
466 1041 521 1119 τὴν
537 1039 654 1123 γαστέρ’
671 1040 825 1117 ὀνειδίζων
840 1040 1004 1121 ἀγορεύοις.
1172 1053 1224 1114 380

273 1146 354 1207 ἀλλὰ
368 1142 438 1222 μάλ’
454 1143 587 1223 ὑβρίζεις
602 1144 654 1205 καί
667 1167 713 1205 τοι
728 1142 796 1208 νόος
812 1143 897 1206 ἐστὶν
913 1141 1039 1221 ἀπηνής·

273 1250 324 1312 καί
336 1247 395 1311 πού
410 1273 455 1312 τις
471 1245 584 1312 δοκέεις
599 1246 692 1328 μέγας
709 1246 833 1325 ἔμμεναι
849 1245 901 1324 ἠδὲ
920 1247 1068 1326 κραταιός,

269 1353 379 1416 ὀὕνεκα
394 1351 455 1430 πὰρ
471 1350 613 1430 παύροισι
630 1351 678 1412 καὶ
695 1350 744 1413 οιίκ
761 1350 923 1431 ἀγαθοῖσιν
939 1351 1063 1430 ὁμιλεῖς.

271 1457 298 1518 εἰ
314 1455 339 1518 δ’
354 1454 499 1518 Ὀδυσεὺς
514 1455 599 1518 ἔλθοι
616 1452 664 1517 καὶ
679 1452 763 1519 ἵκοιτ’
779 1456 809 1519 ές
824 1455 950 1534 πατρίδα
964 1458 1062 1535 γαῖαν,

271 1557 350 1639 αἶψά
367 1558 399 1622 κέ
413 1583 460 1621 τοι
475 1561 512 1621 τὰ
528 1558 662 1638 θύρετρα,
681 1559 728 1621 καὶ
745 1556 830 1638 εὐρέα
846 1583 902 1638 περ
918 1554 988 1635 μάλ’
1004 1557 1102 1634 ἐόντα,
1171 1571 1221 1632 385

271 1662 416 1744 φεύγοντι
433 1661 582 1725 στείνοιτο
600 1664 662 1724 διὲκ
677 1661 837 1742 προθύροιο
854 1657 987 1740 θύραζε.”

307 1763 370 1830 Ὣς
386 1764 482 1845 ἔφατ’,
498 1764 675 1848 Εὐρύμαχος
690 1764 714 1828 δ’
733 1766 910 1846 ἐχολώσατο
926 1765 1029 1845 κηρόθι
1046 1768 1174 1846 μᾶλλον,

271 1869 321 1930 καί
334 1894 385 1948 μιν
400 1870 514 1951 ὑπόδρα
529 1870 601 1931 ίδὼν
617 1870 692 1934 ἔπεα
709 1869 874 1949 πτερόεντα
888 1869 1053 1949 προσηύδα·

270 1973 317 2034 “a
333 1971 418 2046 δείλ’,
434 1971 453 2051 ή
468 1971 547 2055 τάχα
563 1997 609 2036 τοι
625 1971 719 2036 τελέω
736 1975 836 2051 κακόν,
854 1973 891 2036 σί
906 1973 1061 2055 ἀγορεύεις

271 2077 446 2156 θαρσαλέως
462 2081 609 2140 πολλοῖσι
624 2077 688 2156 μετ’
705 2077 859 2157 ἀνδράσιν,
875 2075 943 2141 οὐδέ
958 2101 988 2139 τι
1003 2077 1084 2161 θυμῷ
1167 2103 1220 2156 390

269 2185 402 2260 ταρβεῖς·
431 2179 449 2260 ή
464 2181 502 2263 ῥά
518 2207 554 2244 σε
570 2180 651 2246 οἶνος
667 2181 731 2262 ἔχει
748 2180 869 2261 φρένας,
884 2179 904 2258 ἥ
919 2182 954 2244 νύ
969 2205 1014 2244 τοι
1029 2182 1089 2244 αίεὶ

270 2289 402 2350 τοιοῦτος
419 2284 487 2349 νόος
503 2286 596 2360 ἐστίν,
614 2283 630 2346 δ
647 2282 693 2346 καὶ
709 2285 880 2364 μεταμώνια
894 2283 1009 2364 βάζεις.

272 2385 305 2474 [ἦ
321 2389 432 2464 ἀλύεις,
448 2389 494 2450 ὅτι
507 2385 588 2468 Ἶρον
603 2389 743 2466 ἐνίκησας
759 2387 811 2451 τδν
826 2385 940 2467 ἀλήτην
948 2384 975 2474 3]
983 2385 999 2411 ”

305 2490 370 2556 Ὦς
385 2493 441 2570 ἄρα
458 2493 603 2571 φωνήσας
613 2491 733 2572 σφέλας
749 2491 894 2572 ἔλλαβεν·
917 2491 1008 2572 αὐτὰρ
1020 2490 1187 2558 Ὀδυσσεὺς

269 2595 461 2676 Ἀμφινόμου
476 2595 549 2676 πρδς
566 2601 659 2677 γοῦνα
675 2595 814 2672 καθέζετο
832 2596 1022 2679 Δουλιχιῆος,
1167 2623 1216 2673 39⁵

270 2699 447 2780 Εὐρύμαχον
464 2701 576 2764 δείσας·
605 2701 621 2761 ὁ
637 2699 663 2762 δ’
678 2697 723 2781 ἄρ’
740 2700 879 2782 οἰνοχόον
893 2699 974 2779 βάλε
989 2704 1078 2782 χεῖρα

272 2802 434 2885 δεξιτερήν·
463 2805 595 2886 πρόχοος
611 2806 644 2866 δὲ
660 2800 754 2886 χαμαὶ
769 2803 913 2882 βόμβησε
930 2806 1076 2878 πεσοῦσα,

268 2905 359 2987 αὐτὰρ
377 2908 393 2969 ὁ
408 2905 437 2988 γ’
451 2905 581 2984 οἰμώξας
597 2907 690 2971 πέσεν
705 2907 808 2972 ὕπτιος
824 2909 857 2971 έν
872 2908 998 2992 κονίῃσι.

267 3012 435 3091 μνηστῆρες
451 3007 476 3073 δ’
492 3010 648 3090 ὁμάδησαν
663 3011 721 3073 ἀνὰ
735 3010 851 3093 μέγαρα
868 3011 1016 3088 σκιόεντα,

268 3115 324 3176 ὧδε
343 3116 378 3178 δέ
391 3139 436 3180 τις
452 3115 593 3178 είπεσκεν
609 3115 681 3177 ίδδιν
695 3114 727 3178 ές
742 3113 875 3193 πλησίον
890 3113 996 3194 ἀλλον·
1164 3145 1217 3193 400

268 3220 284 3249 “
295 3214 353 3279 αἵθ’
370 3216 486 3297 ὤφελλ’
503 3220 519 3280 ὁ
535 3213 633 3295 ξεῖνος
650 3217 802 3296 ἀλώμενος
818 3217 926 3281 ἄλλοθ’
943 3217 1070 3282 ὀλέσθαι

268 3320 338 3399 πρὶν
353 3322 464 3385 ἐλθεῖν·
497 3323 536 3405 τῷ
554 3319 579 3384 κ’
596 3321 673 3384 οὔτι
689 3323 780 3386 τόσον
796 3321 923 3385 κέλαδον
936 3321 1091 3402 μετέθηκε.

268 3428 319 3488 νῦν
335 3427 367 3487 δὲ
383 3427 450 3506 περὶ
466 3431 594 3508 πτωχῶν
609 3426 802 3505 ἐριδαίνομεν,
819 3425 886 3490 ούδέ
900 3451 927 3488 τι
944 3431 1042 3492 δαιτδς

268 3529 380 3605 έσθλῆς
396 3528 521 3593 ἔσσεται
538 3527 616 3608 ήδος,
634 3525 699 3593 ἐπεὶ
715 3533 752 3592 τδι
766 3530 904 3612 χερείονα
919 3530 1015 3612 νικᾷ.”

310 3637 400 3696 Τοῖσι
415 3635 448 3696 δε
464 3635 512 3695 καὶ
526 3631 659 3714 μετέειφ’
675 3633 739 3714 ίερδ
752 3633 782 3698 ἲς
797 3632 1001 3715 Τηλεμάχοιο·
1163 3661 1214 3712 405

270 3744 288 3771 “
298 3737 452 3817 δαιμόνιοι,
466 3735 609 3810 μαίνεσθε
626 3733 673 3798 καί
689 3735 787 3798 οθκέτι
803 3735 921 3798 κεύθετε
938 3736 1019 3820 θυμῷ
