2908 4232
305 307 369 390 558
603 323 635 383 4.
659 308 893 369 οατνννικν
924 309 961 368 α

305 481 407 542 είδαπο
422 477 513 542 πόλλ’
530 480 676 554 ἐπιθεῖσα,
692 475 869 559 χαριζομένη
885 476 1067 555 παρεόντων.

307 578 440 668 [δαιτρός
455 585 488 645 δὲ
506 586 613 661 κρειῶν·
625 581 752 646 πίνακας
766 580 934 661 παρέθηκεν
949 580 1049 660 ἀείρας

304 686 463 760 παντοίων,
479 682 559 767 παρὰ
576 681 607 748 δέ
622 691 681 764 σφι
697 684 772 746 τίθει
786 683 915 766 χρύσεια
931 678 1090 769 κύπελλα]

304 790 346 851 τὼ
362 786 411 852 καί
427 788 612 866 δεικνύμενος
628 789 767 869 προσέφη
784 785 892 864 ξανθὸς
909 785 1075 852 Μενέλαος·

349 895 465 955 ’ίΣίτου
481 891 507 954 θ’
520 891 673 954 ἅπτεσθον
690 895 737 954 καὶ
753 891 902 974 χαίρετον.
934 889 1024 970 αὐτὰρ
1041 891 1143 953 ἔπειτα
1219 901 1253 951 60

305 997 430 1059 δείπνου·
441 995 624 1073 πασσαμένω
642 994 811 1075 εἰρησόμεθ’
829 995 860 1057 οἵ
873 994 951 1058 τινές
967 995 1057 1057 ἐστον

305 1101 430 1180 ἀνδρῶν’
462 1097 566 1181 οὐγὰρ
582 1100 671 1181 σφῷν
686 1123 722 1179 γε
737 1097 823 1179 γένος
839 1099 983 1160 ἀπόλωλε
998 1095 1122 1176 τοκήων,

305 1200 375 1266 ἀλλ’
393 1204 507 1282 ἀνδρῶν
522 1201 610 1284 γένος
626 1204 696 1263 ἐστὲ
713 1201 894 1282 διοτρεφέων
909 1198 1071 1278 βασιλήων

306 1305 513 1388 σκηπτούχων,
529 1301 596 1368 ἐπεί
611 1305 646 1367 ού
662 1330 696 1368 κε.
711 1306 795 1368 κακοὶ
811 1304 949 1368 τοιούσδε
964 1303 1105 1370 τέκοιεν.”

341 1407 405 1474 Ὣς
421 1408 510 1490 φάτο,
528 1410 578 1472 καί
593 1415 671 1484 σφιν
687 1415 765 1473 νῶτα
780 1409 859 1487 βοὸς-
871 1407 950 1488 παρὰ
966 1409 1055 1470 πίονα
1071 1411 1160 1486 θῆκεν
1220 1421 1252 1483 65

306 1511 371 1575 ὄπτ’
389 1514 422 1575 ἐν
437 1511 543 1595 χερσὶν
560 1513 647 1585 ἑλόν,
663 1511 701 1573 τά
714 1509 752 1593 ῥά
768 1513 800 1574 οἱ,
814 1510 886 1593 γέρα
903 1511 1059 1592 πάρθεσαν
1075 1512 1165 1596 αύτῷι

305 1617 335 1677 οἱ
351 1614 376 1678 δ’
394 1614 441 1678 ἐπ’
458 1613 569 1679 ὀνείαθ’
588 1618 690 1694 ἑτοῖμα
706 1616 884 1692 προκείμενα
899 1619 1003 1696 χεῖρας
1019 1617 1140 1678 ίαλλονι

304 1719 395 1798 αὐτὰρ
412 1715 477 1782 ἐπεὶ
493 1718 601 1784 πόσιος
618 1715 665 1780 καὶ
681 1717 802 1796 ἐδητύος
819 1716 854 1796 ἐξ
869 1717 936 1798 ἔρον
953 1718 1030 1792 έντο,

306 1822 342 1900 δή
359 1822 428 1886 τότε
443 1821 626 1904 Τηλέμαχος
642 1823 839 1901 προσεφώνεε
854 1820 1007 1902 Νέστορος
1022 1823 1101 1900 υίόν,

305 1927 378 2008 ἄγχι
398 1927 483 2008 σχὼν
500 1923 644 2004 κεφαλήν,
662 1925 710 1987 ίνα
725 1925 765 2005 μή
783 1923 935 1988 πευθοίαθ’
952 1927 981 1989 οἱ
999 1924 1100 1990 ἄλλοι·
1222 1949 1254 2000 70

350 2037 368 2063 ‘⁴
379 2028 504 2109 Φράζεο,
521 2029 701 2108 Νεστορίδη,
717 2029 757 2112 τῷ
770 2031 830 2114 ἐμῷ
848 2029 1046 2111 κεχαρισμένε
1062 2029 1153 2114 θυμῷ,

305 2136 421 2216 χαλκοῦ
440 2156 473 2195 τε
489 2132 641 2210 στεροπήν
656 2131 714 2195 κὰδ
726 2135 847 2211 δείματα
861 2131 1003 2216 ἠχήεντα,

305 2240 418 2318 χρυσοῦ
434 2234 459 2298 τ’
475 2233 623 2315 ἠλέκτρου
635 2260 668 2298 τε
684 2233 736 2298 καί.
750 2236 881 2317 ἀργύρου
892 2235 936 2313 ἠδ’
954 2236 1134 2317 ἐλέφαντος.

307 2340 402 2418 Ζηνός
418 2364 475 2402 που
490 2337 589 2416 τοιήδε
605 2336 633 2420 γ’
650 2337 818 2415 Ὀλυμπίου
834 2339 955 2403 ἔνδοθεν
971 2338 1056 2418 αύλή,

307 2441 466 2504 ὅσσατάδ’
483 2441 601 2504 άσπετα
617 2440 728 2504 πολλά·
753 2440 856 2513 ’σέβας
872 2442 902 2517 μ’
918 2440 1210 2524 έχειείσορόωντα.”’
1224 2465 1254 2518 75

349 2549 411 2607 Τοῦ
427 2546 452 2609 δ’
468 2544 663 2626 ἀγορεύοντος
679 2543 783 2622 ξύνετο
799 2543 907 2622 ξανθὸς
923 2544 1087 2622 Μενέλαος,

308 2650 359 2713 καί
375 2657 473 2730 σφεας
489 2647 634 2729 φωνήσας
650 2649 725 2711 ἔπεα
740 2647 901 2728 πτερόεντα
918 2649 1080 2729 προσηύδα·

351 2757 367 2784 “
378 2752 474 2816 Τέκνα
491 2752 571 2831 φίλ’,
584 2751 606 2831 ή
616 2778 663 2815 τοι
680 2750 755 2831 Ζηνὶ
770 2759 890 2832 βροτῶν
906 2752 959 2815 οὐκ
975 2751 1018 2816 ἂν
1028 2777 1074 2818 τις
1091 2753 1192 2834 ἐρίζοι·

308 2856 450 2920 ἀθάνατοι
466 2855 524 2938 γὰρ
539 2861 591 2920 τοῦ
606 2881 641 2934 γε
657 2856 742 2935 δόμοι
759 2853 811 2920 καὶ,
823 2854 944 2934 κτήματ’
962 2856 1059 2920 ἔασιν*

308 2961 422 3038 ἀνδρῶν
438 2960 463 3024 δ’
479 2959 498 3038 ἤ
515 2961 564 3025 κέν
580 2961 624 3026 τίς
641 2985 692 3038 μοι
708 2960 871 3041 ἐρίσσεται,
887 2961 922 3038 ήὲ
939 2962 987 3024 καὶ
1004 2961 1076 3036 οὐκί,
1222 2976 1255 3024 8ο
1300 2997 1303 3004 ·

309 3061 466 3141 κτήμασιν.
499 3063 589 3146 ἦγῖιρ
605 3066 708 3128 πολλὰ
727 3064 832 3127 παθὼν
849 3061 896 3126 καὶ
912 3063 1004 3127 πόλλ’
1022 3062 1182 3143 ἐπαληθεὶς

308 3163 464 3246 ἠγαγόμην
480 3169 512 3230 ἐν
527 3169 616 3245 νηυσὶ
633 3164 680 3229 καὶ
696 3167 828 3252 ὀγδοάτῳ
847 3168 904 3232 ἐτει
921 3167 1023 3247 ήλθον·

309 3268 431 3348 Κύπρον
447 3272 590 3349 Φοινίκην
606 3295 638 3335 τε
654 3268 702 3333 καὶ
719 3272 900 3353 Αἰγυπτίους
917 3274 1088 3350 ἐπαληθείς,

310 3370 457 3438 Αἰθίοπάς
473 3373 499 3435 θ’
518 3376 623 3453 ἱκόμην
639 3371 688 3437 καί
705 3377 857 3441 Σιδονίους
875 3377 923 3438 καὶ
938 3375 1105 3456 Ἐρεμβοὺς

310 3477 358 3538 καὶ
374 3476 501 3554 Λιβύην,
517 3478 566 3540 ἵνα
582 3478 607 3540 τ’
623 3477 711 3558 ἄρνες
725 3477 808 3560 ἄφαρ
824 3483 923 3559 κεραοὶ
939 3480 1105 3544 τελέθουσι.
1225 3496 1255 3557 8⁵

310 3577 371 3660 τρὶς
388 3578 445 3662 γὰρ
461 3581 553 3643 τίκτει
569 3584 652 3660 μῆλα
668 3584 858 3664 τελεσφόρον
874 3586 916 3648 είς
932 3585 1076 3649 ἐνιαυτόν.

311 3685 383 3747 ένθα
398 3686 454 3763 μὲν
470 3683 537 3746 οὔτε
552 3683 631 3762 άνοξ
644 3687 780 3764 ἐπιδευής
796 3688 862 3750 ούτε
876 3710 905 3750 τι
921 3687 1032 3768 ποιμήν
