2792 4232
230 371 293 437 344
546 359 593 424 17.
623 347 793 406 1A1AA02
818 347 849 406 Ρ.

226 516 376 579 παντοίων
392 514 518 595 ἀνέμων,
535 516 585 577 καί
600 539 633 577 τε
648 513 735 594 βρύει
752 513 837 578 ἀνθεῖ
850 514 958 597 λευκῷ·

227 619 326 682 ἐλθὼν
341 617 366 682 δ’
383 616 527 697 ἐξαπίνης
542 617 652 698 ἄνεμος
668 617 725 680 σὺν
739 617 870 680 λαίλαπι
886 619 988 702 πολλῇ

226 722 340 801 βόθρον
356 722 380 784 τ’
398 720 565 803 ἐξέστρεψε
581 723 630 784 καὶ
646 717 824 798 ἐξετάνυσσ’
840 721 891 784 ἐπὶ
905 712 992 806 γαίῃ·

227 830 309 887 τοῖον
325 824 448 888 Πάνθου
462 825 528 888 υἱὸν
544 825 708 904 ἐϋμμελίην
723 824 889 906 Εὔφορβον

228 926 382 1009 Ἀτρείδης
398 928 557 994 Μενέλαος
573 925 638 991 ἐπεὶ
655 925 754 1000 κτάνε,
770 927 866 1010 τεύχε’
884 927 989 991 ἐσύλα.

270 1031 327 1097 Ὡς
342 1031 366 1094 δ’
384 1033 434 1094 ὅτε
450 1033 495 1096 τίς
509 1057 543 1095 τε
557 1030 638 1094 λέων
653 1032 864 1112 ὀρεσίτροφος,
880 1032 952 1094 ἀλκὶ
968 1032 1129 1106 πεποιθώς,

227 1135 419 1217 βοσκομένης
435 1136 548 1218 ἀγέλης
563 1143 642 1217 βοῦν
657 1137 788 1224 ἁρπάσῃ,
804 1138 880 1216 ἥτις
896 1139 1014 1219 ἀρίστη·

229 1243 279 1317 τῆς
295 1241 319 1303 δ’
337 1240 373 1319 ἐξ
386 1241 486 1323 αὐχέν’
504 1240 574 1319 ἔαξε
591 1242 700 1320 λαβὸν
720 1245 908 1323 κρατεροῖσιν
924 1241 1028 1304 ὀδοῦσι

229 1350 356 1425 πρῶτον,
373 1345 477 1410 ἔπειτα
493 1344 526 1409 δέ
541 1345 567 1409 θ’
585 1347 659 1425 αίμα
675 1346 724 1408 καὶ
741 1344 852 1426 ἔγκατα
863 1342 963 1408 πάντα
977 1342 1134 1424 λαφύσσει

229 1453 318 1532 δῃῶν·
342 1447 419 1528 ἀμφὶ
435 1451 467 1512 δέ
483 1436 588 1531 τόνγε
604 1449 688 1514 κύνες
703 1447 728 1510 τ’
746 1447 851 1528 ἀνδρες
866 1474 899 1512 τε
915 1451 1022 1526 νομῆες
1146 1457 1177 1518 65

230 1550 332 1615 πολλὰ
347 1549 419 1630 μάλ’
437 1552 570 1628 ἰύζουσιν
586 1554 761 1634 ἀπόπροθεν
776 1552 835 1616 οὐδ’
852 1550 1013 1616 ἐθέλουσιν

230 1655 333 1716 ἀντίον
348 1653 515 1735 ἐλθέμεναι·
539 1657 624 1734 μάλα
640 1659 698 1738 γὰρ
714 1655 834 1737 χλωρὸν
849 1653 916 1719 δέος
932 1655 1018 1733 αἱρεῖ·

231 1759 269 1824 ὣς
284 1763 344 1821 τῶν
360 1759 394 1820 ού
408 1784 467 1822 τινι
483 1762 574 1838 θυμὸς
590 1761 635 1824 ἐυὶ
651 1757 820 1837 στήθεσσιν
835 1758 949 1835 ἐτόλμα

230 1864 331 1926 ἀντίον
347 1861 506 1942 ἐλθέμεναι
521 1861 683 1928 Μενελάου
700 1864 882 1942 κυδαλίμοιο.

231 1967 304 2030 ἔνθα
319 1993 352 2030 κε
366 1969 433 2048 ῥεῖα
450 1966 540 2047 φέροι
556 1969 650 2030 κλυτὰ
665 1966 774 2050 τεύχεα
789 1964 962 2030 Πανθοΐδαο

232 2068 395 2152 Ἀτρείδης,
413 2072 439 2133 εί
453 2068 495 2149 μή
511 2073 540 2132 οἱ
556 2069 715 2152 ἀγάσσατο
730 2074 847 2149 Φοῖβος
861 2069 1033 2140 Ἀπόλλων,

232 2177 264 2241 ὅς
278 2173 316 2257 ῥά
332 2175 361 2237 οί
373 2172 492 2256 Ἕκτορ’
510 2176 629 2254 ἐπῶρσε
648 2177 708 2258 θοῷ
725 2172 894 2238 ἀτάλαντον
906 2172 1006 2253 Ἄρηϊ,

232 2277 314 2361 ἀνέρι
331 2275 498 2357 εἰσάμενος,
516 2279 651 2342 Κικόνων
666 2276 791 2360 ἡγήτορι
807 2276 920 2362 Μέντῃ·

155 2371 156 2374 ¹
232 2384 283 2446 καί
296 2408 348 2463 μιν
364 2379 511 2462 φωνήσας
528 2380 602 2445 ἔπεα
618 2382 782 2462 πτερόεντα
797 2377 961 2462 προσηύδα·

232 2493 251 2522 “
257 2485 377 2568 Ἕκτορ,
394 2490 447 2548 νῦν
462 2484 500 2547 σὺ
515 2487 572 2565 μέν
586 2487 644 2548 ὦδε
660 2483 738 2550 θέεις
753 2484 883 2566 ἀκίχητα
895 2483 1021 2556 διώκων,
1150 2504 1179 2556 75

232 2593 342 2656 ἵππους
358 2590 504 2653 Αἰακίδαο
519 2587 691 2669 δαΐφρονος·
715 2591 744 2650 οἱ
759 2587 784 2650 δ’
800 2587 952 2668 ἀλεγεινοὶ
1063 2630 1067 2640 ι

233 2693 360 2774 ἀνδράσι
374 2719 410 2775 γε
425 2697 565 2771 θνητοῖσι
580 2690 745 2772 δαμήμεναι
761 2689 805 2769 ἠδ’
821 2688 976 2773 ὀχέεσθαι,

233 2798 318 2882 ἄλλῳ
335 2796 362 2879 γ’
378 2793 396 2875 ἢ
414 2796 549 2879 Ἀχιλῆϊ,
565 2802 618 2859 τὸν
634 2791 766 2872 ἀθανάτη
783 2793 850 2857 τέκε
864 2790 969 2873 μήτήρι

233 2903 332 2982 τόφρα
347 2899 380 2965 δέ
394 2926 441 2963 τοι
457 2898 627 2977 Μενέλαος,
642 2897 765 2978 Ἀρήϊος
780 2895 900 2977 Ἀτρέος
915 2897 987 2969 υἱός,

234 3006 401 3088 Πατρόκλῳ
417 3006 546 3083 περιβὰς
560 3003 672 3083 Τράων
687 3000 740 3064 τὸν
754 3000 878 3082 ἀριστον
894 2999 1016 3080 ἔπεφνε,
1149 3013 1181 3058 80

235 3106 408 3184 Πανθοΐδην
424 3107 599 3188 Εὔφορβον,
616 3107 731 3169 ἔπαυσε
746 3105 779 3170 δέ
795 3102 930 3184 θούριδος
946 3101 1067 3180 ἀλκῆς.”

271 3209 334 3276 Ὣς
350 3212 442 3274 εἰπὼν
458 3212 474 3273 δ
488 3213 544 3289 μὲν
559 3209 642 3274 αὖτις
658 3210 717 3288 ἔβη
733 3207 802 3273 θεδς
816 3205 857 3287 ἀμ
872 3207 968 3270 πόνον
983 3207 1106 3285 ἀνδρῶν,

231 3313 362 3394 Ἕκτορα
377 3313 401 3376 δ’
419 3313 503 3376 αῑνάν
518 3313 593 3395 ἀχος
607 3312 724 3376 πύκασε
738 3309 852 3392 φρένας
868 3306 946 3390 ἀμφὶ
960 3309 1114 3387 μελαίνας·

235 3416 390 3494 πάπτηνεν
401 3414 428 3480 δ’
445 3415 492 3497 ἀρ’
509 3416 613 3480 ἔπειτα
629 3417 705 3478 κατδ
721 3416 839 3496 στίχας,
854 3413 957 3476 αὐτίκα
972 3409 998 3475 δ’
1017 3412 1094 3494 ἔγνω

236 3521 288 3586 τὸν
302 3522 357 3600 μὲν
372 3519 573 3598 ἀπαινύμενον
589 3518 682 3582 κλυτὰ
697 3519 815 3601 τεύχεα,
827 3516 880 3580 τὸν
895 3515 922 3580 δ’
937 3516 989 3579 ἐπὶ
1002 3516 1075 3600 γαίη
1149 3529 1180 3591 85

237 3626 381 3702 κείμενον·
404 3623 483 3704 ἐρρει
499 3619 524 3686 δ’
541 3624 615 3702 αίμα
630 3619 694 3685 κατ’
710 3619 876 3699 οὐταμένην
891 3617 1029 3698 ὠτειλήν.

236 3733 279 3807 βῆ
296 3731 327 3792 δέ
346 3729 396 3790 διδ
410 3724 574 3808 προμάχων
590 3723 803 3805 κεκορυθμένος
819 3725 922 3787 αἴθοπι
937 3725 1052 3807 χαλκῷ,
