2908 4232
551 363 581 424 4.
605 349 840 410 οΔπΣΣΕιΑΣ
864 355 901 412 Δ.
1130 352 1193 435 5⁶3

286 512 349 582 Ὣς
365 515 465 597 ἔφατῖ,
480 500 663 598 Ἀσφαλίων
678 517 703 581 δ’
721 517 766 599 ἆρ’
782 519 858 600 ὕδωρ
874 519 923 582 ἐπὶ
938 524 1042 603 χεῖρας
1057 519 1170 602 ἔχευεν,

249 619 370 701 ὀτρηρὸς
388 620 525 700 θεράπων
541 619 701 685 Μενελάου
718 624 900 701 κυδαλίμοιο.

248 725 279 786 οἱ
294 722 319 786 δ’
335 723 381 787 ἔπ’
396 723 506 787 ὀνείαθ’
524 728 628 805 ἑτοῖμα
643 727 821 806 προκείμενα
835 732 938 810 χεῖρας
953 728 1071 793 ίαλλον.

288 825 373 890 Ἔνθ’
390 826 453 890 αὕτ’
472 826 543 890 ἄλλ’
560 827 662 907 ἔνόησ’
678 827 789 908 Ἑλένη
806 830 881 896 Διὸς
896 832 1064 913 ἐκγεγαυῖα·

249 929 341 992 αὐτίκ’
357 929 403 1013 ἄρ’
418 933 460 996 είς
477 932 558 995 οἶνον
573 931 656 1010 βάλε
671 933 838 1014 φάρμακον,
855 935 941 998 ἔνθεν
957 935 1069 1012 ἔπινον,
1146 963 1193 998 220

249 1033 395 1113 νηπενθές
410 1033 436 1096 τ’
450 1036 566 1118 ἄχολόν
581 1061 624 1113 τε,
639 1042 736 1100 κακῶν
751 1038 898 1115 ἐπίληθον
913 1036 1062 1102 ἁπάντων.

248 1136 281 1202 δς
295 1143 330 1200 τὸ
348 1138 574 1220 καταβρόξειεν,
588 1141 654 1204 ἐπεὶ
670 1144 792 1221 κρητῆρι
807 1143 917 1223 μιγείη,

248 1233 283 1303 ού
298 1268 350 1306 κεν
364 1242 525 1324 ἐφημέριός
539 1270 575 1326 γε
591 1243 685 1315 βάλοι
698 1243 772 1307 κατὰ
790 1243 880 1326 δάκρυ
895 1251 1034 1327 παρειῶν,

248 1344 308 1409 οὐδ’
323 1346 352 1409 εί
366 1349 393 1409 οἱ
410 1349 603 1424 κατατεθναίη
619 1346 718 1428 μήτηρ
730 1372 763 1410 τε
779 1346 874 1428 πατήρ
889 1374 932 1426 τε,

247 1447 308 1512 οὐδ’
325 1450 353 1511 εἴ
367 1451 396 1513 οἱ
411 1448 614 1532 προπάροιθεν
629 1453 779 1532 άδελφεόν
794 1447 812 1530 ἢ
829 1453 925 1532 φίλον
939 1455 1005 1516 υῖδν
1145 1480 1192 1528 225

246 1555 351 1636 χαλκῷ
368 1555 503 1637 δηϊάῳεν,
520 1555 536 1616 ό
552 1553 577 1618 δ’
594 1555 801 1635 ὀφθαλμοῖσιν
816 1556 920 1641 ὁρῷτο.

246 1661 312 1718 τοῖα
329 1662 403 1722 Διὸς
419 1657 547 1739 θυγάτηρ
564 1658 616 1740 ἔχε
631 1659 772 1739 φάρμακα
786 1661 952 1738 μητιόεντα,

245 1758 355 1838 ἐσθλά,
370 1759 407 1823 τά
422 1763 451 1824 οῖ
468 1761 652 1840 Πολύδαμνα
668 1763 770 1843 πόρεν,
785 1765 891 1828 Θῶνος
907 1762 1089 1845 παράκοιτις,

246 1863 403 1943 Αἰγυπτίη,
419 1867 454 1951 τῇ
471 1869 602 1928 πλεῖστα
618 1863 705 1944 φέρει
721 1865 855 1946 ζείδωρος
872 1866 983 1947 ἄρουρα

246 1966 398 2047 φάρμακα,
413 1971 517 2032 πολλὰ
532 1970 587 2046 μὲν
602 1968 701 2031 ἐσθλὰ
715 1970 889 2050 μεμιγμένα,
904 1970 1007 2034 πολλὰ
1024 1972 1056 2034 δὲ
1072 1970 1176 2053 λυγρά·

247 2072 346 2151 ἰητρὸς.
360 2073 393 2134 δὲ
408 2071 537 2136 ἔκαστος
553 2071 751 2152 ἐπιστάμενος
766 2074 832 2154 περὶ
849 2071 969 2138 πάντων
1143 2102 1189 2149 ²3¹

246 2175 419 2254 ἀνθρώπων·
443 2174 534 2256 ῆγδρ
550 2173 702 2252 Παιήονός
718 2177 777 2240 είσι
794 2175 948 2257 γενέθλης.

245 2277 336 2358 αὐτὰρ
352 2279 420 2342 ἔπεί
432 2279 462 2362 ῤ’
480 2277 583 2356 ἐνέηκε
598 2278 725 2342 κέλευσέ
740 2304 773 2343 τε
788 2282 974 2363 οἰνοχοῆσαι,

246 2378 362 2459 ἔξαῢτις
376 2383 516 2462 μύθοισιν
532 2383 719 2463 ἀμειβομένη
732 2383 932 2460 προσέειπεν·

289 2491 307 2519 “
317 2485 454 2566 Ἀτρείδη
472 2489 613 2550 Μενέλαε
628 2490 785 2568 διοτρεφὲς
799 2486 852 2565 ἠδὲ
868 2486 916 2550 καὶ
933 2490 996 2553 οίδε
1144 2518 1190 2566 ²35

246 2589 360 2669 ἀνδρῶν
375 2592 496 2654 ἔσθλῶν
512 2595 624 2656 παῖδες·
647 2591 721 2670 ιἰτδρ
738 2595 805 2655 θεὸς
820 2591 933 2656 άλλοτε
948 2593 1035 2678 ἄλλῳ
1154 2620 1156 2630 “

245 2693 319 2758 Ζεὺς
336 2695 452 2775 ἀγαθόν
466 2718 501 2755 τε
515 2695 607 2757 κακόν
622 2719 655 2758 τε
671 2699 756 2757 διδοῖ·
779 2694 900 2759 δύναται
915 2698 972 2778 γὰρ
989 2695 1114 2762 ἅπαντα·

244 2795 263 2874 ῆ
278 2821 324 2859 τοι
339 2802 392 2860 νῦν
411 2798 554 2860 δαίνυσθε
570 2796 731 2876 καθήμενοι
748 2800 781 2860 ἔν
794 2797 956 2881 μεγάροισι

245 2898 293 2963 καῖ
307 2901 411 2980 μύθοις
426 2900 582 2982 τέρπεσθε·
606 2902 725 2964 ἐοικότα
740 2900 797 2984 γὰρ
817 2902 948 2982 καταλέξ
973 2950 980 2965 .

243 3003 340 3066 πάντα
354 3004 478 3084 μὲνούκ
494 3004 531 3068 ἂν
547 3006 605 3086 ἔγδ
619 3007 791 3089 μυθήσομαι
806 3005 866 3070 οὐδ’
882 3006 1029 3087 ὀνομήνω,
1142 3038 1191 3086 ιηο

244 3108 335 3170 ὅσσοι
351 3107 523 3185 Ὀδυσσῆος
539 3111 764 3191 ταλασίφρονός
781 3112 864 3174 εἰσιν
875 3109 990 3174 ἄεθλοι·

243 3210 314 3273 ἀλλ’
330 3213 394 3274 οἷον
410 3211 470 3276 τόδ’
487 3211 571 3293 ἔρεξε
587 3211 635 3276 καῖ
651 3214 723 3292 ἔτλη
741 3219 879 3294 καρτερὸς
894 3213 968 3290 άνῆρ

243 3313 324 3398 δήμῳ
342 3315 387 3378 ἔνι
402 3316 523 3397 Τριόων,
539 3319 587 3379 ὅθι
602 3317 738 3400 πάσχετε
754 3315 862 3397 πήματ’
880 3316 1010 3399 Ἀχαιοί.

243 3418 334 3482 αιἰτόν
347 3444 398 3498 μιν
413 3423 569 3506 πληγῇσιν
587 3422 753 3506 ἀεικελίῃσι
769 3418 937 3500 δαμάσσας,

243 3527 352 3602 σπεῖρα
370 3522 431 3585 κάκ’
448 3523 523 3604 ἀμφ’
540 3525 648 3603 ὤμοισι
660 3525 776 3603 βαλών,
792 3526 871 3603 οἰκῆϊ
885 3527 998 3602 ἔοικιός,
1143 3558 1189 3608 ²45

242 3627 356 3707 ἀνδρῶν
372 3627 543 3705 δυσμενέων
559 3628 665 3693 κατέδυ
680 3630 771 3692 πόλιν
788 3629 972 3710 εὐρυάγυιαν·

241 3728 328 3814 άλλιρ
344 3729 369 3794 δ’
386 3730 475 3793 αὐτὸν
491 3729 569 3812 φωτὶ
586 3731 797 3812 κατακρύπτων
812 3730 910 3810 ἤϊσκε·
